<?xml version="1.0" encoding="UTF-8"?>
<!DOCTYPE html PUBLIC "-//W3C//DTD XHTML 1.0 Transitional//EN"
    "http://www.w3.org/TR/xhtml1/DTD/xhtml1-transitional.dtd">
<html xmlns="http://www.w3.org/1999/xhtml" xml:lang="en" lang="en">
 <head>
  <title>
</title>
<meta http-equiv="Content-Type" content="text/html;charset=utf-8" />
  <meta name='ocr-system' content='tesseract 3.04.00' />
  <meta name='ocr-capabilities' content='ocr_page ocr_carea ocr_par ocr_line ocrx_word'/>
</head>
<body>
  <div class='ocr_page' id='page_1' title='image "./jogottliebheine00haubgoog_0811.png"; bbox 0 0 3122 5162; ppageno 0'>
   <div class='ocr_carea' id='block_1_1' title="bbox 240 347 1074 474">
    <p class='ocr_par' dir='ltr' id='par_1_1' title="bbox 240 347 1074 474">
     <span class='ocr_line' id='line_1_1' title="bbox 240 347 1074 474; baseline -0.012 0"><span class='ocrx_word' id='word_1_1' title='bbox 240 347 312 474; x_wconf 79' lang='lat' dir='ltr'><strong>ul</strong></span> <span class='ocrx_word' id='word_1_2' title='bbox 433 399 441 408; x_wconf 87' lang='grc'>·</span> <span class='ocrx_word' id='word_1_3' title='bbox 527 361 589 466; x_wconf 65' lang='lat'><strong>.‘</strong></span> <span class='ocrx_word' id='word_1_4' title='bbox 656 379 1074 466; x_wconf 65' lang='lat' dir='ltr'><strong>maturantur.</strong></span> 
     </span>
    </p>
   </div>
   <div class='ocr_carea' id='block_1_2' title="bbox 137 561 1546 2912">
    <p class='ocr_par' dir='ltr' id='par_1_2' title="bbox 238 561 1493 1620">
     <span class='ocr_line' id='line_1_2' title="bbox 238 561 1493 660; baseline -0.01 -20"><span class='ocrx_word' id='word_1_5' title='bbox 238 582 326 660; x_wconf 71' lang='lat' dir='ltr'><strong>pere</strong></span> <span class='ocrx_word' id='word_1_6' title='bbox 342 586 436 659; x_wconf 72' lang='lat' dir='ltr'><strong>aqu</strong></span> <span class='ocrx_word' id='word_1_7' title='bbox 457 580 490 638; x_wconf 78' lang='lat' dir='ltr'><strong>a</strong></span> <span class='ocrx_word' id='word_1_8' title='bbox 508 561 641 637; x_wconf 72' lang='lat' dir='ltr'><strong>omma</strong></span> <span class='ocrx_word' id='word_1_9' title='bbox 659 576 771 656; x_wconf 66' lang='lat' dir='ltr'><strong>pepon</strong></span> <span class='ocrx_word' id='word_1_10' title='bbox 786 575 924 638; x_wconf 79' lang='lat' dir='ltr'><strong>amau</strong></span> <span class='ocrx_word' id='word_1_11' title='bbox 940 575 1110 656; x_wconf 75' lang='lat' dir='ltr'><strong>argutae,</strong></span> <span class='ocrx_word' id='word_1_12' title='bbox 1133 571 1362 654; x_wconf 75' lang='lat' dir='ltr'><strong>qoam-maur</strong></span> <span class='ocrx_word' id='word_1_13' title='bbox 1382 572 1428 640; x_wconf 79' lang='lat' dir='ltr'><strong>a,</strong></span> <span class='ocrx_word' id='word_1_14' title='bbox 1447 573 1493 648; x_wconf 73' lang='lat' dir='ltr'><strong>qu</strong></span> 
     </span>
     <span class='ocr_line' id='line_1_3' title="bbox 239 675 1492 768; baseline -0.008 -22"><span class='ocrx_word' id='word_1_15' title='bbox 239 707 299 768; x_wconf 89' lang='lat' dir='ltr'><strong>per</strong></span> <span class='ocrx_word' id='word_1_16' title='bbox 317 689 378 746; x_wconf 76' lang='lat' dir='ltr'><strong>oin</strong></span> <span class='ocrx_word' id='word_1_17' title='bbox 395 680 604 746; x_wconf 70' lang='lat' dir='ltr'><strong>multitudinis</strong></span> <span class='ocrx_word' id='word_1_18' title='bbox 622 702 687 742; x_wconf 89' lang='lat' dir='ltr'><strong>rem</strong></span> <span class='ocrx_word' id='word_1_19' title='bbox 699 675 742 742; x_wconf 85' lang='lat' dir='ltr'><strong>ad</strong></span> <span class='ocrx_word' id='word_1_20' title='bbox 750 683 930 744; x_wconf 66' lang='lat' dir='ltr'><strong>sednionmu</strong></span> <span class='ocrx_word' id='word_1_21' title='bbox 946 683 1073 742; x_wconf 85' lang='lat' dir='ltr'><strong>uocauit.</strong></span> <span class='ocrx_word' id='word_1_22' title='bbox 1096 679 1225 741; x_wconf 82' lang='lat' dir='ltr'><strong>Auctor</strong></span> <span class='ocrx_word' id='word_1_23' title='bbox 1240 675 1286 739; x_wconf 84' lang='lat' dir='ltr'><strong>ad</strong></span> <span class='ocrx_word' id='word_1_24' title='bbox 1302 677 1492 737; x_wconf 77' lang='lat' dir='ltr'><strong><em>Herennium</em></strong></span> 
     </span>
     <span class='ocr_line' id='line_1_4' title="bbox 243 785 1493 872; baseline -0.008 -20"><span class='ocrx_word' id='word_1_25' title='bbox 243 792 287 852; x_wconf 90' lang='lat' dir='ltr'><strong>II.</strong></span> <span class='ocrx_word' id='word_1_26' title='bbox 301 790 351 852; x_wconf 79' lang='lat'><strong>12.</strong></span> <span class='ocrx_word' id='word_1_27' title='bbox 366 794 563 872; x_wconf 80' lang='lat' dir='ltr'><strong>majestatum</strong></span> <span class='ocrx_word' id='word_1_28' title='bbox 579 795 606 850; x_wconf 88' lang='lat' dir='ltr'><strong>is</strong></span> <span class='ocrx_word' id='word_1_29' title='bbox 623 791 744 860; x_wconf 77' lang='lat' dir='ltr'><strong>minuit,</strong></span> <span class='ocrx_word' id='word_1_30' title='bbox 763 793 819 868; x_wconf 83' lang='lat' dir='ltr'><strong>qui</strong></span> <span class='ocrx_word' id='word_1_31' title='bbox 830 807 867 848; x_wconf 88' lang='lat' dir='ltr'><strong>ea</strong></span> <span class='ocrx_word' id='word_1_32' title='bbox 882 790 970 860; x_wconf 83' lang='lat' dir='ltr'><strong>tollit,</strong></span> <span class='ocrx_word' id='word_1_33' title='bbox 992 809 1034 848; x_wconf 82' lang='lat' dir='ltr'><strong>ea</strong></span> <span class='ocrx_word' id='word_1_34' title='bbox 1053 789 1163 868; x_wconf 79' lang='lat' dir='ltr'><strong>quibus</strong></span> <span class='ocrx_word' id='word_1_35' title='bbox 1176 787 1312 847; x_wconf 72' lang='lat' dir='ltr'><strong>crm&#39;tatis</strong></span> <span class='ocrx_word' id='word_1_36' title='bbox 1331 785 1493 863; x_wconf 78' lang='lat' dir='ltr'><strong><em>amplitudo</em></strong></span> 
     </span>
     <span class='ocr_line' id='line_1_5' title="bbox 244 892 1493 979; baseline -0.007 -20"><span class='ocrx_word' id='word_1_37' title='bbox 244 908 374 958; x_wconf 87' lang='lat' dir='ltr'><strong>constat.</strong></span> <span class='ocrx_word' id='word_1_38' title='bbox 397 899 439 958; x_wconf 93' lang='lat' dir='ltr'><strong>Et</strong></span> <span class='ocrx_word' id='word_1_39' title='bbox 456 897 569 979; x_wconf 93' lang='lat' dir='ltr'><strong>paullo</strong></span> <span class='ocrx_word' id='word_1_40' title='bbox 591 897 683 978; x_wconf 81' lang='lat' dir='ltr'><strong>post:</strong></span> <span class='ocrx_word' id='word_1_41' title='bbox 704 898 900 976; x_wconf 83' lang='lat' dir='ltr'><strong>majestatem</strong></span> <span class='ocrx_word' id='word_1_42' title='bbox 916 900 942 955; x_wconf 82' lang='lat' dir='ltr'><strong>ts</strong></span> <span class='ocrx_word' id='word_1_43' title='bbox 958 896 1084 966; x_wconf 76' lang='lat' dir='ltr'><strong>minuit,</strong></span> <span class='ocrx_word' id='word_1_44' title='bbox 1105 898 1163 974; x_wconf 88' lang='lat' dir='ltr'><strong>qui</strong></span> <span class='ocrx_word' id='word_1_45' title='bbox 1174 892 1412 972; x_wconf 70' lang='lat' dir='ltr'><strong>amplitudinem</strong></span> <span class='ocrx_word' id='word_1_46' title='bbox 1427 893 1493 950; x_wconf 84' lang='lat' dir='ltr'><strong>eiai-</strong></span> 
     </span>
     <span class='ocr_line' id='line_1_6' title="bbox 243 997 1493 1086; baseline -0.006 -20"><span class='ocrx_word' id='word_1_47' title='bbox 243 1009 318 1066; x_wconf 83' lang='lat' dir='ltr'><strong>tatis</strong></span> <span class='ocrx_word' id='word_1_48' title='bbox 337 1005 521 1066; x_wconf 84' lang='lat' dir='ltr'><strong>detrimento</strong></span> <span class='ocrx_word' id='word_1_49' title='bbox 543 1005 659 1085; x_wconf 80' lang='lat' dir='ltr'><strong>adfluit.</strong></span> <span class='ocrx_word' id='word_1_50' title='bbox 682 1001 918 1086; x_wconf 81' lang='lat' dir='ltr'><strong>Quaecumque</strong></span> <span class='ocrx_word' id='word_1_51' title='bbox 934 1021 1015 1086; x_wconf 84' lang='lat' dir='ltr'><strong>ergo</strong></span> <span class='ocrx_word' id='word_1_52' title='bbox 1038 999 1232 1085; x_wconf 89' lang='lat' dir='ltr'><strong>autpopulo</strong></span> <span class='ocrx_word' id='word_1_53' title='bbox 1249 1005 1306 1060; x_wconf 87' lang='lat' dir='ltr'><strong>aut</strong></span> <span class='ocrx_word' id='word_1_54' title='bbox 1329 997 1493 1081; x_wconf 85' lang='lat' dir='ltr'><strong>magistra-</strong></span> 
     </span>
     <span class='ocr_line' id='line_1_7' title="bbox 246 1093 1493 1194; baseline -0.007 -20"><span class='ocrx_word' id='word_1_55' title='bbox 246 1111 334 1174; x_wconf 91' lang='lat' dir='ltr'><strong>tibus</strong></span> <span class='ocrx_word' id='word_1_56' title='bbox 364 1111 490 1173; x_wconf 87' lang='lat' dir='ltr'><strong>directo</strong></span> <span class='ocrx_word' id='word_1_57' title='bbox 513 1109 622 1173; x_wconf 85' lang='lat' dir='ltr'><strong>factae</strong></span> <span class='ocrx_word' id='word_1_58' title='bbox 649 1118 743 1173; x_wconf 90' lang='lat' dir='ltr'><strong>eraut</strong></span> <span class='ocrx_word' id='word_1_59' title='bbox 771 1093 931 1194; x_wconf 79' lang='lat' dir='ltr'><strong>injuriae,</strong></span> <span class='ocrx_word' id='word_1_60' title='bbox 960 1129 1112 1194; x_wconf 89' lang='lat' dir='ltr'><strong>quaeque</strong></span> <span class='ocrx_word' id='word_1_61' title='bbox 1139 1107 1194 1170; x_wconf 86' lang='lat' dir='ltr'><strong>vel</strong></span> <span class='ocrx_word' id='word_1_62' title='bbox 1221 1104 1421 1188; x_wconf 86' lang='lat' dir='ltr'><strong>dignitatem</strong></span> <span class='ocrx_word' id='word_1_63' title='bbox 1443 1103 1493 1165; x_wconf 87' lang='lat' dir='ltr'><strong>vel</strong></span> 
     </span>
     <span class='ocr_line' id='line_1_8' title="bbox 246 1212 1493 1301; baseline -0.006 -21"><span class='ocrx_word' id='word_1_64' title='bbox 246 1217 454 1280; x_wconf 78' lang='lat' dir='ltr'><strong>securitatem</strong></span> <span class='ocrx_word' id='word_1_65' title='bbox 479 1217 595 1301; x_wconf 92' lang='lat' dir='ltr'><strong>populi</strong></span> <span class='ocrx_word' id='word_1_66' title='bbox 618 1217 763 1282; x_wconf 87' lang='lat' dir='ltr'><strong>Romani</strong></span> <span class='ocrx_word' id='word_1_67' title='bbox 784 1215 921 1280; x_wconf 87' lang='lat' dir='ltr'><strong>laedere</strong></span> <span class='ocrx_word' id='word_1_68' title='bbox 948 1216 1165 1297; x_wconf 86' lang='lat' dir='ltr'><strong>videbantur,</strong></span> <span class='ocrx_word' id='word_1_69' title='bbox 1184 1233 1232 1276; x_wconf 42' lang='lat' dir='ltr'><strong>rea</strong></span> <span class='ocrx_word' id='word_1_70' title='bbox 1253 1213 1306 1277; x_wconf 84' lang='lat' dir='ltr'><strong>ad·</strong></span> <span class='ocrx_word' id='word_1_71' title='bbox 1322 1212 1493 1297; x_wconf 84' lang='lat' dir='ltr'><strong>majestatis</strong></span> 
     </span>
     <span class='ocr_line' id='line_1_9' title="bbox 246 1325 606 1410; baseline -0.011 -20"><span class='ocrx_word' id='word_1_72' title='bbox 246 1327 368 1390; x_wconf 81' lang='lat' dir='ltr'><strong>erbnen</strong></span> <span class='ocrx_word' id='word_1_73' title='bbox 384 1325 606 1410; x_wconf 87' lang='lat' dir='ltr'><strong>pertinebant.</strong></span> 
     </span>
     <span class='ocr_line' id='line_1_10' title="bbox 824 1431 922 1514; baseline -0.01 -19"><span class='ocrx_word' id='word_1_74' title='bbox 824 1433 853 1514; x_wconf 64' lang='lat' dir='ltr'><strong>§m</strong></span> <span class='ocrx_word' id='word_1_75' title='bbox 870 1431 922 1495; x_wconf 78' lang='lat'><strong>47.</strong></span> 
     </span>
     <span class='ocr_line' id='line_1_11' title="bbox 676 1549 1076 1620; baseline 0 -20"><span class='ocrx_word' id='word_1_76' title='bbox 676 1549 760 1618; x_wconf 74' lang='lat' dir='ltr'><strong>Lepos</strong></span> <span class='ocrx_word' id='word_1_77' title='bbox 776 1549 867 1600; x_wconf 71' lang='lat' dir='ltr'><strong>simae</strong></span> <span class='ocrx_word' id='word_1_78' title='bbox 881 1549 914 1600; x_wconf 80' lang='lat' dir='ltr'><strong>de</strong></span> <span class='ocrx_word' id='word_1_79' title='bbox 933 1549 1076 1620; x_wconf 71' lang='lat' dir='ltr'><strong>majestate.</strong></span> 
     </span>
    </p>

    <p class='ocr_par' dir='ltr' id='par_1_3' title="bbox 137 1644 1546 2912">
     <span class='ocr_line' id='line_1_12' title="bbox 137 1644 1494 1736; baseline -0.007 -20"><span class='ocrx_word' id='word_1_80' title='bbox 137 1733 140 1736; x_wconf 21' lang='grc' dir='ltr'>Ι</span> <span class='ocrx_word' id='word_1_81' title='bbox 330 1651 473 1715; x_wconf 85' lang='lat' dir='ltr'><strong>Primam</strong></span> <span class='ocrx_word' id='word_1_82' title='bbox 501 1648 543 1713; x_wconf 88' lang='lat' dir='ltr'><strong>de</strong></span> <span class='ocrx_word' id='word_1_83' title='bbox 573 1665 770 1714; x_wconf 75' lang='lat' dir='ltr'><strong>unrus&#39;rsrn</strong></span> <span class='ocrx_word' id='word_1_84' title='bbox 797 1648 908 1732; x_wconf 87' lang='lat' dir='ltr'><strong>legem</strong></span> <span class='ocrx_word' id='word_1_85' title='bbox 930 1650 1001 1732; x_wconf 89' lang='lat' dir='ltr'><strong>ipse</strong></span> <span class='ocrx_word' id='word_1_86' title='bbox 1027 1645 1188 1712; x_wconf 90' lang='lat' dir='ltr'><strong>Romulus</strong></span> <span class='ocrx_word' id='word_1_87' title='bbox 1217 1644 1334 1708; x_wconf 87' lang='lat' dir='ltr'><strong>tulisse</strong></span> <span class='ocrx_word' id='word_1_88' title='bbox 1359 1644 1494 1724; x_wconf 86' lang='lat' dir='ltr'><strong>videtur,</strong></span> 
     </span>
     <span class='ocr_line' id='line_1_13' title="bbox 249 1751 1546 1846; baseline -0.005 -25"><span class='ocrx_word' id='word_1_89' title='bbox 249 1759 373 1842; x_wconf 90' lang='lat' dir='ltr'><strong>quippe</strong></span> <span class='ocrx_word' id='word_1_90' title='bbox 390 1759 457 1843; x_wconf 89' lang='lat' dir='ltr'><strong>qui,</strong></span> <span class='ocrx_word' id='word_1_91' title='bbox 475 1765 561 1820; x_wconf 86' lang='lat' dir='ltr'><strong>teste</strong></span> <span class='ocrx_word' id='word_1_92' title='bbox 576 1755 745 1840; x_wconf 87' lang='lat' dir='ltr'><strong>Dionysio</strong></span> <span class='ocrx_word' id='word_1_93' title='bbox 760 1757 870 1820; x_wconf 82' lang='lat' dir='ltr'><strong>Halia.</strong></span> <span class='ocrx_word' id='word_1_94' title='bbox 886 1757 974 1820; x_wconf 81' lang='lat' dir='ltr'><strong>Rom</strong></span> <span class='ocrx_word' id='word_1_95' title='bbox 992 1753 1281 1837; x_wconf 68' lang='lat' dir='ltr'><strong>Antiquarum.</strong></span> <span class='ocrx_word' id='word_1_96' title='bbox 1302 1751 1495 1836; x_wconf 71' lang='lat' dir='ltr'><strong>proditores,</strong></span> <span class='ocrx_word' id='word_1_97' title='bbox 1545 1795 1546 1846; x_wconf 57' lang='lat' dir='ltr'><strong>q</strong></span> 
     </span>
     <span class='ocr_line' id='line_1_14' title="bbox 250 1860 1546 1949; baseline -0.002 -21"><span class='ocrx_word' id='word_1_98' title='bbox 250 1874 415 1949; x_wconf 85' lang='lat' dir='ltr'><strong>tamquam</strong></span> <span class='ocrx_word' id='word_1_99' title='bbox 432 1865 503 1933; x_wconf 87' lang='lat' dir='ltr'><strong>Diti</strong></span> <span class='ocrx_word' id='word_1_100' title='bbox 526 1872 745 1945; x_wconf 89' lang='lat' dir='ltr'><strong>consecratos,</strong></span> <span class='ocrx_word' id='word_1_101' title='bbox 762 1887 781 1926; x_wconf 89' lang='lat' dir='ltr'><strong>a</strong></span> <span class='ocrx_word' id='word_1_102' title='bbox 796 1885 1003 1948; x_wconf 88' lang='lat' dir='ltr'><strong>quocumque</strong></span> <span class='ocrx_word' id='word_1_103' title='bbox 1020 1862 1128 1926; x_wconf 89' lang='lat' dir='ltr'><strong>occidi</strong></span> <span class='ocrx_word' id='word_1_104' title='bbox 1150 1860 1308 1944; x_wconf 84' lang='lat' dir='ltr'><strong>permisit.</strong></span> <span class='ocrx_word' id='word_1_105' title='bbox 1330 1860 1449 1922; x_wconf 87' lang='lat' dir='ltr'><strong>Postea</strong></span> <span class='ocrx_word' id='word_1_106' title='bbox 1464 1867 1496 1920; x_wconf 87' lang='lat' dir='ltr'><strong>et</strong></span> <span class='ocrx_word' id='word_1_107' title='bbox 1545 1921 1546 1926; x_wconf 73' lang='grc'>,</span> 
     </span>
     <span class='ocr_line' id='line_1_15' title="bbox 251 1953 1500 2060; baseline -0.005 -26"><span class='ocrx_word' id='word_1_108' title='bbox 251 1973 325 2034; x_wconf 88' lang='lat' dir='ltr'><strong>XII</strong></span> <span class='ocrx_word' id='word_1_109' title='bbox 341 1972 480 2036; x_wconf 88' lang='lat' dir='ltr'><strong>Tabulis</strong></span> <span class='ocrx_word' id='word_1_110' title='bbox 498 1983 626 2036; x_wconf 90' lang='lat' dir='ltr'><strong>cautum</strong></span> <span class='ocrx_word' id='word_1_111' title='bbox 650 1981 716 2052; x_wconf 89' lang='lat' dir='ltr'><strong>est,</strong></span> <span class='ocrx_word' id='word_1_112' title='bbox 734 1984 788 2052; x_wconf 87' lang='lat' dir='ltr'><strong>ut,</strong></span> <span class='ocrx_word' id='word_1_113' title='bbox 805 1972 831 2034; x_wconf 90' lang='lat' dir='ltr'><strong>si</strong></span> <span class='ocrx_word' id='word_1_114' title='bbox 847 1973 975 2060; x_wconf 85' lang='lat' dir='ltr'><strong>quisin</strong></span> <span class='ocrx_word' id='word_1_115' title='bbox 996 1972 1077 2034; x_wconf 90' lang='lat' dir='ltr'><strong>urbe</strong></span> <span class='ocrx_word' id='word_1_116' title='bbox 1101 1977 1214 2032; x_wconf 86' lang='lat' dir='ltr'><strong>coetus</strong></span> <span class='ocrx_word' id='word_1_117' title='bbox 1230 1953 1405 2030; x_wconf 82' lang='lat' dir='ltr'><strong>nocturnos</strong></span> <span class='ocrx_word' id='word_1_118' title='bbox 1426 1966 1500 2049; x_wconf 85' lang='lat' dir='ltr'><strong>agi·</strong></span> 
     </span>
     <span class='ocr_line' id='line_1_16' title="bbox 252 2063 1546 2164; baseline -0.007 -21"><span class='ocrx_word' id='word_1_119' title='bbox 252 2087 362 2161; x_wconf 73' lang='lat' dir='ltr'><strong>lasset,</strong></span> <span class='ocrx_word' id='word_1_120' title='bbox 379 2081 487 2164; x_wconf 88' lang='lat' dir='ltr'><strong>capite</strong></span> <span class='ocrx_word' id='word_1_121' title='bbox 510 2081 728 2163; x_wconf 87' lang='lat' dir='ltr'><strong>plecteretur:</strong></span> <span class='ocrx_word' id='word_1_122' title='bbox 747 2079 885 2142; x_wconf 88' lang='lat' dir='ltr'><strong>Porcius</strong></span> <span class='ocrx_word' id='word_1_123' title='bbox 901 2081 1001 2142; x_wconf 84' lang='lat' dir='ltr'><strong>Latro</strong></span> <span class='ocrx_word' id='word_1_124' title='bbox 1017 2075 1190 2140; x_wconf 83' lang='lat' dir='ltr'><strong>Declamat.</strong></span> <span class='ocrx_word' id='word_1_125' title='bbox 1204 2084 1318 2137; x_wconf 88' lang='lat' dir='ltr'><strong>eontra</strong></span> <span class='ocrx_word' id='word_1_126' title='bbox 1339 2075 1501 2136; x_wconf 81' lang='lat' dir='ltr'><strong>Catilinam</strong></span> <span class='ocrx_word' id='word_1_127' title='bbox 1545 2063 1546 2134; x_wconf 74' lang='lat' dir='ltr'><strong>l</strong></span> 
     </span>
     <span class='ocr_line' id='line_1_17' title="bbox 251 2179 1546 2262; baseline -0.006 -12"><span class='ocrx_word' id='word_1_128' title='bbox 251 2210 276 2251; x_wconf 89' lang='lat' dir='ltr'><strong>a.</strong></span> <span class='ocrx_word' id='word_1_129' title='bbox 293 2187 417 2252; x_wconf 78' lang='lat' dir='ltr'><strong>.19.,1n</strong></span> <span class='ocrx_word' id='word_1_130' title='bbox 439 2187 554 2251; x_wconf 88' lang='lat' dir='ltr'><strong>iisdem</strong></span> <span class='ocrx_word' id='word_1_131' title='bbox 578 2187 698 2251; x_wconf 87' lang='lat' dir='ltr'><strong>tabulis</strong></span> <span class='ocrx_word' id='word_1_132' title='bbox 723 2186 781 2250; x_wconf 83' lang='lat' dir='ltr'><strong>lex</strong></span> <span class='ocrx_word' id='word_1_133' title='bbox 807 2188 975 2250; x_wconf 84' lang='lat' dir='ltr'><strong>exstabat:</strong></span> <span class='ocrx_word' id='word_1_134' title='bbox 1002 2203 1060 2262; x_wconf 80' lang='lat' dir='ltr'><strong>Qui</strong></span> <span class='ocrx_word' id='word_1_135' title='bbox 1083 2201 1220 2248; x_wconf 76' lang='lat' dir='ltr'><strong>nosram</strong></span> <span class='ocrx_word' id='word_1_136' title='bbox 1242 2199 1500 2260; x_wconf 76' lang='lat' dir='ltr'><strong>conorrnvsmr,</strong></span> <span class='ocrx_word' id='word_1_137' title='bbox 1545 2179 1546 2258; x_wconf 51' lang='grc' dir='ltr'><strong>ἴ</strong></span> 
     </span>
     <span class='ocr_line' id='line_1_18' title="bbox 253 2288 1546 2377; baseline -0.005 -19"><span class='ocrx_word' id='word_1_138' title='bbox 253 2313 354 2370; x_wconf 77' lang='lat' dir='ltr'><strong>Quive</strong></span> <span class='ocrx_word' id='word_1_139' title='bbox 376 2313 477 2358; x_wconf 85' lang='lat' dir='ltr'><strong>crvun</strong></span> <span class='ocrx_word' id='word_1_140' title='bbox 499 2313 602 2360; x_wconf 83' lang='lat' dir='ltr'><strong>nosrr</strong></span> <span class='ocrx_word' id='word_1_141' title='bbox 624 2311 850 2377; x_wconf 79' lang='lat' dir='ltr'><strong>ranoroanrr,</strong></span> <span class='ocrx_word' id='word_1_142' title='bbox 873 2311 993 2358; x_wconf 81' lang='lat' dir='ltr'><strong>cnrrrn</strong></span> <span class='ocrx_word' id='word_1_143' title='bbox 1019 2309 1183 2357; x_wconf 79' lang='lat' dir='ltr'><strong>nuntron:</strong></span> <span class='ocrx_word' id='word_1_144' title='bbox 1205 2291 1242 2350; x_wconf 84' lang='lat' dir='ltr'><strong>L.</strong></span> <span class='ocrx_word' id='word_1_145' title='bbox 1260 2288 1290 2351; x_wconf 86' lang='grc'><strong>3.</strong></span> <span class='ocrx_word' id='word_1_146' title='bbox 1311 2293 1353 2352; x_wconf 83' lang='grc' dir='ltr'><strong>Ι).</strong></span> <span class='ocrx_word' id='word_1_147' title='bbox 1370 2291 1414 2352; x_wconf 87' lang='lat' dir='ltr'><strong>ad</strong></span> <span class='ocrx_word' id='word_1_148' title='bbox 1430 2291 1501 2370; x_wconf 81' lang='lat' dir='ltr'><strong>Leg.</strong></span> <span class='ocrx_word' id='word_1_149' title='bbox 1545 2293 1546 2368; x_wconf 56' lang='grc' dir='ltr'>ᾗ</span> 
     </span>
     <span class='ocr_line' id='line_1_19' title="bbox 252 2397 1502 2486; baseline -0.005 -23"><span class='ocrx_word' id='word_1_150' title='bbox 252 2403 315 2464; x_wconf 91' lang='lat' dir='ltr'><strong>Jul.</strong></span> <span class='ocrx_word' id='word_1_151' title='bbox 335 2405 456 2486; x_wconf 80' lang='lat' dir='ltr'><strong>majest.</strong></span> <span class='ocrx_word' id='word_1_152' title='bbox 479 2403 523 2466; x_wconf 89' lang='lat' dir='ltr'><strong>Et</strong></span> <span class='ocrx_word' id='word_1_153' title='bbox 537 2403 615 2466; x_wconf 92' lang='lat' dir='ltr'><strong>inde</strong></span> <span class='ocrx_word' id='word_1_154' title='bbox 630 2402 750 2466; x_wconf 82' lang='lat' dir='ltr'><strong>factum</strong></span> <span class='ocrx_word' id='word_1_155' title='bbox 767 2401 909 2483; x_wconf 84' lang='lat' dir='ltr'><strong>videtur,</strong></span> <span class='ocrx_word' id='word_1_156' title='bbox 925 2410 961 2464; x_wconf 91' lang='lat' dir='ltr'><strong>ut</strong></span> <span class='ocrx_word' id='word_1_157' title='bbox 978 2410 1095 2485; x_wconf 89' lang='lat' dir='ltr'><strong>postea</strong></span> <span class='ocrx_word' id='word_1_158' title='bbox 1115 2401 1202 2462; x_wconf 88' lang='lat' dir='ltr'><strong>inter</strong></span> <span class='ocrx_word' id='word_1_159' title='bbox 1217 2397 1342 2461; x_wconf 88' lang='lat' dir='ltr'><strong>crimen</strong></span> <span class='ocrx_word' id='word_1_160' title='bbox 1358 2400 1502 2480; x_wconf 79' lang='lat' dir='ltr'><strong>majesta-</strong></span> 
     </span>
     <span class='ocr_line' id='line_1_20' title="bbox 251 2505 1501 2592; baseline -0.005 -20"><span class='ocrx_word' id='word_1_161' title='bbox 251 2515 290 2572; x_wconf 89' lang='lat' dir='ltr'><strong>tis</strong></span> <span class='ocrx_word' id='word_1_162' title='bbox 314 2521 349 2572; x_wconf 89' lang='lat' dir='ltr'><strong>et</strong></span> <span class='ocrx_word' id='word_1_163' title='bbox 364 2511 587 2591; x_wconf 69' lang='lat' dir='ltr'><strong>perduellionis</strong></span> <span class='ocrx_word' id='word_1_164' title='bbox 608 2510 865 2592; x_wconf 87' lang='lat' dir='ltr'><strong>distingueretur</strong></span> <span class='ocrx_word' id='word_1_165' title='bbox 876 2515 929 2590; x_wconf 83' lang='lat'>¹²¹).</span> <span class='ocrx_word' id='word_1_166' title='bbox 950 2507 1071 2572; x_wconf 91' lang='lat' dir='ltr'><strong>Paullo</strong></span> <span class='ocrx_word' id='word_1_167' title='bbox 1094 2505 1258 2591; x_wconf 90' lang='lat' dir='ltr'><strong>postlata</strong></span> <span class='ocrx_word' id='word_1_168' title='bbox 1280 2505 1340 2568; x_wconf 83' lang='lat' dir='ltr'><strong>lex</strong></span> <span class='ocrx_word' id='word_1_169' title='bbox 1357 2521 1501 2584; x_wconf 74' lang='lat' dir='ltr'><strong>unarum,</strong></span> 
     </span>
     <span class='ocr_line' id='line_1_21' title="bbox 252 2601 1546 2700; baseline -0.006 -20"><span class='ocrx_word' id='word_1_170' title='bbox 252 2618 400 2680; x_wconf 87' lang='lat' dir='ltr'><strong>incertae</strong></span> <span class='ocrx_word' id='word_1_171' title='bbox 417 2617 549 2700; x_wconf 91' lang='lat' dir='ltr'><strong>quidem</strong></span> <span class='ocrx_word' id='word_1_172' title='bbox 566 2601 683 2680; x_wconf 85' lang='lat' dir='ltr'><strong>aetatis</strong></span> <span class='ocrx_word' id='word_1_173' title='bbox 698 2623 745 2698; x_wconf 82' lang='lat'>¹¹),</span> <span class='ocrx_word' id='word_1_174' title='bbox 761 2617 818 2680; x_wconf 89' lang='lat' dir='ltr'><strong>sed</strong></span> <span class='ocrx_word' id='word_1_175' title='bbox 835 2617 911 2680; x_wconf 90' lang='lat' dir='ltr'><strong>satis</strong></span> <span class='ocrx_word' id='word_1_176' title='bbox 931 2624 1051 2697; x_wconf 85' lang='lat' dir='ltr'><strong>tamen,</strong></span> <span class='ocrx_word' id='word_1_177' title='bbox 1067 2624 1103 2678; x_wconf 91' lang='lat' dir='ltr'><strong>ut</strong></span> <span class='ocrx_word' id='word_1_178' title='bbox 1120 2613 1259 2694; x_wconf 89' lang='lat' dir='ltr'><strong>videtur,</strong></span> <span class='ocrx_word' id='word_1_179' title='bbox 1276 2613 1430 2696; x_wconf 89' lang='lat' dir='ltr'><strong>antiqua,</strong></span> <span class='ocrx_word' id='word_1_180' title='bbox 1445 2634 1501 2695; x_wconf 87' lang='lat' dir='ltr'><strong>qua</strong></span> <span class='ocrx_word' id='word_1_181' title='bbox 1545 2651 1546 2662; x_wconf 44' lang='lat'>1</span> 
     </span>
     <span class='ocr_line' id='line_1_22' title="bbox 254 2703 1546 2805; baseline -0.005 -19"><span class='ocrx_word' id='word_1_182' title='bbox 254 2732 381 2786; x_wconf 89' lang='lat' dir='ltr'><strong>cautum</strong></span> <span class='ocrx_word' id='word_1_183' title='bbox 406 2731 470 2799; x_wconf 87' lang='lat' dir='ltr'><strong>est,</strong></span> <span class='ocrx_word' id='word_1_184' title='bbox 492 2733 543 2796; x_wconf 91' lang='lat' dir='ltr'><strong>ut,</strong></span> <span class='ocrx_word' id='word_1_185' title='bbox 564 2727 619 2805; x_wconf 85' lang='lat' dir='ltr'><strong>qui</strong></span> <span class='ocrx_word' id='word_1_186' title='bbox 634 2729 778 2786; x_wconf 79' lang='lat' dir='ltr'><strong>coitiones</strong></span> <span class='ocrx_word' id='word_1_187' title='bbox 799 2727 883 2786; x_wconf 78' lang='lat' dir='ltr'><strong>acilas</strong></span> <span class='ocrx_word' id='word_1_188' title='bbox 910 2725 1118 2786; x_wconf 86' lang='lat' dir='ltr'><strong>clandestinas</strong></span> <span class='ocrx_word' id='word_1_189' title='bbox 1144 2725 1177 2784; x_wconf 88' lang='lat' dir='ltr'><strong>in</strong></span> <span class='ocrx_word' id='word_1_190' title='bbox 1199 2722 1275 2782; x_wconf 82' lang='lat' dir='ltr'><strong>urbe</strong></span> <span class='ocrx_word' id='word_1_191' title='bbox 1298 2723 1502 2796; x_wconf 85' lang='lat' dir='ltr'><strong>conflavisset,</strong></span> <span class='ocrx_word' id='word_1_192' title='bbox 1545 2703 1546 2706; x_wconf 8' lang='grc' dir='ltr'><strong>Ἴ</strong></span> 
     </span>
     <span class='ocr_line' id='line_1_23' title="bbox 252 2827 1546 2912; baseline -0.002 -22"><span class='ocrx_word' id='word_1_193' title='bbox 252 2851 338 2892; x_wconf 88' lang='lat' dir='ltr'><strong>more</strong></span> <span class='ocrx_word' id='word_1_194' title='bbox 355 2833 508 2912; x_wconf 67' lang='lat' dir='ltr'><strong>majorum</strong></span> <span class='ocrx_word' id='word_1_195' title='bbox 530 2833 660 2912; x_wconf 87' lang='lat' dir='ltr'><strong>capitali</strong></span> <span class='ocrx_word' id='word_1_196' title='bbox 669 2834 817 2912; x_wconf 88' lang='lat' dir='ltr'><strong>supplicio</strong></span> <span class='ocrx_word' id='word_1_197' title='bbox 837 2834 1059 2892; x_wconf 81' lang='lat' dir='ltr'><strong>mulctaretur:</strong></span> <span class='ocrx_word' id='word_1_198' title='bbox 1083 2830 1219 2892; x_wconf 90' lang='lat' dir='ltr'><strong>Porcius</strong></span> <span class='ocrx_word' id='word_1_199' title='bbox 1233 2827 1336 2890; x_wconf 85' lang='lat' dir='ltr'><strong>Latro</strong></span> <span class='ocrx_word' id='word_1_200' title='bbox 1361 2830 1435 2888; x_wconf 85' lang='lat' dir='ltr'><strong>ibid.</strong></span> <span class='ocrx_word' id='word_1_201' title='bbox 1457 2828 1504 2888; x_wconf 79' lang='lat' dir='ltr'><strong>Es</strong></span> <span class='ocrx_word' id='word_1_202' title='bbox 1545 2861 1546 2880; x_wconf 57' lang='lat'>1</span> 
     </span>
    </p>
   </div>
   <div class='ocr_carea' id='block_1_3' title="bbox 165 2926 1546 4647">
    <p class='ocr_par' dir='ltr' id='par_1_4' title="bbox 165 2926 1546 4647">
     <span class='ocr_line' id='line_1_24' title="bbox 255 2926 1506 3026; baseline -0.003 -27"><span class='ocrx_word' id='word_1_203' title='bbox 255 2944 448 3026; x_wconf 65' lang='lat' dir='ltr'><strong>quospatet,</strong></span> <span class='ocrx_word' id='word_1_204' title='bbox 465 2935 641 3000; x_wconf 87' lang='lat' dir='ltr'><strong>Gabinium</strong></span> <span class='ocrx_word' id='word_1_205' title='bbox 664 2937 775 3020; x_wconf 84' lang='lat' dir='ltr'><strong>illum,</strong></span> <span class='ocrx_word' id='word_1_206' title='bbox 792 2940 988 3022; x_wconf 89' lang='lat' dir='ltr'><strong>quicumque</strong></span> <span class='ocrx_word' id='word_1_207' title='bbox 1005 2926 1189 3021; x_wconf 66' lang='lat' dir='ltr'><strong>fuerit‚‘ea,</strong></span> <span class='ocrx_word' id='word_1_208' title='bbox 1212 2955 1298 3022; x_wconf 85' lang='lat' dir='ltr'><strong>quae</strong></span> <span class='ocrx_word' id='word_1_209' title='bbox 1317 2934 1417 3018; x_wconf 85' lang='lat' dir='ltr'><strong>leges</strong></span> <span class='ocrx_word' id='word_1_210' title='bbox 1437 2935 1506 2998; x_wconf 94' lang='lat' dir='ltr'><strong>XII</strong></span> 
     </span>
     <span class='ocr_line' id='line_1_25' title="bbox 324 3124 1505 3196; baseline -0.004 -17"><span class='ocrx_word' id='word_1_211' title='bbox 324 3128 366 3194; x_wconf 90' lang='lat' dir='ltr'><strong>m)</strong></span> <span class='ocrx_word' id='word_1_212' title='bbox 387 3128 541 3180; x_wconf 79' lang='lat' dir='ltr'><strong>Perduellis</strong></span> <span class='ocrx_word' id='word_1_213' title='bbox 557 3129 692 3180; x_wconf 86' lang='lat' dir='ltr'><strong>veteribus</strong></span> <span class='ocrx_word' id='word_1_214' title='bbox 711 3135 770 3183; x_wconf 88' lang='lat' dir='ltr'><strong>erat</strong></span> <span class='ocrx_word' id='word_1_215' title='bbox 788 3131 882 3189; x_wconf 60' lang='lat' dir='ltr'><strong>lesda·</strong></span> <span class='ocrx_word' id='word_1_216' title='bbox 901 3131 990 3181; x_wconf 83' lang='lat' dir='ltr'><strong>Varro</strong></span> <span class='ocrx_word' id='word_1_217' title='bbox 1010 3129 1041 3180; x_wconf 88' lang='lat' dir='ltr'><strong>de</strong></span> <span class='ocrx_word' id='word_1_218' title='bbox 1061 3129 1152 3196; x_wconf 75' lang='lat' dir='ltr'><strong>liupua</strong></span> <span class='ocrx_word' id='word_1_219' title='bbox 1171 3127 1231 3178; x_wconf 90' lang='lat' dir='ltr'><strong>Lat.</strong></span> <span class='ocrx_word' id='word_1_220' title='bbox 1252 3124 1271 3175; x_wconf 91' lang='grc' dir='ltr'><em>Ι</em></span> <span class='ocrx_word' id='word_1_221' title='bbox 1274 3124 1302 3179; x_wconf 89' lang='lat' dir='ltr'><strong>V.</strong></span> <span class='ocrx_word' id='word_1_222' title='bbox 1318 3141 1349 3192; x_wconf 84' lang='lat' dir='ltr'><strong>p.</strong></span> <span class='ocrx_word' id='word_1_223' title='bbox 1367 3129 1393 3176; x_wconf 76' lang='lat'><strong>4.</strong></span> <span class='ocrx_word' id='word_1_224' title='bbox 1410 3125 1505 3176; x_wconf 83' lang='lat' dir='ltr'><strong>Festus</strong></span> 
     </span>
     <span class='ocr_line' id='line_1_26' title="bbox 177 3205 1546 3296; baseline -0.005 -32"><span class='ocrx_word' id='word_1_225' title='bbox 177 3289 178 3294; x_wconf 12' lang='grc'>1</span> <span class='ocrx_word' id='word_1_226' title='bbox 255 3213 390 3268; x_wconf 59' lang='lat' dir='ltr'><strong>submoue</strong></span> <span class='ocrx_word' id='word_1_227' title='bbox 409 3212 488 3264; x_wconf 78' lang='lat' dir='ltr'><strong>tosus</strong></span> <span class='ocrx_word' id='word_1_228' title='bbox 504 3232 533 3281; x_wconf 91' lang='lat' dir='ltr'><strong>p.</strong></span> <span class='ocrx_word' id='word_1_229' title='bbox 549 3219 605 3268; x_wconf 83' lang='grc'><strong>175.</strong></span> <span class='ocrx_word' id='word_1_230' title='bbox 624 3216 656 3265; x_wconf 81' lang='lat' dir='ltr'><strong>L.</strong></span> <span class='ocrx_word' id='word_1_231' title='bbox 669 3219 728 3270; x_wconf 76' lang='lat'>234.</span> <span class='ocrx_word' id='word_1_232' title='bbox 751 3216 788 3274; x_wconf 43' lang='lat' dir='ltr'><strong>D..</strong></span> <span class='ocrx_word' id='word_1_233' title='bbox 805 3215 835 3266; x_wconf 84' lang='lat' dir='ltr'><strong>de</strong></span> <span class='ocrx_word' id='word_1_234' title='bbox 861 3205 935 3272; x_wconf 68' lang='lat' dir='ltr'><strong>Varla.</strong></span> <span class='ocrx_word' id='word_1_235' title='bbox 948 3215 1057 3282; x_wconf 68' lang='lat' dir='ltr'><strong>sipnr&#39;fic.</strong></span> <span class='ocrx_word' id='word_1_236' title='bbox 1075 3212 1200 3264; x_wconf 88' lang='lat' dir='ltr'><strong>Duetlum</strong></span> <span class='ocrx_word' id='word_1_237' title='bbox 1218 3206 1291 3260; x_wconf 85' lang='lat' dir='ltr'><strong>cuim</strong></span> <span class='ocrx_word' id='word_1_238' title='bbox 1310 3207 1387 3260; x_wconf 87' lang='lat' dir='ltr'><strong>idem</strong></span> <span class='ocrx_word' id='word_1_239' title='bbox 1403 3206 1506 3272; x_wconf 78' lang='lat' dir='ltr'><strong>priscis,</strong></span> <span class='ocrx_word' id='word_1_240' title='bbox 1545 3209 1546 3296; x_wconf 55' lang='lat' dir='ltr'><strong>l</strong></span> 
     </span>
     <span class='ocr_line' id='line_1_27' title="bbox 256 3294 1546 3364; baseline -0.009 -14"><span class='ocrx_word' id='word_1_241' title='bbox 256 3313 288 3350; x_wconf 86' lang='lat' dir='ltr'><strong>ac</strong></span> <span class='ocrx_word' id='word_1_242' title='bbox 301 3296 404 3350; x_wconf 83' lang='lat' dir='ltr'><strong>bellum.</strong></span> <span class='ocrx_word' id='word_1_243' title='bbox 426 3299 482 3349; x_wconf 85' lang='lat' dir='ltr'><strong>Per</strong></span> <span class='ocrx_word' id='word_1_244' title='bbox 499 3315 562 3349; x_wconf 91' lang='lat' dir='ltr'><strong>vero</strong></span> <span class='ocrx_word' id='word_1_245' title='bbox 575 3299 654 3350; x_wconf 89' lang='lat' dir='ltr'><strong>babet</strong></span> <span class='ocrx_word' id='word_1_246' title='bbox 668 3298 890 3364; x_wconf 81' lang='lat' dir='ltr'><strong>significationem</strong></span> <span class='ocrx_word' id='word_1_247' title='bbox 904 3300 1075 3358; x_wconf 84' lang='lat' dir='ltr'><strong>intendendi:</strong></span> <span class='ocrx_word' id='word_1_248' title='bbox 1096 3301 1161 3364; x_wconf 78' lang='lat' dir='ltr'><strong>neg.</strong></span> <span class='ocrx_word' id='word_1_249' title='bbox 1177 3295 1327 3361; x_wconf 79' lang='lat' dir='ltr'><strong>Menagius</strong></span> <span class='ocrx_word' id='word_1_250' title='bbox 1341 3294 1504 3346; x_wconf 84' lang='lat' dir='ltr'><strong>Anoem&#39;tntt.</strong></span> <span class='ocrx_word' id='word_1_251' title='bbox 1545 3297 1546 3340; x_wconf 78' lang='lat' dir='ltr'><strong>l</strong></span> 
     </span>
     <span class='ocr_line' id='line_1_28' title="bbox 247 3369 1546 3452; baseline -0.004 -18"><span class='ocrx_word' id='word_1_252' title='bbox 247 3383 307 3451; x_wconf 87' lang='lat' dir='ltr'><strong>jur.</strong></span> <span class='ocrx_word' id='word_1_253' title='bbox 326 3384 372 3434; x_wconf 83' lang='lat' dir='ltr'><strong>cio.</strong></span> <span class='ocrx_word' id='word_1_254' title='bbox 386 3401 415 3450; x_wconf 92' lang='lat' dir='ltr'><strong>p.</strong></span> <span class='ocrx_word' id='word_1_255' title='bbox 434 3387 493 3434; x_wconf 79' lang='lat'><strong>322.</strong></span> <span class='ocrx_word' id='word_1_256' title='bbox 512 3383 584 3434; x_wconf 88' lang='lat' dir='ltr'><strong>Hinc</strong></span> <span class='ocrx_word' id='word_1_257' title='bbox 603 3384 796 3449; x_wconf 84' lang='lat' dir='ltr'><strong>perduellionis</strong></span> <span class='ocrx_word' id='word_1_258' title='bbox 814 3385 915 3437; x_wconf 87' lang='lat' dir='ltr'><strong>crimen</strong></span> <span class='ocrx_word' id='word_1_259' title='bbox 934 3385 1076 3438; x_wconf 85' lang='lat' dir='ltr'><strong>admisisse</strong></span> <span class='ocrx_word' id='word_1_260' title='bbox 1094 3382 1251 3439; x_wconf 87' lang='lat' dir='ltr'><strong>dicebatur,</strong></span> <span class='ocrx_word' id='word_1_261' title='bbox 1274 3380 1323 3447; x_wconf 87' lang='lat' dir='ltr'><strong>qui</strong></span> <span class='ocrx_word' id='word_1_262' title='bbox 1340 3385 1396 3430; x_wconf 85' lang='lat' dir='ltr'><strong>erat</strong></span> <span class='ocrx_word' id='word_1_263' title='bbox 1413 3377 1506 3429; x_wconf 80' lang='lat' dir='ltr'><strong>hostili</strong></span> <span class='ocrx_word' id='word_1_264' title='bbox 1545 3369 1546 3452; x_wconf 57' lang='lat' dir='ltr'><strong>l</strong></span> 
     </span>
     <span class='ocr_line' id='line_1_29' title="bbox 256 3461 1509 3538; baseline -0.005 -20"><span class='ocrx_word' id='word_1_265' title='bbox 256 3466 285 3518; x_wconf 90' lang='lat' dir='ltr'><strong>in</strong></span> <span class='ocrx_word' id='word_1_266' title='bbox 302 3465 496 3531; x_wconf 88' lang='lat' dir='ltr'><strong>rempublicam</strong></span> <span class='ocrx_word' id='word_1_267' title='bbox 514 3469 618 3520; x_wconf 89' lang='lat' dir='ltr'><strong>animo:</strong></span> <span class='ocrx_word' id='word_1_268' title='bbox 644 3471 675 3520; x_wconf 84' lang='lat' dir='ltr'><strong>L.</strong></span> <span class='ocrx_word' id='word_1_269' title='bbox 694 3467 740 3520; x_wconf 89' lang='lat' dir='ltr'><strong>ult.</strong></span> <span class='ocrx_word' id='word_1_270' title='bbox 759 3469 794 3520; x_wconf 89' lang='lat' dir='ltr'><strong>D.</strong></span> <span class='ocrx_word' id='word_1_271' title='bbox 813 3471 849 3520; x_wconf 89' lang='lat' dir='ltr'><strong>od</strong></span> <span class='ocrx_word' id='word_1_272' title='bbox 866 3473 927 3538; x_wconf 74' lang='lat' dir='ltr'><strong>Lep.</strong></span> <span class='ocrx_word' id='word_1_273' title='bbox 946 3470 1002 3522; x_wconf 88' lang='lat' dir='ltr'><strong>Jul.</strong></span> <span class='ocrx_word' id='word_1_274' title='bbox 1021 3470 1120 3536; x_wconf 84' lang='lat' dir='ltr'><strong>majest.</strong></span> <span class='ocrx_word' id='word_1_275' title='bbox 1140 3469 1232 3536; x_wconf 88' lang='lat' dir='ltr'><strong>quales</strong></span> <span class='ocrx_word' id='word_1_276' title='bbox 1253 3469 1332 3516; x_wconf 89' lang='lat' dir='ltr'><strong>erant</strong></span> <span class='ocrx_word' id='word_1_277' title='bbox 1352 3462 1445 3522; x_wconf 81' lang='lat' dir='ltr'><strong>Junii,</strong></span> <span class='ocrx_word' id='word_1_278' title='bbox 1463 3461 1509 3512; x_wconf 65' lang='lat' dir='ltr'><strong>ti-</strong></span> 
     </span>
     <span class='ocr_line' id='line_1_30' title="bbox 257 3549 1509 3622; baseline -0.002 -21"><span class='ocrx_word' id='word_1_279' title='bbox 257 3550 337 3615; x_wconf 77' lang='lat' dir='ltr'><strong>tenti,</strong></span> <span class='ocrx_word' id='word_1_280' title='bbox 363 3551 490 3619; x_wconf 81' lang='lat' dir='ltr'><strong>Aquillii,</strong></span> <span class='ocrx_word' id='word_1_281' title='bbox 516 3552 545 3605; x_wconf 88' lang='lat' dir='ltr'><strong>in</strong></span> <span class='ocrx_word' id='word_1_282' title='bbox 566 3569 635 3622; x_wconf 89' lang='lat' dir='ltr'><strong>quos</strong></span> <span class='ocrx_word' id='word_1_283' title='bbox 654 3553 843 3606; x_wconf 87' lang='lat' dir='ltr'><strong>animadvertit</strong></span> <span class='ocrx_word' id='word_1_284' title='bbox 860 3555 979 3606; x_wconf 86' lang='lat' dir='ltr'><strong>Brutus:</strong></span> <span class='ocrx_word' id='word_1_285' title='bbox 1004 3553 1099 3604; x_wconf 88' lang='lat' dir='ltr'><strong>Livius</strong></span> <span class='ocrx_word' id='word_1_286' title='bbox 1118 3551 1159 3603; x_wconf 90' lang='grc' dir='ltr'><strong>ΙΙ.</strong></span> <span class='ocrx_word' id='word_1_287' title='bbox 1181 3555 1206 3603; x_wconf 89' lang='grc'><strong>3.</strong></span> <span class='ocrx_word' id='word_1_288' title='bbox 1231 3555 1258 3602; x_wconf 86' lang='grc'><strong>4.</strong></span> <span class='ocrx_word' id='word_1_289' title='bbox 1282 3555 1308 3601; x_wconf 81' lang='grc'><strong>5.</strong></span> <span class='ocrx_word' id='word_1_290' title='bbox 1336 3549 1509 3616; x_wconf 84' lang='lat' dir='ltr'><strong>Quamquam</strong></span> 
     </span>
     <span class='ocr_line' id='line_1_31' title="bbox 257 3632 1510 3707; baseline -0.003 -19"><span class='ocrx_word' id='word_1_291' title='bbox 257 3638 350 3702; x_wconf 87' lang='lat' dir='ltr'><strong>paullo</strong></span> <span class='ocrx_word' id='word_1_292' title='bbox 371 3638 452 3689; x_wconf 87' lang='lat' dir='ltr'><strong>latius</strong></span> <span class='ocrx_word' id='word_1_293' title='bbox 471 3639 591 3707; x_wconf 86' lang='lat' dir='ltr'><strong>antiquis</strong></span> <span class='ocrx_word' id='word_1_294' title='bbox 609 3643 749 3703; x_wconf 84' lang='lat' dir='ltr'><strong>acceptum</strong></span> <span class='ocrx_word' id='word_1_295' title='bbox 767 3639 874 3690; x_wconf 87' lang='lat' dir='ltr'><strong>videtur</strong></span> <span class='ocrx_word' id='word_1_296' title='bbox 891 3638 1087 3704; x_wconf 86' lang='lat' dir='ltr'><strong>perduellionis</strong></span> <span class='ocrx_word' id='word_1_297' title='bbox 1105 3638 1285 3698; x_wconf 85' lang='lat' dir='ltr'><strong>vocabulum,</strong></span> <span class='ocrx_word' id='word_1_298' title='bbox 1297 3633 1353 3698; x_wconf 79' lang='lat' dir='ltr'><strong>ita,</strong></span> <span class='ocrx_word' id='word_1_299' title='bbox 1370 3639 1401 3687; x_wconf 87' lang='lat' dir='ltr'><strong>ut</strong></span> <span class='ocrx_word' id='word_1_300' title='bbox 1423 3632 1510 3686; x_wconf 81' lang='lat' dir='ltr'><strong>omnia</strong></span> 
     </span>
     <span class='ocr_line' id='line_1_32' title="bbox 165 3719 1510 3790; baseline -0.001 -18"><span class='ocrx_word' id='word_1_301' title='bbox 165 3775 168 3782; x_wconf 73' lang='grc'>,</span> <span class='ocrx_word' id='word_1_302' title='bbox 258 3721 393 3774; x_wconf 84' lang='lat' dir='ltr'><strong>atrociora</strong></span> <span class='ocrx_word' id='word_1_303' title='bbox 410 3721 523 3774; x_wconf 88' lang='lat' dir='ltr'><strong>crimina</strong></span> <span class='ocrx_word' id='word_1_304' title='bbox 540 3729 634 3774; x_wconf 88' lang='lat' dir='ltr'><strong>contra</strong></span> <span class='ocrx_word' id='word_1_305' title='bbox 653 3723 752 3776; x_wconf 90' lang='lat' dir='ltr'><strong>civium</strong></span> <span class='ocrx_word' id='word_1_306' title='bbox 770 3724 921 3776; x_wconf 84' lang='lat' dir='ltr'><strong>libertatem</strong></span> <span class='ocrx_word' id='word_1_307' title='bbox 939 3724 1166 3790; x_wconf 76' lang='lat' dir='ltr'><strong>securitatemque</strong></span> <span class='ocrx_word' id='word_1_308' title='bbox 1177 3720 1317 3788; x_wconf 83' lang='lat' dir='ltr'><strong>publicam</strong></span> <span class='ocrx_word' id='word_1_309' title='bbox 1332 3719 1457 3772; x_wconf 80' lang='lat' dir='ltr'><strong>admissa</strong></span> <span class='ocrx_word' id='word_1_310' title='bbox 1468 3720 1510 3770; x_wconf 85' lang='lat' dir='ltr'><strong>de·</strong></span> 
     </span>
     <span class='ocr_line' id='line_1_33' title="bbox 259 3804 1510 3874; baseline -0.002 -16"><span class='ocrx_word' id='word_1_311' title='bbox 259 3812 380 3870; x_wconf 86' lang='lat' dir='ltr'><strong>notaret,</strong></span> <span class='ocrx_word' id='word_1_312' title='bbox 407 3813 437 3860; x_wconf 88' lang='lat' dir='ltr'><strong>ut</strong></span> <span class='ocrx_word' id='word_1_313' title='bbox 451 3815 524 3874; x_wconf 87' lang='lat' dir='ltr'><strong>patet</strong></span> <span class='ocrx_word' id='word_1_314' title='bbox 538 3824 573 3858; x_wconf 87' lang='lat' dir='ltr'><strong>cx</strong></span> <span class='ocrx_word' id='word_1_315' title='bbox 587 3811 712 3874; x_wconf 80' lang='lat' dir='ltr'><strong>exemplo</strong></span> <span class='ocrx_word' id='word_1_316' title='bbox 728 3812 759 3862; x_wconf 93' lang='lat' dir='ltr'><strong>P.</strong></span> <span class='ocrx_word' id='word_1_317' title='bbox 776 3809 884 3862; x_wconf 86' lang='lat' dir='ltr'><strong>Horatii</strong></span> <span class='ocrx_word' id='word_1_318' title='bbox 898 3810 971 3874; x_wconf 88' lang='lat' dir='ltr'><strong>apud</strong></span> <span class='ocrx_word' id='word_1_319' title='bbox 987 3807 1094 3861; x_wconf 82' lang='lat' dir='ltr'><strong>Livium</strong></span> <span class='ocrx_word' id='word_1_320' title='bbox 1109 3806 1306 3873; x_wconf 71' lang='lat' dir='ltr'><strong>Luamque</strong></span> <span class='ocrx_word' id='word_1_321' title='bbox 1326 3819 1382 3857; x_wconf 89' lang='lat' dir='ltr'><strong>uon</strong></span> <span class='ocrx_word' id='word_1_322' title='bbox 1401 3804 1510 3873; x_wconf 87' lang='lat' dir='ltr'><strong>quidem</strong></span> 
     </span>
     <span class='ocr_line' id='line_1_34' title="bbox 260 3891 1513 3959; baseline -0.005 -15"><span class='ocrx_word' id='word_1_323' title='bbox 260 3892 385 3944; x_wconf 82' lang='lat' dir='ltr'><strong>hostilem</strong></span> <span class='ocrx_word' id='word_1_324' title='bbox 395 3893 515 3945; x_wconf 89' lang='lat' dir='ltr'><strong>animum</strong></span> <span class='ocrx_word' id='word_1_325' title='bbox 530 3895 660 3946; x_wconf 87' lang='lat' dir='ltr'><strong>adversus</strong></span> <span class='ocrx_word' id='word_1_326' title='bbox 677 3893 869 3959; x_wconf 86' lang='lat' dir='ltr'><strong>rempublicam</strong></span> <span class='ocrx_word' id='word_1_327' title='bbox 879 3893 1047 3958; x_wconf 86' lang='lat' dir='ltr'><strong>ostenderat,</strong></span> <span class='ocrx_word' id='word_1_328' title='bbox 1064 3893 1112 3944; x_wconf 82' lang='lat' dir='ltr'><strong>sed</strong></span> <span class='ocrx_word' id='word_1_329' title='bbox 1127 3897 1216 3942; x_wconf 89' lang='lat' dir='ltr'><strong>tamen</strong></span> <span class='ocrx_word' id='word_1_330' title='bbox 1226 3893 1275 3942; x_wconf 88' lang='lat' dir='ltr'><strong>aut</strong></span> <span class='ocrx_word' id='word_1_331' title='bbox 1283 3891 1462 3942; x_wconf 83' lang='lat' dir='ltr'><strong>securitatem</strong></span> <span class='ocrx_word' id='word_1_332' title='bbox 1471 3895 1513 3940; x_wconf 82' lang='lat' dir='ltr'><strong>aut</strong></span> 
     </span>
     <span class='ocr_line' id='line_1_35' title="bbox 261 3975 1513 4045; baseline -0.005 -15"><span class='ocrx_word' id='word_1_333' title='bbox 261 3977 417 4043; x_wconf 80' lang='lat' dir='ltr'><strong>dignitatern</strong></span> <span class='ocrx_word' id='word_1_334' title='bbox 430 3979 524 4044; x_wconf 87' lang='lat' dir='ltr'><strong>populi</strong></span> <span class='ocrx_word' id='word_1_335' title='bbox 536 3979 775 4045; x_wconf 82' lang='lat' dir='ltr'><strong>magistratuumve</strong></span> <span class='ocrx_word' id='word_1_336' title='bbox 787 3980 898 4032; x_wconf 85' lang='lat' dir='ltr'><strong>laesisse</strong></span> <span class='ocrx_word' id='word_1_337' title='bbox 910 3979 1063 4041; x_wconf 87' lang='lat' dir='ltr'><strong>dicebatur,</strong></span> <span class='ocrx_word' id='word_1_338' title='bbox 1074 3977 1105 4029; x_wconf 66' lang='lat' dir='ltr'><strong>vis</strong></span> <span class='ocrx_word' id='word_1_339' title='bbox 1118 3975 1267 4042; x_wconf 85' lang='lat' dir='ltr'><strong>majestatis</strong></span> <span class='ocrx_word' id='word_1_340' title='bbox 1275 3980 1338 4026; x_wconf 83' lang='lat' dir='ltr'><strong>erat</strong></span> <span class='ocrx_word' id='word_1_341' title='bbox 1347 3989 1424 4026; x_wconf 82' lang='lat' dir='ltr'><strong>reus.</strong></span> <span class='ocrx_word' id='word_1_342' title='bbox 1440 3975 1513 4025; x_wconf 81' lang='lat' dir='ltr'><strong>Heln</strong></span> 
     </span>
     <span class='ocr_line' id='line_1_36' title="bbox 329 4059 1512 4131; baseline -0.006 -16"><span class='ocrx_word' id='word_1_343' title='bbox 329 4065 362 4131; x_wconf 88' lang='lat' dir='ltr'><strong>n)</strong></span> <span class='ocrx_word' id='word_1_344' title='bbox 383 4067 426 4118; x_wconf 72' lang='lat' dir='ltr'><strong>Au</strong></span> <span class='ocrx_word' id='word_1_345' title='bbox 445 4065 516 4116; x_wconf 86' lang='lat' dir='ltr'><strong>idern</strong></span> <span class='ocrx_word' id='word_1_346' title='bbox 534 4067 603 4118; x_wconf 84' lang='lat' dir='ltr'><strong>sorte</strong></span> <span class='ocrx_word' id='word_1_347' title='bbox 622 4066 754 4117; x_wconf 86' lang='lat' dir='ltr'><strong>Gabinius</strong></span> <span class='ocrx_word' id='word_1_348' title='bbox 773 4066 840 4116; x_wconf 86' lang='lat' dir='ltr'><strong>banc</strong></span> <span class='ocrx_word' id='word_1_349' title='bbox 853 4068 938 4131; x_wconf 82' lang='lat' dir='ltr'><strong>legem</strong></span> <span class='ocrx_word' id='word_1_350' title='bbox 957 4065 1035 4125; x_wconf 88' lang='lat' dir='ltr'><strong>tulit,</strong></span> <span class='ocrx_word' id='word_1_351' title='bbox 1049 4062 1096 4130; x_wconf 92' lang='lat' dir='ltr'><strong>qui</strong></span> <span class='ocrx_word' id='word_1_352' title='bbox 1114 4067 1142 4113; x_wconf 86' lang='lat' dir='ltr'><strong>et</strong></span> <span class='ocrx_word' id='word_1_353' title='bbox 1159 4061 1317 4113; x_wconf 85' lang='lat' dir='ltr'><strong>tabellariae</strong></span> <span class='ocrx_word' id='word_1_354' title='bbox 1333 4059 1389 4110; x_wconf 81' lang='lat' dir='ltr'><strong>fuit</strong></span> <span class='ocrx_word' id='word_1_355' title='bbox 1408 4066 1512 4115; x_wconf 81' lang='lat' dir='ltr'><strong>auctor,</strong></span> 
     </span>
     <span class='ocr_line' id='line_1_37' title="bbox 264 4143 1514 4218; baseline -0.006 -16"><span class='ocrx_word' id='word_1_356' title='bbox 264 4150 363 4218; x_wconf 85' lang='lat' dir='ltr'><strong>quiquo</strong></span> <span class='ocrx_word' id='word_1_357' title='bbox 380 4151 413 4202; x_wconf 85' lang='grc' dir='ltr'><strong>Α.</strong></span> <span class='ocrx_word' id='word_1_358' title='bbox 430 4151 464 4202; x_wconf 92' lang='lat' dir='ltr'><strong>U.</strong></span> <span class='ocrx_word' id='word_1_359' title='bbox 485 4151 624 4203; x_wconf 85' lang='lat' dir='ltr'><strong>C.ncx1v.</strong></span> <span class='ocrx_word' id='word_1_360' title='bbox 644 4152 695 4203; x_wconf 84' lang='lat' dir='ltr'><strong>Cn.</strong></span> <span class='ocrx_word' id='word_1_361' title='bbox 712 4150 859 4216; x_wconf 86' lang='lat' dir='ltr'><strong>Calpurnio</strong></span> <span class='ocrx_word' id='word_1_362' title='bbox 878 4149 980 4202; x_wconf 85' lang='lat' dir='ltr'><strong>Pisone</strong></span> <span class='ocrx_word' id='word_1_363' title='bbox 998 4154 1025 4199; x_wconf 90' lang='lat' dir='ltr'><strong>et</strong></span> <span class='ocrx_word' id='word_1_364' title='bbox 1044 4148 1084 4200; x_wconf 88' lang='lat' dir='ltr'><strong>M.</strong></span> <span class='ocrx_word' id='word_1_365' title='bbox 1097 4145 1207 4211; x_wconf 87' lang='lat' dir='ltr'><strong>Popilio</strong></span> <span class='ocrx_word' id='word_1_366' title='bbox 1225 4145 1347 4196; x_wconf 78' lang='lat' dir='ltr'><strong>Laenate</strong></span> <span class='ocrx_word' id='word_1_367' title='bbox 1368 4145 1453 4196; x_wconf 79' lang='lat' dir='ltr'><strong>Coss,</strong></span> <span class='ocrx_word' id='word_1_368' title='bbox 1470 4143 1514 4196; x_wconf 82' lang='lat' dir='ltr'><strong>tri·</strong></span> 
     </span>
     <span class='ocr_line' id='line_1_38' title="bbox 263 4230 1513 4302; baseline -0.005 -16"><span class='ocrx_word' id='word_1_369' title='bbox 263 4234 391 4288; x_wconf 89' lang='lat' dir='ltr'><strong>bunatum</strong></span> <span class='ocrx_word' id='word_1_370' title='bbox 409 4231 582 4300; x_wconf 75' lang='lat' dir='ltr'><strong>gessiti&#39;Ita</strong></span> <span class='ocrx_word' id='word_1_371' title='bbox 599 4235 688 4288; x_wconf 89' lang='lat' dir='ltr'><strong>visum</strong></span> <span class='ocrx_word' id='word_1_372' title='bbox 707 4234 874 4302; x_wconf 77' lang='lat' dir='ltr'><strong>Gundlingio</strong></span> <span class='ocrx_word' id='word_1_373' title='bbox 900 4235 928 4286; x_wconf 91' lang='lat' dir='ltr'><strong>in</strong></span> <span class='ocrx_word' id='word_1_374' title='bbox 947 4235 1021 4285; x_wconf 89' lang='lat' dir='ltr'><strong>Diss.</strong></span> <span class='ocrx_word' id='word_1_375' title='bbox 1046 4233 1076 4284; x_wconf 86' lang='lat' dir='ltr'><strong>de</strong></span> <span class='ocrx_word' id='word_1_376' title='bbox 1100 4234 1208 4284; x_wconf 70' lang='lat' dir='ltr'><strong>omnine</strong></span> <span class='ocrx_word' id='word_1_377' title='bbox 1225 4230 1327 4298; x_wconf 82' lang='lat' dir='ltr'><strong>majest.</strong></span> <span class='ocrx_word' id='word_1_378' title='bbox 1354 4230 1378 4281; x_wconf 91' lang='grc' dir='ltr'><strong>Ι.</strong></span> <span class='ocrx_word' id='word_1_379' title='bbox 1397 4235 1426 4282; x_wconf 87' lang='grc'><strong>6.</strong></span> <span class='ocrx_word' id='word_1_380' title='bbox 1449 4233 1513 4297; x_wconf 69' lang='lat' dir='ltr'><strong>pis</strong></span> 
     </span>
     <span class='ocr_line' id='line_1_39' title="bbox 264 4314 1514 4390; baseline -0.008 -18"><span class='ocrx_word' id='word_1_381' title='bbox 264 4322 318 4374; x_wconf 84' lang='lat' dir='ltr'><strong>Sed</strong></span> <span class='ocrx_word' id='word_1_382' title='bbox 335 4322 364 4374; x_wconf 87' lang='lat' dir='ltr'><strong>id</strong></span> <span class='ocrx_word' id='word_1_383' title='bbox 382 4322 492 4390; x_wconf 87' lang='lat' dir='ltr'><strong>quidem</strong></span> <span class='ocrx_word' id='word_1_384' title='bbox 510 4323 645 4382; x_wconf 85' lang='lat' dir='ltr'><strong>divinare,</strong></span> <span class='ocrx_word' id='word_1_385' title='bbox 664 4337 745 4388; x_wconf 85' lang='lat' dir='ltr'><strong>quam</strong></span> <span class='ocrx_word' id='word_1_386' title='bbox 766 4323 922 4384; x_wconf 86' lang='lat' dir='ltr'><strong>adfirmare,</strong></span> <span class='ocrx_word' id='word_1_387' title='bbox 941 4319 1031 4372; x_wconf 88' lang='lat' dir='ltr'><strong>licebit</strong></span> <span class='ocrx_word' id='word_1_388' title='bbox 1048 4317 1162 4370; x_wconf 83' lang='lat' dir='ltr'><strong>lucillus.</strong></span> <span class='ocrx_word' id='word_1_389' title='bbox 1181 4317 1259 4368; x_wconf 72' lang='lat' dir='ltr'><strong>Han.</strong></span> <span class='ocrx_word' id='word_1_390' title='bbox 1273 4316 1330 4366; x_wconf 82' lang='lat' dir='ltr'><strong>Gur</strong></span> <span class='ocrx_word' id='word_1_391' title='bbox 1348 4314 1514 4366; x_wconf 80' lang='lat' dir='ltr'><strong>Heinsecius</strong></span> 
     </span>
     <span class='ocr_line' id='line_1_40' title="bbox 265 4401 1514 4475; baseline -0.006 -18"><span class='ocrx_word' id='word_1_392' title='bbox 265 4405 293 4458; x_wconf 89' lang='lat' dir='ltr'><strong>in</strong></span> <span class='ocrx_word' id='word_1_393' title='bbox 308 4409 427 4458; x_wconf 66' lang='lat' dir='ltr'><strong>Pastoris</strong></span> <span class='ocrx_word' id='word_1_394' title='bbox 435 4409 510 4475; x_wconf 82' lang='lat' dir='ltr'><strong>juris</strong></span> <span class='ocrx_word' id='word_1_395' title='bbox 527 4412 554 4458; x_wconf 87' lang='lat' dir='ltr'><strong>et</strong></span> <span class='ocrx_word' id='word_1_396' title='bbox 566 4406 685 4458; x_wconf 77' lang='lat' dir='ltr'><strong>Baebius</strong></span> <span class='ocrx_word' id='word_1_397' title='bbox 704 4407 739 4458; x_wconf 90' lang='lat' dir='ltr'><strong>de</strong></span> <span class='ocrx_word' id='word_1_398' title='bbox 757 4408 807 4458; x_wconf 88' lang='lat' dir='ltr'><strong>bae</strong></span> <span class='ocrx_word' id='word_1_399' title='bbox 825 4410 883 4474; x_wconf 82' lang='lat' dir='ltr'><strong>lege</strong></span> <span class='ocrx_word' id='word_1_400' title='bbox 895 4405 1011 4458; x_wconf 86' lang='lat' dir='ltr'><strong>Gabinia</strong></span> <span class='ocrx_word' id='word_1_401' title='bbox 1030 4404 1096 4456; x_wconf 85' lang='lat' dir='ltr'><strong>nibil</strong></span> <span class='ocrx_word' id='word_1_402' title='bbox 1116 4402 1247 4463; x_wconf 80' lang='lat' dir='ltr'><strong>dixerint,</strong></span> <span class='ocrx_word' id='word_1_403' title='bbox 1268 4415 1322 4452; x_wconf 90' lang='lat' dir='ltr'><strong>nou</strong></span> <span class='ocrx_word' id='word_1_404' title='bbox 1342 4401 1448 4452; x_wconf 83' lang='lat' dir='ltr'><strong>video:</strong></span> <span class='ocrx_word' id='word_1_405' title='bbox 1467 4415 1514 4450; x_wconf 87' lang='lat' dir='ltr'><strong>non</strong></span> 
     </span>
     <span class='ocr_line' id='line_1_41' title="bbox 263 4482 1515 4560; baseline -0.004 -19"><span class='ocrx_word' id='word_1_406' title='bbox 263 4492 352 4543; x_wconf 65' lang='lat' dir='ltr'><strong>umen</strong></span> <span class='ocrx_word' id='word_1_407' title='bbox 370 4493 559 4558; x_wconf 83' lang='lat' dir='ltr'><strong>praetermissa</strong></span> <span class='ocrx_word' id='word_1_408' title='bbox 580 4497 621 4544; x_wconf 88' lang='lat' dir='ltr'><strong>est</strong></span> <span class='ocrx_word' id='word_1_409' title='bbox 639 4494 701 4544; x_wconf 87' lang='lat' dir='ltr'><strong>Jan.</strong></span> <span class='ocrx_word' id='word_1_410' title='bbox 713 4493 792 4544; x_wconf 82' lang='lat' dir='ltr'><strong>Vino.</strong></span> <span class='ocrx_word' id='word_1_411' title='bbox 806 4492 941 4544; x_wconf 82' lang='lat' dir='ltr'><strong>Gravinae</strong></span> <span class='ocrx_word' id='word_1_412' title='bbox 960 4489 1172 4560; x_wconf 76' lang='lat' dir='ltr'><strong>[*imo&#39;Clrrist</strong></span> <span class='ocrx_word' id='word_1_413' title='bbox 1189 4482 1248 4540; x_wconf 78' lang='lat' dir='ltr'><strong>Gir.</strong></span> <span class='ocrx_word' id='word_1_414' title='bbox 1262 4487 1439 4539; x_wconf 74' lang='lat' dir='ltr'><strong>Hoffmanuo</strong></span> <span class='ocrx_word' id='word_1_415' title='bbox 1453 4487 1515 4538; x_wconf 69' lang='lat' dir='ltr'><strong>lint</strong></span> 
     </span>
     <span class='ocr_line' id='line_1_42' title="bbox 254 4571 1381 4647; baseline 0 -24"><span class='ocrx_word' id='word_1_416' title='bbox 254 4573 314 4638; x_wconf 87' lang='lat' dir='ltr'><strong>jur.</strong></span> <span class='ocrx_word' id='word_1_417' title='bbox 332 4576 408 4636; x_wconf 68' lang='lat' dir='ltr'><strong>Item.</strong></span> <span class='ocrx_word' id='word_1_418' title='bbox 427 4579 491 4630; x_wconf 86' lang='lat' dir='ltr'><strong>lost.</strong></span> <span class='ocrx_word' id='word_1_419' title='bbox 518 4577 573 4630; x_wconf 85' lang='lat' dir='ltr'><strong>Vol.</strong></span> <span class='ocrx_word' id='word_1_420' title='bbox 591 4579 658 4647; x_wconf 89' lang='lat' dir='ltr'><strong>I.p.</strong></span> <span class='ocrx_word' id='word_1_421' title='bbox 679 4575 754 4647; x_wconf 66' lang='lat' dir='ltr'><strong>lib]</strong></span> <span class='ocrx_word' id='word_1_422' title='bbox 777 4578 858 4630; x_wconf 77' lang='lat' dir='ltr'><strong>Canu.</strong></span> <span class='ocrx_word' id='word_1_423' title='bbox 877 4577 918 4629; x_wconf 88' lang='lat' dir='ltr'><strong>Cl.</strong></span> <span class='ocrx_word' id='word_1_424' title='bbox 937 4576 1027 4629; x_wconf 87' lang='lat' dir='ltr'><strong>Dieok</strong></span> <span class='ocrx_word' id='word_1_425' title='bbox 1047 4577 1064 4629; x_wconf 89' lang='lat' dir='ltr'><strong>l.</strong></span> <span class='ocrx_word' id='word_1_426' title='bbox 1083 4575 1100 4628; x_wconf 87' lang='lat' dir='ltr'><strong>l.</strong></span> <span class='ocrx_word' id='word_1_427' title='bbox 1117 4589 1144 4640; x_wconf 88' lang='lat' dir='ltr'><strong>p.</strong></span> <span class='ocrx_word' id='word_1_428' title='bbox 1163 4577 1205 4628; x_wconf 69' lang='lat'><strong>7³.</strong></span> <span class='ocrx_word' id='word_1_429' title='bbox 1223 4587 1264 4641; x_wconf 87' lang='lat' dir='ltr'><strong>sq.</strong></span> <span class='ocrx_word' id='word_1_430' title='bbox 1290 4571 1381 4624; x_wconf 69' lang='lat' dir='ltr'><strong>Mitt.</strong></span> 
     </span>
    </p>
   </div>
   <div class='ocr_carea' id='block_1_4' title="bbox 0 0 1596 5162">
    <p class='ocr_par' dir='ltr' id='par_1_5' title="bbox 0 0 1596 5162">
     <span class='ocr_line' id='line_1_43' title="bbox 0 0 1596 5162; baseline 0 0"><span class='ocrx_word' id='word_1_431' title='bbox 0 0 1596 5162; x_wconf 95' lang='lat' dir='ltr'><strong> </strong></span> 
     </span>
    </p>
   </div>
  </div>
 </body>
</html>
