3062 5164
207 409 280 478 262
576 403 761 470 Aaronom
785 400 864 469 Lm.
891 401 920 470 1.
946 399 1036 470 Can.
1059 401 1109 468 is

112 665 115 670 r
211 599 341 662 manos,
364 577 423 642 sed
446 576 489 642 ad
513 577 603 642 Latii
620 576 765 657 incolas,
790 576 979 660 pertinebat
992 577 1037 656 Ι).
1067 578 1228 641 Attamen
1254 585 1290 640 et
1311 577 1355 639 ab
1376 577 1457 639 orbis
1525 589 1526 660 ᾗ

212 687 358 754 Romani
371 686 490 750 incolis
505 695 611 750 certas
625 685 757 769 repudii
779 705 907 755 caussas
923 685 1093 750 observari
1108 684 1288 749 voluerunt
1305 683 1457 746 Theodo-

213 795 278 858 sius
300 803 335 858 et
350 793 519 858 Valentin.
534 795 572 855 11.
588 793 618 856 8.
637 795 669 854 0.
690 795 729 855 de
745 793 866 874 Repud.
890 799 924 855 et
943 791 1148 855 Justinianus
1164 791 1334 855 L.'10.11.
1352 793 1386 852 0.
1400 791 1457 852 eod.
1525 885 1526 912 1

808 1015 815 1030 .
837 968 888 1030 50.

338 1083 390 1136 Jas
403 1086 532 1152 patriam,
549 1084 657 1152 lepib'mc'
673 968 961 1147 dominii,§tataaeati‚
980 1083 1142 1144 hereditatis,
1158 1083 1337 1152 mapionia.

299 1185 468 1249 Sufficiant
482 1186 565 1248 haec
577 1185 620 1248 de
644 1184 744 1247 tertio
760 1185 839 1268 jure
855 1184 1033 1262 Quiritium
1042 1233 1052 1268 ,
1067 1182 1103 1247 id
1119 1195 1178 1268 est,
1195 1185 1328 1268 dejure
1345 1202 1461 1245 connu·
1525 1201 1526 1256 r

118 1343 125 1350 .
216 1293 355 1358 biornm.
377 1293 538 1371 Quartum
553 1293 616 1356 fuit
631 1309 799 1368 Paralum,
815 1293 941 1376 dequo
957 1298 1067 1356 minen
1083 1292 1140 1356 vix
1156 1300 1216 1374 est,
1235 1291 1327 1376 quod
1342 1290 1394 1352 hic
1408 1287 1461 1350 ad-

216 1403 345 1483 damus,
361 1423 460 1486 quum
480 1422 577 1485 supra
592 1403 658 1463 Lib.
673 1405 701 1462 1.
720 1402 778 1464 Pit.
795 1402 854 1462 IX.
873 1400 916 1463 de
931 1400 1038 1484 patria
1059 1408 1245 1485 potestate,
1260 1399 1386 1462 civibus
1398 1395 1462 1458 Ro-

216 1510 320 1572 manis
335 1509 480 1593 propria,
499 1509 656 1572 adcurate
672 1530 731 1571 nos
748 1529 848 1592 agere
864 1508 1124 1589 meminerimus,
1141 1505 1415 1592 quemadmodum
1431 1511 1462 1564 ct
1525 1569 1526 1586 χ

213 1601 260 1680 'de
277 1618 471 1702 adoptione,
485 1616 739 1700 legitimatione,
754 1616 1037 1698 emancipatione,
1054 1615 1205 1702 aliisque,
1222 1636 1308 1700 quae
1319 1615 1384 1682 huc
1394 1631 1463 1696 per·

216 1725 343 1806 tinent,
359 1725 491 1787 uberius
515 1724 579 1788 suis
604 1723 687 1821 lqcis
713 1723 932 1788 disseruimus.
960 1725 1053 1790 Idem
1079 1724 1121 1786 de
1141 1725 1258 1810 quinto
1285 1719 1463 1786 dicendum.

216 1831 317 1916 Quot·
332 1831 437 1894 modis
464 1831 551 1894 enim
571 1833 648 1916 jure
667 1832 846 1910 Quiritium
870 1853 978 1895 rerum
1003 1832 1197 1918 adquiratur
1221 1835 1463 1909 oom1N1UM,et
1525 1829 1526 1898 i

218 1960 381 2027 quaenam
403 1939 528 2001 fuerint
548 1940 619 2023 ejus
637 1939 775 2002 dominii
790 1940 924 2022 effecta,
940 1941 1047 2006 statim
1068 1941 1213 2005 dicemus
1228 1939 1295 2002 Lib.
1311 1939 1355 2000 ΙΙ.
1374 1937 1426 1997 na.
1441 1935 1464 1994 1.
1525 1929 1526 1938 ’

217 2047 272 2110 De
288 2054 384 2109 sexto
405 2066 556 2130 quoque,
573 2046 608 2109 id
630 2056 689 2127 est,
712 2047 843 2132 dejure
867 2065 1169 2112 rnsramunronun
1190 2047 1322 2132 plenius
1339 2062 1464 2128 agemus
1525 2073 1526 2090 κ

217 2155 284 2217 lab
302 2155 345 2216 ΙΙ.
365 2153 421 2216 Tit.
437 2153 477 2214 X.
495 2174 539 2234 sq.
567 2153 622 2216 De
646 2157 803 2238 septimo,
831 2156 953 2240 sende
971 2156 1051 2240 jure
1072 2170 1320 2220 nananrrnruu
1344 2167 1465 2216 unarm-
1525 2227 1526 2232 ἵ

218 2278 341 2326 manum
357 2262 424 2322 Lib.
437 2260 498 2323 ΙῙΙ.
516 2261 574 2324 itt.
591 2263 616 2332 I.
632 2271 666 2325 et
683 2265 907 2348 sequentibus,
923 2265 966 2328 de
986 2273 1105 2328 octavo
1125 2262 1282 2347 denique,
1298 2259 1335 2324 id
1355 2269 1412 2340 est,
1427 2257 1465 2320 de
1525 2293 1526 2304 κ

207 2385 428 2434 ·USUOAP10NE
448 2368 543 2430 Libro
557 2369 599 2428 11.
621 2369 677 2431 Tit.
700 2370 752 2431 VI.
770 2371 866 2455 plura
885 2371 1099 2454 monebimus,
1114 2369 1197 2433 nibil
1212 2379 1249 2433 ut
1272 2369 1327 2432 hic
1345 2368 1387 2431 de
1407 2366 1467 2428 illis
1525 2355 1526 2412 ἶ

212 2476 406 2540 addendum
421 2482 597 2558 praeterea
611 2476 772 2540 videatur.
790 2478 1048 2562 Progrediemur
1060 2499 1142 2562 ergo
1155 2478 1198 2541 ad
1213 2499 1253 2540 ea
1261 2479 1340 2563 jura
1356 2476 1466 2540 civium
1525 2545 1526 2572 1

215 2582 459 2662 Romanorum,
477 2603 563 2665 qnae
582 2583 625 2646 ad
641 2585 696 2668 jus
715 2584 883 2668 publicum
905 2586 1015 2669 potius
1035 2592 1203 2670 spectant,
1222 2594 1256 2649 et
1277 2586 1345 2650 κατ’
1371 2579 1468 2666 ἐξοχὴν

218 2707 386 2754 crv1TArls
395 2689 471 2773 jura
486 2689 706 2774 adpellantur.

793 2842 822 2923 ς.
844 2842 896 2903 51.

759 2958 811 3010 Jus
828 2975 930 3010 centus.

1407 2757 1412 2765 ·
1525 2739 1526 2788 i

1525 2795 1526 2802 .

302 3057 414 3122 Prima
432 3058 551 3151 ciuium
566 3058 792 3124 Romanorum
810 3059 1054 3145 praerogativa,
1071 3082 1158 3146 quae
1177 3058 1219 3125 ad
1229 3062 1286 3146 jus
1305 3059 1466 3146 publicum
1525 3047 1526 3086 ³

219 3168 376 3252 pertinet,
397 3174 447 3230 est
465 3185 525 3232 Jus
543 3185 679 3234 consus.
701 3167 827 3262 ¹Census
846 3167 951 3252 qualis
967 3167 1097 3231 Romae
1116 3169 1226 3248 fuerit,
1243 3177 1278 3232 et
1295 3191 1315 3232 a
1332 3187 1467 3254 quonam
1525 3179 1526 3216 ἓ

222 3275 264 3340 sit
281 3275 464 3358 institutus,
485 3276 626 3340 diximus
644 3298 759 3360 supra,
778 3276 835 3340 ubi
854 3277 896 3339 de
915 3276 1032 3361 capitis
1050 3276 1278 3340 deminutione
1298 3284 1407 3340 actum
1426 3281 1468 3338 est
1525 3287 1526 3362 ἐ

224 3383 343 3466 (§.1.).
370 3383 498 3446 Auctor
511 3385 660 3448 nimirum
679 3385 773 3470 hujus
795 3387 893 3448 moris
911 3383 1044 3448 Servius
1063 3383 1209 3465 Tullius,
1224 3383 1313 3466 Rex,
1332 3384 1389 3470 qui
1408 3382 1469 3468 pri·
1525 3415 1526 3448 f

220 3511 291 3554 mus
312 3491 410 3575 jussit
434 3492 522 3556 cives
546 3513 659 3556 omnes
682 3493 715 3556 in
742 3515 798 3557 sua
822 3513 987 3578 quemque
1012 3491 1114 3556 classe
1139 3499 1173 3554 et
1200 3493 1369 3570 centuria,
1396 3491 1468 3556 dato
1525 3527 1526 3586 3

215 3595 446 3684 jurejurando,
467 3600 555 3683 apud
573 3621 664 3682 eum,
680 3623 783 3686 penes
801 3622 897 3687 quem
910 3601 966 3685 jus
984 3601 1071 3663 esset
1089 3601 1246 3664 censendi
1264 3587 1400 3684 populi,
1416 3620 1470 3662 no·
1525 3595 1526 3646 i

222 3705 313 3771 mina
328 3729 396 3789 sua,
414 3729 563 3789 uxorum,
579 3707 770 3791 liberorum,
782 3709 976 3776 libertorum
996 3729 1230 3794 servorumque
1248 3728 1379 3772 suorum
1398 3727 1470 3791 pro·
1525 3749 1526 3772 t

222 3814 324 3896 fiteri,
344 3821 585 3901 praetereaque
608 3825 759 3896 aetatem¹
771 3817 935 3899 omnium,
952 3817 1141 3902 regionem,
1161 3838 1257 3901 quam
1276 3815 1469 3886 habitarent

225 3929 259 3986 et
280 3923 482 3986 fortunarum
505 3943 632 3988 suarum
654 3926 916 3990 aestimationem
939 3926 1081 3990 deferre.
1103 3925 1181 4020 Hoc
1196 3931 1305 3987 autem
1320 3923 1375 4007 jus
1398 3943 1470 3986 ceu-

224 4031 318 4094 sendi
335 4031 473 4115 primum
488 4033 631 4118 Regum,
643 4035 765 4098 deinde
779 4032 956 4098 Consulum
976 4042 1010 4097 et
1022 4033 1242 4116 Dictatornm,
1256 4053 1293 4095 ac
1309 4043 1469 4116 postremo
1525 4043 1526 4082 ἲ

292 4236 317 4304 i)
339 4235 432 4300 Quint
449 4241 524 4307 quod
541 4257 576 4292 ne
594 4241 668 4306 apud
681 4221 793 4294 liatinos
807 4230 918 4309 quidem
935 4241 970 4292 ad
983 4238 1177 4312 perficiendum
1188 4237 1393 4290 matrimonium
1408 4236 1470 4290 actio
1525 4237 1526 4242 ’

226 4319 348 4382 dabatur,
366 4323 415 4374 sed
428 4324 517 4389 judex
535 4325 651 4391 pecnnia
668 4326 742 4378 litem
762 4325 930 4391 aestimabat,
948 4341 996 4378 seu
1015 4324 1109 4393 quanti
1123 4323 1246 4375 interfuit
1260 4339 1377 4376 uxorem
1393 4319 1470 4386 accipi

225 4412 273 4458 ant
291 4406 350 4459 dari
367 4424 429 4460 eum
447 4425 540 4462 eamve
565 4411 768 4476 condemnabat,
788 4409 836 4479 qui
854 4423 958 4480 quaeve
977 4412 1056 4464 fidem
1075 4410 1166 4461 datam
1192 4414 1366 4470 retractatam
1391 4417 1423 4461 ut
1442 4423 1470 4458 ex
1525 4407 1526 4410 ’

223 4490 285 4556 ipso
303 4489 384 4542 Gellii
402 4493 463 4546 loco
475 4496 620 4550 manifesto
633 4502 754 4564 apparet
774 4496 837 4550 Vid.
850 4503 876 4550 ct
887 4497 989 4558 Noodt.
1003 4498 1040 4551 ad
1051 4496 1140 4548 Pand.
1155 4496 1193 4547 tia
1210 4494 1242 4546 de
1255 4491 1398 4563 pontolii.
1414 4509 1469 4559 opp·
1525 4563 1526 4572 ἵ

226 4573 258 4627 Τ.
274 4573 310 4628 ΙΙ.
330 4592 357 4642 p.
374 4578 435 4630 374.
452 4577 539 4632 Mitt.
