3030 5160
228 386 301 455 sos
577 359 656 448 ns
677 380 724 450 u.
749 379 830 448 ro.
855 311 1132 456 run-..xxi

232 558 265 618 0.
292 555 403 618 tteod
425 554 465 616 de
491 555 625 619 Testem.
646 565 677 619 et
700 558 827 621 oods'cdl.
848 548 1153 640 cladom'patee
1178 555 1235 620 An
1258 563 1360 622 testes
1381 557 1465 620 etiarn

230 662 265 728 in
281 661 455 743 codicillis,
469 633 885 730 testamento'eonfirmatis
900 665 1056 749 exegerit
1069 665 1093 728 J
1094 664 1285 746 usfinieuus,
1301 663 1406 728 adhuc
1418 666 1466 728 sub

224 771 341 856 judice
356 769 397 834 lis
413 779 472 834 est.
493 770 653 856 Plerique
668 773 843 844 adfirmant
855 772 901 836 ob
917 777 952 834 L.
965 772 1018 836 28.
1031 774 1061 856 §.
1075 773 1106 834 1.
1124 773 1158 836 G.
1169 773 1210 835 ds
1225 773 1358 836 turm
1373 772 1409 834 L.
1421 775 1467 834 ult.

233 878 267 940 C.
287 879 327 939 de
347 877 513 942 Cods'cr'llis:
534 879 593 944 sed
608 901 677 944 non
691 879 942 944 contemnendis
958 879 1142 946 rationibus
1159 879 1194 942 id
1212 888 1316 963 negat
1332 878 1466 944 laudatus

229 985 433 1052 Boehmerus
447 986 534 1048 Diss-
548 987 617 1050 ead
632 1009 658 1048 c.
672 988 703 1051 1.
716 988 746 1070 §.
759 986 812 1050 27.
826 1006 872 1068 sp.
881 1008 915 1069 p.
930 986 983 1050 26.
996 1008 1041 1068 sq.

230 1241 303 1294 vatio
319 1241 432 1307 insuper
450 1241 543 1295 haberi
560 1242 658 1310 eoepit,
676 1248 735 1296 tum
752 1260 818 1297 sero
835 1243 1055 1310 conspirantibus
1073 1247 1100 1296 et
1117 1241 1222 1309 legibus
1234 1247 1262 1294 et
1272 1241 1403 1306 moribus,
1414 1242 1465 1295 ciri·

230 1328 264 1380 lis
282 1332 311 1381 et
322 1324 452 1393 praetorii
469 1324 624 1377 testamenti
640 1328 788 1381 solennitas
801 1327 830 1381 in
844 1341 927 1380 unam
939 1326 1042 1380 coaluit
1054 1328 1179 1393 formam,
1197 1324 1384 1380 necessarium
1394 1324 1464 1378 risun

229 1411 295 1474 tuit,
311 1426 346 1462 ne
369 1424 483 1477 prorsus
507 1412 718 1464 confunderetur
742 1411 930 1466 codicillorum
944 1417 975 1466 et
992 1417 1215 1466 testamentorum
1228 1412 1293 1478 jus,
1312 1413 1412 1464 formae
1426 1412 1464 1464 dif-

228 1493 369 1549 ferentiam
394 1500 523 1559 statuere,
549 1510 605 1562 qua
626 1495 744 1549 codicilli
768 1497 1014 1550 internoscerentur
1031 1512 1048 1548 e
1065 1497 1242 1550 testamentis.
1268 1498 1359 1564 quue
1375 1496 1462 1561 perfecit

228 1577 402 1632 lastinianus
419 1581 453 1632 L.
472 1585 496 1634 8.
514 1582 536 1648 ξ.
555 1585 580 1634 3.
602 1581 630 1633 0.
650 1581 681 1631 de
703 1580 849 1646 Uediouis,
867 1598 923 1634 non
940 1583 1021 1646 plane
1045 1587 1127 1648 atque
1144 1584 1252 1645 aperte,
1270 1597 1367 1633 verum
1386 1581 1460 1634 misere

228 1665 419 1733 interpolando
436 1665 645 1718 'theodosianae
665 1665 869 1720 constitutionis
886 1666 1054 1730 clausulam,
1072 1681 1144 1734 quae
1160 1679 1177 1716 a
1194 1663 1351 1731 visigothis
1373 1665 1460 1730 omissa,

228 1754 256 1820 et
272 1749 373 1802 nostris
397 1750 507 1804 demum
524 1750 692 1817 temporibus
710 1755 830 1816 reperta,
853 1767 926 1804 nunc
948 1751 977 1804 lu
1003 1749 1154 1804 norissima
1171 1749 1359 1804 ’theodosiani
1380 1752 1459 1804 codicis

135 1868 140 1886 ,-
227 1834 347 1886 editione
368 1835 480 1902 legitur;
509 1833 563 1887 vid.
579 1835 611 1886 L.
631 1839 656 1888 7.
678 1835 727 1888 st.
748 1835 777 1887 0.
795 1835 827 1886 de
854 1843 954 1888 testam.
978 1845 1004 1886 ct
1027 1837 1108 1890 codic.
1125 1853 1153 1904 p.
1170 1839 1231 1890 ³68.
1246 1850 1310 1902 sqq.
1335 1853 1401 1906 cosp.
1410 1837 1458 1906 jer.

229 1917 309 1971 Rom.
328 1921 478 1989 ontqjustin.
497 1921 587 1973 Bonn.
606 1919 648 1972 cf.
668 1925 697 1972 et
713 1920 794 1972 Danz
811 1938 904 1973 comm.
923 1921 994 1974 laud.
1013 1919 1100 1974 Mitt.
