3062 5156
380 401 436 468 Du
451 398 558 468 'June
586 400 730 483 Qornrr.
754 399 810 468 Ftr
833 399 947 472 Crvrr.
1220 407 1293 478 229
1399 507 1403 516 ¹

50 568 118 662 lege
136 576 249 640 Plotia
267 599 287 640 a
306 577 353 640 Μ.
374 575 509 640 Plautio
530 576 668 640 Silvano
690 585 723 642 et
743 577 779 640 C.
796 576 933 661 Papirio
959 576 1113 642 Carbone
1133 577 1290 644 Tribunis

50 684 143 770 plebis
163 684 279 748 civitas
298 683 537 748 communicate
552 704 623 748 cum
642 685 794 748 omnibus
810 683 906 746 sociis
921 684 1203 768 Latini-nominis,
1222 687 1288 751 iuro

51 801 78 854 et
90 791 272 874 peregrinis
287 791 367 868 illis,
382 793 620 874 quisoederotts
641 793 816 854 otus'tatt'bus
835 791 1156 872 adscrt'ptt'sm'etmt:
1170 797 1202 855 ιι·
1214 803 1288 868 tum,

50 919 129 980 qoam
149 899 400 975 tocsmtatur,
421 903 454 962 ιἰι
478 899 573 962 Italt'r:
598 900 783 962 doms’ca'b'um
804 898 1001 960 habuissent:
1020 908 1052 960 ot
1073 904 1105 962 st
1120 905 1293 982 sexaginte

51 1006 141 1066 diebus
158 1006 250 1086 opud
266 1007 451 1068 Praetorem
466 1016 572 1068 essent
582 1006 736 1088 prttseost':
756 1004 875 1067 Cicero
886 1025 947 1086 pro
961 1007 1083 1068 Arabia
1101 1008 1204 1070 Poeta
1216 1030 1242 1070 c.
1258 1007 1290 1070 0.

50 1111 199 1174 Postremi
226 1133 315 1176 arma
340 1125 518 1197 posuerant
545 1111 672 1176 Lucani
701 1120 736 1175 et
756 1110 935 1192 Samnites,
957 1111 1016 1174 sed
1039 1120 1074 1176 et
1095 1111 1155 1177 hos
1177 1121 1289 1178 tamen

51 1219 167 1282 civitate
193 1219 325 1282 donari
331 1219 458 1304 placuit
479 1219 520 1284 A.
542 1219 583 1284 U.
604 1220 641 1283 C.
664 1237 807 1284 uouxx.:
831 1218 920 1282 Flor.
941 1219 1027 1299 lusu.
1048 1219 1117 1280 nto.
1138 1205 1290 1284 LXXIV.

49 1326 90 1387 66.
106 1347 146 1388 ex
160 1347 230 1410 quo
242 1323 324 1388 'loco
342 1327 443 1391 etiam
458 1335 599 1410 constat,
615 1326 709 1390 novis
726 1325 777 1390 his
793 1326 919 1390 civibus
941 1345 1002 1408 per
1018 1326 1203 1388 universam
1219 1327 1292 1389 lta-

50 1433 113 1496 liam
129 1436 186 1518 Jus
204 1433 351 1518 suffragii
373 1434 615 1499 fuisse‘datum.
637 1435 682 1496 Et
704 1433 802 1496 initio
821 1432 953 1518 quidem
973 1433 1007 1496 in
1027 1440 1106 1496 octo
1125 1454 1227 1496 novas
1243 1435 1289 1514 ¹¹),

51 1541 157 1622 idest,
187 1548 370 1623 postremas
396 1543 501 1606 tribus
525 1543 665 1606 urbanas
690 1539 825 1606 collecti
852 1539 1002 1602 fuerant:
1025 1538 1149 1624 Vellej.
1173 1542 1215 1602 II.
1237 1541 1289 1626 20

51 1655 149 1731 postea
167 1648 203 1710 in
223 1657 354 1712 veteres
376 1650 480 1712 XXX
492 1657 566 1733 post
586 1648 695 1712 irritos
714 1647 753 1712 Ρ.
771 1647 921 1731 Sulpicii,
935 1645 1083 1710 Tribuni
1100 1648 1227 1732 plebis,
1254 1657 1290 1711 et

53 1755 81 1816 C.
95 1753 189 1818 Marii
206 1763 343 1818 conatus
359 1756 508 1820 translati
530 1763 604 1820 sunt
618 1779 638 1820 a
651 1755 688 1818 C.
704 1754 811 1818 Cinna
828 1754 989 1819 Consule:
1009 1753 1153 1838 Appian.
1164 1757 1204 1818 de
1215 1757 1290 1817 Bot-

52 1867 81 1924 to
96 1867 166 1926 out.
187 1862 282 1948 tot.
306 1862 455 1926 Freinsh.
478 1867 634 1948 Supplem.
653 1863 722 1925 Lt'v.
742 1861 895 1926 LXXIX.
914 1862 944 1924 1.
973 1863 1027 1926 Ex
1048 1883 1115 1946 quo
1138 1869 1288 1946 tempore

53 1991 141 2052 aequo
164 1991 228 2054 per
246 1969 357 2032 omnia
371 1970 449 2053 jure
473 1972 523 2034 usi
543 1979 617 2036 sunt
640 1969 729 2032 cives
751 1969 896 2032 Romani
922 1977 1053 2034 veteres
1075 1979 1109 2033 et
1129 1967 1208 2034 noui
1229 1991 1289 2053 per

53 2077 222 2140 universum
246 2078 376 2140 Latium
397 2086 430 2141 et
453 2076 602 2158 Italiam,
624 2078 709 2140 adeo
732 2084 819 2140 utet
836 2078 892 2162 jus
911 2076 1048 2160 petendi
1066 2077 1209 2141 honores
1229 2077 1289 2142 ha·
1417 2097 1421 2104 “

52 2185 183 2268 buerint,
205 2184 292 2265 (Cic.
307 2205 369 2266 pro
387 2185 479 2246 Sulla
499 2208 525 2248 c.
545 2185 575 2246 7.
594 2185 640 2265 8.)
664 2192 698 2246 et
717 2184 772 2266 jus
789 2203 923 2262 census,
946 2183 1109 2267 (Onupbr.
1124 2185 1228 2248 Panv.
1247 2188 1291 2248 od

52 2292 124 2353 Post.
140 2295 257 2354 consul.
275 2313 358 2354 anno
376 2296 553 2372 ocnxvnr.)
570 2295 625 2376 jus
649 2311 813 2354 sacrorum
838 2288 1059 2374 publicorum:
1076 2291 1174 2354 Neris
1192 2293 1289 2354 Ceno-

53 2402 121 2479 topt.
144 2401 210 2461 Pis.
230 2400 316 2461 Dies.
337 2400 362 2460 Ι.
380 2419 405 2458 o.
424 2399 453 2460 5.
465 2419 498 2480 p.
515 2399 566 2462 72.
590 2401 651 2462 Ez.
670 2395 792 2486 Spanh.
815 2397 890 2464 Ort.
906 2397 997 2468 Rom.
1014 2397 1130 2464 Exere.
1150 2398 1175 2458 I.
1196 2419 1222 2460 c.
1238 2398 1293 2466 10.

50 2505 131 2584 1:59.
146 2527 188 2588 sq.
313 2561 316 2566 .

629 2693 636 2710 .
658 2649 709 2711 10.

321 2763 420 2816 Paullo
433 2772 540 2831 postet
560 2650 646 2817 Galia}
667 2764 808 2833 Cisalpini:
824 2764 915 2817 civito:
933 2763 1003 2816 data.

123 2871 217 2936 Italia
239 2880 318 2936 tunc
341 2898 360 2937 a
382 2895 502 2958 supero
528 2876 609 2937 mari
629 2875 782 2939 Arimino
807 2881 841 2936 et
856 2874 1014 2956 Ancona,
1037 2893 1094 2936 seu
1111 2871 1290 2937 Rubicone

55 2976 149 3062 fluvio,
164 2982 205 3043 ab
228 2978 387 3044 inferiore
402 2983 493 3044 Luca
510 2982 762 3046 terminabatur:
779 2981 941 3066 reliquum
962 2988 1102 3044 tractum
1122 2981 1163 3043 ad
1182 2980 1289 3066 Alpes

55 3105 142 3169 usque
159 3085 249 3150 Galli
266 3088 427 3173 Cisalpini
443 3098 476 3152 et
495 3089 621 3152 Veneti
638 3089 837 3153 insederant.
852 3086 942 3150 Galli
958 3067 1057 3170 porro
1075 3087 1107 3148 in
1129 3087 1290 3172 Cispada-

54 3213 102 3255 nos
122 3203 152 3257 et
177 3195 431 3279 Transpadanos
452 3196 694 3260 dividebantur.
721 3197 857 3260 Priores
879 3195 1014 3258 civitate
1036 3193 1151 3255 donati
1172 3193 1289 3276 Cispa-

55 3299 129 3382 dani,
144 3309 261 3386 utpote
280 3301 403 3366 ltaliae
412 3304 599 3387 propiores:
617 3305 676 3366 ΕΖ.
692 3303 815 3387 Spanh.
835 3303 907 3366 oro.
922 3304 1011 3364 Rom.
1027 3302 1142 3362 Exere.
1158 3300 1182 3358 I.
1198 3318 1223 3360 c.
1239 3299 1289 3361 11.

51 3429 77 3486 p.
95 3409 140 3470 61.
167 3412 291 3473 Postea
314 3419 347 3474 et
369 3409 600 3494 Transpadani
625 3411 766 3474 civitatis
782 3412 860 3495 jura
884 3410 1098 3473 obtinuerunt
1127 3427 1192 3470 una
1217 3427 1289 3470 cum

55 3515 186 3580 Venetis.
209 3518 301 3580 Nam.
314 3538 412 3602 quum
433 3527 532 3582 antea
554 3519 644 3582 Latii
660 3519 716 3603 jus
734 3518 964 3602 impetrassent
980 3540 998 3579 a
1016 3515 1181 3599 Pompejo
1201 3515 1290 3582 Stra-

55 3624 142 3687 bone:
158 3625 282 3688 Ascon.
301 3625 439 3688 Pedian.
458 3631 492 3688 in
519 3629 656 3692 Ct'ceron.
677 3627 784 3689 Piston.
803 3646 836 3707 p.
858 3625 928 3688 156.
950 3626 1055 3708 ipsum
1077 3623 1219 3686 civitatis
1235 3623 1292 3707 jus

56 3731 93 3792 eis
106 3732 195 3796 dedit
213 3732 250 3795 C.
265 3731 374 3796 Julius
392 3733 514 3797 Caesar
528 3735 570 3797 A.
587 3735 629 3800 U.
646 3735 682 3798 C.
697 3751 833 3796 noctu:
851 3732 918 3794 Dio
934 3730 1022 3793 Cass.
1038 3731 1122 3792 Hz‘st.
1138 3732 1225 3793 XLI.
1239 3730 1292 3794 36.

47 3838 138 3902 'Unde
161 3862 228 3903 non
253 3840 384 3922 mirum,
409 3839 552 3905 Galliam
569 3841 653 3904 hanc
672 3840 872 3924 Cisalpinam
893 3841 935 3902 ab
954 3860 995 3900 eo
1014 3845 1164 3922 tempore
1183 3854 1291 3899 'roes-

56 3962 113 4010 rtu
130 3948 193 4012 dici
211 3949 369 4032 coepisse.
393 3949 476 4010 Tam
497 3948 598 4032 pleno
618 3950 705 4012 enim
718 3950 795 4032 jure
814 3949 946 4011 fuerant
965 3946 1106 4009 civitatis
1117 3947 1194 4030 jura
1212 3965 1293 4008 con-

57 4057 179 4138 sequuti,
198 4063 234 4120 ut
253 4057 345 4119 etad
363 4055 518 4138 suffragia
536 4056 674 4120 serenda
689 4056 920 4140 petendosque
938 4052 1082 4116 honores
1096 4073 1162 4114 non
1178 4053 1294 4128 minus,

57 4182 86 4222 ac
102 4165 218 4248 reliqui
236 4163 337 4246 cives,
356 4163 624 4228 admitterentur:
645 4163 781 4226 Sueton.
801 4166 891 4226 Caes.
909 4182 935 4224 o.
950 4160 980 4223 9.
997 4161 1058 4222 Ez.
1077 4157 1198 4241 Spanh.
1218 4158 1292 4222 Ort.

56 4269 130 4334 Rom.
143 4274 260 4334 Eaero.
277 4271 302 4330 Ι.
318 4292 343 4330 c.
359 4270 408 4332 13.
419 4291 453 4352 p.
471 4271 521 4332 76.
609 4317 614 4324 .

113 4484 145 4551 k)
164 4485 216 4538 Vel
234 4483 327 4550 potius
342 4483 370 4536 in
390 4484 487 4548 decem,
504 4488 536 4536 ut
554 4482 695 4550 ingeniose
712 4481 823 4548 conjicit
840 4479 972 4534 Huschke
995 4479 1068 4544 Vcrf.
1086 4478 1110 4530 d.
1131 4477 1205 4531 serv.
1223 4475 1297 4531 100.

57 4579 78 4630 p·
92 4572 146 4623 678.
163 4575 219 4624 nat.
238 4573 281 4622 85.
301 4565 386 4646 tutti.
959 4597 963 4600 -
