3130 5148
197 309 276 360 v111
619 287 788 368 Ituruoars
812 287 1031 360 Panaenum.

196 489 326 555 interea
345 486 426 564 libri
442 486 533 560 illius
551 487 656 550 editio
674 487 709 550 in
725 486 895 572 publicum
908 489 1090 574 prodierat,
1113 503 1135 574 ,',
1145 491 1300 575 synopsin
1314 491 1449 555 'succina

197 613 282 672 ctam
300 604 348 688 §§.
365 598 445 668 edit.
461 604 540 670 VII.
557 612 591 668 et
607 603 803 687 paginarum
823 604 906 670 edit.
920 605 1018 670 VIII.
1034 607 1144 691 operis
1159 606 1378 691 Hugoniani''
1396 629 1450 692 ar-

197 727 355 806 gumento
371 719 423 784 iili
436 718 607 782 titulorum
623 726 657 782 et
671 719 878 786 materiarum
891 719 1024 786 adnecti
1041 723 1176 787 curavit.
1194 723 1242 786 At
1257 743 1339 785 vero
1353 722 1449 806 hujus

197 857 331 922 quoque
346 836 494 920 synopsis
511 856 643 898 omnem
657 831 835 898 utilitatem
851 844 978 920 tempus
994 859 1071 900 mox
1086 838 1266 903 absorbuit.
1281 839 1355 903 Nec
1369 861 1449 924 pro-

196 954 288 1018 secto
312 951 429 1016 melius
451 951 638 1016 consultum
658 951 747 1014 foret
768 950 923 1034 publicae
945 953 1153 1035 utilitati,'si'
1171 955 1262 1018 istius
1281 955 1315 1018 in
1339 954 1448 1018 locum

146 1091 149 1100 ·
196 1067 296 1135 adium
316 1087 359 1130 ex
380 1065 572 1149 undecima,
592 1087 657 1152 qua
676 1087 763 1130 nunc
788 1066 921 1150 utimur,
944 1067 1092 1132 editione
1117 1089 1254 1134 exarare
1272 1068 1449 1132 voluissem
1467 1040 1474 1052 Δ

196 1183 350 1252 indicem.
371 1182 505 1248 Etenim
520 1182 716 1266 Hugoniani
738 1182 863 1266 operis,
879 1172 970 1266 quod
992 1185 1140 1267 assidue,
1161 1186 1238 1251 dum
1258 1185 1365 1248 honos
1387 1185 1451 1248 erit
1553 1221 1554 1224 κ

196 1290 247 1365 iris
267 1299 386 1397 literis,
403 1298 581 1384 legendum
595 1307 648 1362 est
663 1299 747 1382 juris
765 1299 936 1380 studiosis,
953 1293 1111 1386 deinceps
1127 1302 1226 1365 etiam
1249 1322 1352 1364 novas
1371 1321 1451 1384 pro-

87 1495 88 1499 ,
197 1416 322 1480 dituras
338 1435 409 1478 esse
432 1413 608 1496 editiones,
624 1421 714 1478 certo
730 1433 862 1498 sperare
876 1415 967 1479 licet.
978 1416 1136 1500 Denique
1153 1416 1323 1479 consilium
1342 1437 1451 1480 meum

196 1531 247 1598 his
263 1539 353 1596 certe
372 1531 551 1614 probatum
567 1529 608 1593 iri
631 1529 773 1612 confido,
802 1531 859 1616 qui
880 1551 939 1594 usu
955 1521 1067 1595 edocti
1089 1537 1296 1616 perspectum
1316 1532 1451 1612 habent,

196 1648 302 1732 ipsum
325 1645 450 1730 optime
464 1645 645 1728 Hugonem
668 1645 779 1708 indice
800 1666 908 1712 rerum
937 1656 971 1710 et
992 1648 1169 1733 verborum
1190 1647 1451 1742 locupletissimo

198 1763 292 1848 operi
309 1759 497 1845 adjiciendo
517 1760 698 1824 commodis
722 1782 834 1824 eorum
857 1762 1075 1847 cousuluisse,
1100 1764 1251 1849 quicum
1275 1763 1344 1847 ejus
1365 1761 1454 1826 libro
1553 1739 1554 1748 ἵ

198 1876 462 1942 Heineccianum
478 1876 583 1940 velint
599 1875 761 1940 conferre.
819 1965 821 1970 ,

280 1993 355 2058 Jam
380 1991 494 2054 harum
520 1990 661 2075 partium
685 2013 752 2054 non
779 1993 1035 2058 necessariarum
1058 1994 1254 2075 omissione,
1279 2001 1453 2056 tum-vero

198 2109 340 2174 maxime
362 2115 514 2190 typorum
533 2107 641 2172 forma
655 2108 758 2192 magis
771 2117 940 2173 contracta
956 2110 1108 2173 effectum
1122 2117 1183 2191 est,
1201 2117 1248 2190 ut,
1263 2107 1346 2171 licet
1359 2116 1455 2172 vetus

152 2207 154 2214 Α
199 2224 304 2291 editio
320 2223 370 2288 sui
387 2221 526 2306 amplius
544 2223 728 2308 quadrante
750 2225 838 2288 novat
854 2234 1038 2309 superetur,
1054 2235 1165 2290 tamen
1182 2224 1377 2308 paginarum
1392 2245 1456 2287 nu·-
1553 2225 1554 2232 ’

184 2361 304 2420 ἱιιιθτιιε
323 2360 365 2402 ue
389 2349 512 2424 aequet
527 2340 660 2424 quidem
677 2362 763 2423 eum,
782 2341 839 2426 qui
856 2341 972 2425 expiet
991 2342 1172 2406 editionem
1189 2342 1341 2424 proxime
1358 2345 1456 2424 supe-

196 2458 327 2522 riorem.
350 2452 452 2532 Quod
475 2453 638 2536 reliquum
664 2443 731 2532 est,
749 2465 786 2519 ut
810 2477 913 2554 opera
935 2477 1027 2536 mea,
1053 2456 1308 2540 qualiscunque,
1331 2453 1456 2518 fructus

198 2571 348 2640 adlatura
360 2570 401 2632 sit
415 2569 575 2634 salutares
586 2569 783 2659 iis,quorum
801 2571 1003 2655 potissimum
1020 2593 1118 2636 causa
1127 2571 1277 2634 laborem
1287 2569 1375 2634 hunc
1383 2593 1455 2635 sus—

71 2717 73 2722 ’
99 2761 101 2766 ,
191 2687 284 2780 cepi,
299 2685 515 2750 vehementer
530 2687 628 2768 cupio
646 2694 746 2770 atque
761 2694 854 2770 opto.
976 2745 981 2750 ,

283 2833 407 2920 Scripsi
424 2832 632 2918 Goettingae
648 2835 703 2898 die
717 2835 766 2898 X.
781 2855 823 2897 m.
838 2835 974 2898 Octobr.
988 2849 1158 2919 nncocxu
