2890 5162
209 347 282 416 iss
566 397 570 406 .
659 336 735 406 Lm.
760 335 820 405 lll.
845 335 924 405 Tm.
951 335 1011 406 lv.

213 515 376 603 prodiisse
397 513 482 578 illud
501 513 634 580 SGtum.
659 513 849 578 Antecessit
871 511 955 576 illud
982 513 1221 598 Imperatorum
1242 513 1375 578 Antonini
1389 525 1410 578 ct

215 623 390 689 Commodi
405 622 523 688 Oratio
538 623 572 686 in
587 622 713 686 Senatu
726 623 878 704 recitata,
894 621 984 706 cujus
999 601 1150 686 meminit
1160 621 1311 705 Ulpianus
1320 623 1410 705 Fragia

213 733 337 795 XXVI.
355 732 385 793 7.
414 729 490 808 Qua
512 731 555 794 de
577 751 613 792 re
635 729 702 794 Jul.
725 729 933 814 Capitolinus
955 734 1020 792 vita
1041 731 1086 794 M.
1108 733 1260 794 Antonini
1271 731 1414 814 *eunapii

213 863 238 904 a.
254 839 319 904 ll.:
341 837 405 917 (M.
418 838 624 920 Antoninus)
644 841 729 920 tegas
743 841 837 900 etiam
852 838 974 900 addidit
985 839 1025 900 da
1038 843 1182 902 sicamina
1196 837 1413 910 herodianai

79 949 85 954 '
213 949 318 1012 tutelis
337 948 532 1018 lidentonam,
549 947 587 1008 da
601 947 686 1008 donst
701 949 867 1018 maternis,
882 948 998 1008 etitem
1012 945 1052 1008 da
1066 949 1209 1030 filiorum
1223 945 1413 1008 comessoribus

209 1075 272 1139 pro
289 1062 384 1138 parte
397 1063 552 1116 materna.
572 1052 700 1118 Ultima
722 1051 809 1114 enim
824 1050 882 1116 lex
896 1073 963 1116 non
985 1053 1053 1117 alia
1068 1062 1136 1135 est,
1152 1073 1249 1138 quam
1263 1050 1361 1114 sctum
1374 1051 1413 1113 Οι-

213 1161 414 1247 phitianum,
434 1161 525 1246 quod
554 1169 588 1224 et
611 1160 692 1225 alias
716 1158 778 1224 soli
800 1159 846 1222 Μ.
868 1158 1042 1224 Antonino
1062 1161 1231 1226 tribuitur:
1254 1161 1288 1222 Ia
1305 1158 1330 1222 9.
1347 1159 1376 1220 1).
1388 1159 1414 1218 ad

214 1270 332 1332 sctum
358 1269 583 1332 Tertullianum
604 1279 635 1332 et
654 1268 882 1350 Orphitianum.
901 1267 940 1332 L.
954 1249 985 1332 6.
999 1269 1040 1331 D.
1056 1269 1120 1332 eod.
1134 1269 1174 1332 L.
1187 1265 1260 1330 230.
1272 1268 1308 1328 Ι).
1320 1267 1350 1328 de
1364 1267 1411 1326 Va-

212 1379 275 1440 a...
294 1377 398 1460 aar.

801 1477 830 1560 ς.
847 1476 878 1540 4.

736 1593 804 1666 Ejus
820 1595 940 1648 materia.
996 1629 1001 1638 ·

299 1697 455 1761 Ceterum
469 1691 534 1758 hoc
550 1693 639 1757 SCto
655 1693 735 1757 data
749 1703 800 1758 est
821 1701 886 1760 tam
902 1693 983 1772 filio,
998 1714 1095 1778 quam
1110 1691 1219 1776 filiae,
1234 1690 1360 1776 legitima
1370 1709 1409 1750 na·

214 1804 273 1869 tris
287 1803 465 1884 hereditas,
486 1801 613 1865 etiamsi
629 1801 739 1868 alieno
753 1802 823 1888 juri
838 1801 979 1888 subjecti
996 1800 1211 1884 subjectaeve
1226 1807 1332 1880 essent,
1342 1797 1378 1876 ita
1388 1801 1426 1884 fliss

199 1910 464 1995 'praeferrentur
480 1909 731 1993 consanguineis
754 1915 787 1974 et
811 1909 963 1996 adgnatis
986 1907 1164 1972 defunctae
1187 1907 1306 1972 matris:
1318 1925 1349 1986 pr.
1358 1903 1405 1962 last.
1425 1895 1426 1898 ’

218 2021 247 2081 t.
265 2029 288 2081 t.
310 2017 440 2082 Liberis
456 2037 537 2081 vero
559 2018 709 2082 omnibus
729 2017 794 2082 hoc
810 2038 998 2081 concessum
1020 2014 1238 2092 beneficium,
1254 2014 1336 2078 ctiam
1345 2006 1402 2089 dgr

218 2126 386 2212 quaesitis,
402 2125 527 2210 quippe
547 2147 685 2211 quornm
701 2134 807 2190 mater
822 2107 948 2190 incerta
963 2145 1034 2188 esse
1055 2122 1144 2187 haud
1158 2131 1298 2216 potest:
1299 2121 1322 2202 §.
1332 2117 1353 2179 1.
1363 2115 1408 2174 101

216 2237 281 2300 eod.
297 2233 397 2298 Pauli
413 2235 565 2296 Sententt.
582 2234 719 2317 Recepit.
731 2234 789 2298 IV.
802 2233 853 2296 10.
869 2233 899 2296 1.
920 2232 994 2296 Nec
1010 2231 1126 2317 capitis
1138 2227 1346 2294 deminutione
1356 2239 1409 2304 peu

216 2342 390 2406 mebantun
403 2341 486 2405 istae
502 2342 741 2409 successiones.
763 2343 792 2423 §.
806 2340 837 2403 2.
853 2343 931 2404 Inst.
945 2342 1009 2404 eod.
1031 2338 1133 2418 Quod
1147 2349 1258 2403 tamen
1278 2328 1426 2444 deminici

216 2449 482 2535 intelligendum.
504 2448 589 2511 Nam
606 2448 649 2513 ad
664 2448 764 2513 filiam
767 2468 880 2534 ‚quae
896 2447 951 2511 vel
967 2445 1099 2530 ancilla,
1114 2447 1170 2512 vel
1186 2447 1301 2510 liberta
1314 2461 1347 2502 ex
1357 2403 1426 2500 11101

218 2557 404 2622 Claudiano
420 2555 527 2618 fuerat
551 2555 638 2619 facta
653 2561 696 2638 0)
712 2576 780 2619 ιιοιι
796 2557 917 2641 magis,
942 2555 1038 2642 quam
1055 2554 1098 2618 ad
1110 2554 1251 2621 Latinos
1266 2560 1296 2616 et
1313 2539 1411 2634 peregri·

94 2699 98 2706 ·
217 2687 295 2746 nos,
318 2662 471 2746 legitima
499 2661 558 2726 illa
583 2663 694 2728 matris
720 2663 898 2728 intestatae
925 2663 1093 2728 hereditas
1114 2661 1312 2748 pertinebat:
1333 2648 1411 2718 Paulus

175 2757 418 2852 'amaea

803 2883 832 2966 s·
853 2883 883 2945 5·
918 2860 921 2867 “
974 2869 981 2882 ‘

451 2997 511 3056 Quo
525 3006 606 3066 pacto
625 2996 702 3052 tiberi
718 3017 751 3052 ex
769 2999 818 3054 doe
834 2997 905 3054 Sca
923 2973 1016 3050 matris
1033 2968 1244 3066 herednfactit
1292 2973 1296 2982 ⁶
1321 3065 1323 3069 Ι
1350 3020 1353 3028 ·

304 3097 462 3176 Quamvis
477 3120 558 3163 vero
573 3098 674 3163 liberi
687 3099 774 3185 patri
788 3099 860 3184 ipso
875 3102 953 3186 jupe
973 3097 1114 3162 heredes
1130 3104 1240 3169 essent
1262 3088 1340 3175 (vide
1353 3096 1426 3162 supra.

219 3207 287 3269 Ltt.
303 3208 362 3268 ΙΙΙ.
377 3207 435 3270 itt.
450 3209 476 3268 I.
487 3208 516 3289 §
527 3207 587 3288 l.)·
603 3207 713 3270 matris
729 3214 839 3270 tamen
854 3206 905 3268 illi
920 3206 1061 3270 heredes
1075 3206 1202 3269 fiebant
1216 3223 1281 3267 non
1296 3189 1407 3282 1110011110

221 3312 352 3378 sedvel
368 3313 516 3378 aditione
530 3314 725 3378 hereditatis
742 3314 892 3398 simplici,
908 3315 963 3380 vel
979 3317 1140 3379 bonorum
1155 3309 1350 3397 possessionis
1359 3288 1426 3380 peti

214 3421 328 3513 stione,
348 3421 404 3486 vel
421 3423 576 3486 cretionis
592 3421 832 3488 sollemnitate:
850 3421 949 3487 Pauli
968 3423 1123 3485 Sententt.
1141 3421 1279 3504 Recepti.
1295 3411 1340 3475 IV·
1352 3394 1411 3466 111·

221 3535 256 3590 et
269 3530 313 3591 ibi
325 3527 518 3614 Cujacius‚'
508 3553 575 3594 uno
592 3538 626 3593 et
639 3551 700 3616 pro
723 3531 849 3595 herede
873 3532 1026 3617 gestione
1050 3537 1230 3594 maternam
1251 3514 1410 3588 hereditatem

220 3637 394 3722 adquirere
411 3639 556 3721 potuisse
573 3638 692 3722 filium,
709 3660 753 3702 ex
767 3639 804 3702 12.
819 3639 850 3704 3.
868 3640 901 3701 0.
917 3641 962 3702 ad
976 3640 1094 3701 SOtam
1115 3638 1321 3719 Orphitianum
1334 3619 1395 3708 patet
1396 3654 1400 3668 ·
1425 3635 1426 3718 1

808 3791 889 3874 se·

613 3908 775 3962 Mutatioaer
792 3927 858 3962 aava
868 3910 936 3979 jaare
952 3909 1077 3962 invectas.

304 4006 352 4072 At
366 4026 408 4070 ne
430 4005 494 4068 hoc
512 4006 644 4090 quidem
665 4009 787 4074 SCtum
807 4010 988 4074 mutatione
1005 4006 1123 4072 caruit.
1144 4005 1256 4069 Primo
1276 3996 1346 4062 enim
1364 3999 1411 4047 con·

136 4095 139 4103 ’
220 4113 443 4178 stitutionibus
466 4113 551 4177 illud
574 4116 617 4178 ad
644 4125 785 4202 nepotes
809 4119 908 4182 etiam
934 4125 969 4180 et
994 4120 1197 4200 pronepotes
1215 4107 1355 4196 prolatum
1373 4091 1411 4151 est:

220 4221 249 4300 §.
267 4220 295 4280 l.
312 4222 388 4282 Inst.
408 4223 437 4281 Ῑι.
457 4230 477 4282 t.
493 4221 531 4285 J..
549 4221 598 4283 11.
621 4225 654 4285 0.
673 4227 711 4286 da
730 4227 803 4288 Sais
823 4236 855 4288 et
869 4228 953 4307 legit.
968 4227 1017 4286 lib.
1040 4211 1174 4287 Deinde
1195 4230 1229 4286 et
1248 4211 1411 4306 1113011111

220 4326 299 4389 sitos
322 4349 362 4391 eo
378 4335 504 4390 tantum
524 4351 599 4392 casu
622 4332 778 4396 matribus
800 4332 977 4396 succedere
998 4353 1110 4417 passus
1135 4338 1185 4393 est
1204 4314 1409 4394 Justinianus‚⁵¹

224 4456 514 4478 ...ὑ-ν-ἦ-ι-ι-ι-ι-ι-

288 4531 317 4595 c)
338 4530 401 4584 Vid.
418 4547 502 4600 supra
515 4532 576 4603 Lib.
593 4537 614 4587 I.
633 4537 686 4590 Tit
700 4537 780 4590 xv1.
799 4537 820 4604 §.
833 4541 858 4591 Θ.
880 4535 968 4591 ΜίἱΜ.
