3062 5164
213 397 287 464 268
594 392 778 460 Arsurum
802 391 877 458 lun
902 389 927 458 1.
952 389 1040 458 Car.
1066 391 1094 459 l.

215 587 303 651 quae
326 565 451 630 auxilia
473 587 554 629 vcro
576 587 596 628 c
617 565 715 629 sociis
737 565 818 629 olim
845 587 904 630 seu
928 565 1186 650 provincialibus
1211 567 1474 646 arcessebantur,
1519 551 1520 582 ³

216 697 257 738 ca
272 697 291 736 e
307 673 496 738 nationibus
513 673 673 754 barbaris,
691 695 778 760 quae
795 673 852 738 vel
869 673 990 757 pretio,
1003 674 1059 737 vel
1075 682 1194 757 sponte
1212 673 1246 737 in
1268 696 1341 738 eam
1361 695 1400 738 se
1417 675 1474 737 mi-

215 781 321 846 litiam
341 780 481 862 dabant,
495 782 802 845 conscribebantur:
820 782 881 844 Eu.
896 781 1018 866 Spanh.
1038 783 1112 844 crs.
1129 783 1220 844 Rern.
1234 783 1278 842 II.
1290 782 1342 844 21.
1354 803 1393 864 p.
1404 781 1473 844 349.

215 889 288 952 lmo
306 888 392 952 adeo
411 911 432 950 a
450 889 558 952 veteri
579 889 730 952 instituto
749 889 957 953 desciverant
972 890 1117 953 Romani
1130 890 1315 973 Principes,
1331 898 1370 952 ut
1387 899 1472 973 post·

216 996 313 1059 remis
333 996 537 1080 temporibus
555 997 702 1082 integras
725 997 877 1081 legiones
896 1017 915 1060 e
931 996 1079 1060 barbaris
1098 999 1357 1061 conscriberent.
1382 995 1472 1058 Talis

217 1111 267 1166 est
291 1107 371 1184 legio
398 1105 592 1166 Ziannorum
618 1105 706 1188 apud
726 1105 890 1168 Ammian.
913 1104 1064 1168 Marcell.
1084 1105 1207 1166 XXVI.
1225 1105 1255 1166 1.
1280 1107 1362 1186 legio
1389 1105 1473 1166 Gru-

216 1213 407 1292 thungorum
423 1210 512 1293 apud
533 1210 707 1274 Claudiae.
722 1216 755 1273 a'n
770 1213 903 1294 Eutrop.
918 1213 937 1273 1
942 1214 977 1274 V.
994 1211 1046 1274 58
1071 1212 1144 1276 Imo
1163 1211 1240 1276 talis
1259 1231 1385 1295 magna
1403 1231 1471 1294 pars

132 1405 135 1413 1
218 1317 383 1380 exercitus
397 1315 638 1400 Theodosium,
653 1319 696 1381 de
711 1320 802 1416 cujus
818 1320 1012 1383 conditione
1031 1327 1067 1386 et
1080 1318 1158 1384 laxa
1169 1319 1349 1403 disciplina
1364 1319 1472 1402 queri·
1520 1372 1521 1417 ,

217 1433 270 1490 tur
287 1424 409 1486 Zosim.
424 1425 508 1488 Hr'st.
527 1427 586 1488 IV.
600 1449 626 1487 c.
640 1425 692 1488 00.
709 1427 761 1490 01.
785 1426 862 1505 Quo
878 1427 981 1510 magis
997 1425 1189 1508 mirandum,
1203 1427 1388 1510 prostituta
1402 1427 1470 1489 bar-

135 1517 143 1534 ’
217 1533 304 1596 baris
322 1530 458 1614 militia,
479 1532 658 1598 libertinae
676 1542 787 1598 tameu
812 1535 1012 1599 conditionis
1033 1535 1183 1598 homines
1206 1541 1273 1597 tam
1294 1555 1415 1598 severe
1431 1535 1469 1597 ab
1520 1557 1521 1600 l

218 1640 323 1722 omni,
340 1638 439 1702 etiam
457 1640 622 1724 palatina,
638 1640 758 1706 militia
775 1641 953 1706 exclusisse
969 1642 1242 1707 Valentinianum
1259 1643 1322 1704 III.
1340 1643 1425 1726 Imp.
1436 1642 1467 1704 h
1520 1639 1521 1710 l

143 1767 148 1776 ·
216 1747 614 1812 amaricationum.
808 1797 817 1808 .

793 1867 823 1947 §.
844 1864 896 1927 58.

705 1963 758 2016 Jus
775 1963 933 2018 tributurus:
947 1965 988 2033 t).

304 2063 463 2148 Sequitur
484 2065 633 2146 tertium,
650 2064 741 2148 quod
761 2065 813 2154 ad¹
827 2066 995 2130 civitatem
1014 2064 1199 2129 Romanam
1216 2066 1398 2149 pertinuit,
1415 2081 1467 2130 tus

219 2189 441 2236 uutuurouuu
465 2180 500 2235 et
522 2189 762 2236 vucrroffluat.
799 2173 960 2236 Mutum
986 2182 1058 2237 erat
1081 2173 1240 2257 pecunia,
1261 2173 1392 2256 populo
1414 2173 1468 2234 iru-

219 2288 353 2364 perata,
373 2301 459 2365 quae
478 2279 626 2344 tributim
642 2303 662 2344 a
681 2279 818 2363 singulis
837 2279 1040 2364 exigebatur
1053 2285 1096 2362 r),
1117 2281 1214 2359 Quae
1231 2300 1313 2344 vero
1334 2280 1467 2366 pecunia

219 2387 288 2452 alio
303 2409 511 2473 quocumque
530 2389 664 2452 nomine
683 2389 862 2473 pendenda
881 2397 970 2470 erat,
991 2391 1127 2471 occupat
1142 2387 1273 2453 solebat
1293 2387 1466 2474 adpellari:

219 2496 329 2560 Varro
351 2498 391 2558 da
411 2496 528 2578 Lingua.
550 2497 624 2560 Lat.
649 2497 706 2558 IV.
725 2495 777 2559 16.
795 2518 830 2578 p.
848 2495 899 2558 29.
930 2496 1017 2558 Sam.
1041 2494 1144 2560 Petit.
1173 2497 1249 2560 Var.
1272 2497 1362 2560 Lcct.
1384 2498 1424 2560 11.
1441 2495 1466 2556 1.

220 2603 435 2670 Tributorum
453 2603 516 2666 tria
536 2623 662 2686 genera
673 2610 777 2684 erant,
797 2621 910 2684 uuum,
927 2602 1018 2687 quod
1035 2608 1069 2666 in
1084 2608 1199 2686 cupita,
1215 2604 1370 2686 alterum,
1386 2601 1465 2688 quod

220 2732 260 2772 ca
287 2731 383 2772 causa
409 2711 661 2792 conferebatur,
684 2713 828 2791 tertium,
854 2710 945 2794 quod
967 2711 1162 2794 imperatum
1186 2719 1284 2776 extra
1311 2713 1465 2790 ordinem,

220 2818 373 2902 adeoque
394 2823 597 2881 temerarium
623 2820 745 2883 dictum
760 2823 806 2898 ⁸).
837 2817 1011 2881 Tributum
1035 2823 1068 2880 :ir
1087 2822 1209 2900 cupr'ta,
1229 2820 1338 2903 (quod
1359 2828 1465 2905 postea
1521 2855 1522 2892 2

221 2927 319 2989 etiam
339 2927 489 2987 tributum
511 2932 637 3008 caputii,
657 2929 846 3010 capitulare,
867 2932 960 2990 utet
979 2930 1116 3008 pacantis
1130 2947 1192 3008 pro
1216 2929 1389 3008 capitibus,
1409 2925 1465 2990 dici
1521 2905 1522 2910 ἵ

221 3034 346 3117 coepit,
366 3041 451 3097 teste
469 3034 723 3120 Liudeubrogio
740 3036 785 3095 ad
801 3036 957 3096 Ammt‘ou.
974 3035 1115 3096 Marcell.
1134 3055 1169 3118 p.
1189 3035 1257 3115 50.)
1279 3037 1340 3098 sub
1363 3033 1464 3120 primis

219 3142 445 3208 Romanorum
463 3141 598 3226 regibus
617 3143 651 3205 in
669 3162 728 3204 usu
740 3141 820 3223 fuit,
838 3138 923 3206 adeo
942 3149 993 3223 ut,
1010 3163 1108 3226 quum
1124 3143 1197 3225 regi
1212 3164 1295 3226 opus
1312 3153 1401 3207 esset
1414 3163 1466 3227 pc-

222 3253 328 3334 cunia,
348 3271 456 3336 aequo
470 3271 633 3334 pauperes
649 3271 688 3313 ac
699 3249 819 3314 divites
833 3270 935 3313 onere
952 3258 1195 3334 premerentur:
1211 3248 1351 3336 Dionys.
1365 3251 1464 3314 Halic

221 3359 278 3421 IV.
293 3359 344 3421 22.
366 3359 508 3422 Invento
524 3367 632 3421 autem
652 3379 763 3440 ceusu,
781 3359 938 3422 tributum
953 3356 1038 3421 illud
1058 3359 1175 3442 capitis
1191 3359 1300 3443 desiit,
1317 3360 1463 3444 civesque

133 3601 138 3610 ,
292 3548 325 3615 q)
346 3545 531 3613 scriptoribus
549 3547 584 3600 de
601 3563 631 3599 re
648 3547 773 3614 vectigali
789 3563 863 3600 nuuc
879 3546 999 3600 addendi
1015 3546 1161 3614 praecipue
1179 3548 1252 3602 Diet.
1270 3549 1367 3603 Herm.
1385 3551 1464 3614 Hege-

221 3632 305 3686 wisch
322 3633 423 3684 Hister.
443 3632 558 3684 Verruci:
572 3632 638 3686 iiber
650 3635 691 3686 di:
707 3634 787 3686 Rem.
799 3635 948 3689 stramen.
965 3635 1019 3686 alt.
1035 3637 1109 3686 1804.
1126 3639 1154 3685 et
1170 3635 1243 3688 Rud.
1258 3636 1347 3688 Bosse
1364 3633 1462 3690 Grund-

221 3716 289 3786 n'ipe
308 3719 353 3769 de:
379 3717 582 3770 Fluuuzwcsens
604 3718 641 3770 im
660 3717 739 3770 Ro'm.
759 3719 859 3772 Staate.
885 3720 917 3771 T.
934 3719 956 3770 1.
981 3719 1018 3770 Π.
1035 3720 1210 3772 Braunschw.
1236 3737 1264 3772 u.
1281 3719 1378 3785 Leipz.
1399 3721 1463 3771 1801

221 3802 312 3856 Haut.
331 3803 375 3855 De
393 3802 512 3869 Savigny
529 3801 595 3854 iiber
613 3803 654 3854 die
673 3803 753 3855 Rtim.
768 3803 1021 3871 Steuerucrfursunp
1038 3811 1117 3855 unm
1134 3804 1185 3856 den
1203 3804 1332 3867 Kuiscru3
1353 3801 1462 3857 recitin

222 3887 396 3942 scientiarum
408 3887 492 3940 lead.
504 3889 595 3941 Berol.
616 3891 690 3940 1823.
708 3893 736 3939 et
752 3889 858 3940 emend
876 3889 904 3940 iu
925 3888 952 3940 d.
971 3888 1099 3941 Zeitsclr.
1108 3888 1138 3955 s.
1151 3889 1238 3957 perch.
1258 3891 1294 3942 R.
1320 3890 1361 3942 W.
1378 3891 1409 3942 Τ.
1424 3885 1462 3938 u.

221 3991 296 4028 num.
309 3976 344 4027 V.
359 3974 407 4041 (cl.
425 3978 452 4024 et
463 3972 559 4038 Ejusd.
571 3992 663 4028 comm.
680 3973 723 4026 iib.
741 3975 789 4026 das
800 3974 852 4026 Ju:
865 3974 998 4034 Italicum,
1016 3972 1077 4026 ibid
1095 3976 1127 4026 T.
1146 3976 1180 4028 V.
1198 3991 1225 4040 p.
1236 3979 1296 4030 254.
1311 3975 1381 4042 sq),
1399 3971 1462 4026 uude

221 4063 307 4113 multa
325 4065 389 4112 sunt
406 4075 442 4110 ex
458 4057 502 4109 his
520 4061 697 4124 emendanda,
716 4076 786 4128 quae
803 4059 905 4126 passim
922 4062 974 4113 huc
987 4060 1016 4112 iu
1033 4059 1183 4125 adpendioe
1199 4059 1234 4112 dc
1248 4060 1418 4126 publicorum
1428 4073 1463 4110 r:-

222 4143 329 4196 dituum
347 4143 374 4195 iu
392 4143 459 4196 orbe
476 4145 602 4197 Romano
619 4145 724 4198 ratione
741 4146 893 4197 traduntur.
912 4145 999 4197 Muli.

293 4231 320 4296 r)
340 4229 471 4282 Huschke
492 4229 565 4297 Vcrf.
584 4232 609 4284 d.
636 4231 710 4283 Serv.
733 4229 804 4283 Tull.
822 4231 889 4296 Cap.
913 4231 966 4284 IX.
991 4246 1017 4296 p.
1043 4233 1102 4282 488.
1120 4245 1181 4298 sqq.
1200 4227 1287 4282 Miill.
1310 4227 1415 4281 'l'ributi
1434 4239 1462 4275 ex

170 4345 175 4352 ·
223 4330 306 4366 ceusu
325 4313 502 4383 quantitatem
521 4315 591 4367 cruit
605 4317 734 4368 Dukerus
746 4317 783 4368 ud
792 4317 850 4368 Lc'u.
863 4317 1010 4369 XXXIX.
1023 4335 1046 4368 c.
1056 4320 1098 4368 44.
1110 4315 1131 4382 §.
1144 4320 1169 4367 3.
1181 4317 1213 4367 Τ.
1225 4316 1260 4367 V.
1272 4331 1298 4381 p.
1310 4319 1370 4366 ³95.
1385 4305 1462 4364 Haut.

224 4399 266 4450 Cl.
278 4398 309 4450 C.
327 4399 358 4450 1..
377 4399 407 4450 F.
426 4400 537 4452 Schultz
558 4401 751 4469 Grundlcyuup
767 4419 804 4452 zu
821 4403 895 4454 :iuer
904 4399 1056 4470 geschichtl.
1070 4399 1341 4468 Sturumisseusclcfl
1355 4391 1461 4452 101Βό-

223 4501 290 4534 mer.
308 4483 391 4534 Kiilu.
412 4487 487 4537 1833.
504 4487 526 4554 ξ.
542 4491 585 4541 67.
603 4489 646 4538 68.
665 4485 751 4538 Miill.

295 4569 323 4634 s)
344 4569 475 4622 Huschke
492 4570 510 4622 1.
529 4571 547 4624 l.
565 4587 591 4637 p.
609 4573 669 4624 490.
687 4569 774 4624 Mill.
