3056 5154
266 347 322 418 lin
347 347 517 420 Ounrcrr.
542 347 657 436 Quin
673 345 727 420 iix
752 350 911 424 Dinrcro
938 362 1003 422 etc.
1188 353 1260 428 999

52 545 108 588 um
128 523 293 588 cluere
306 531 499 603 terter‘etnrr
510 527 547 592 id
563 523 699 592 enimin
716 523 835 592 diurno
853 535 979 592 tentum
995 529 1084 594 lirrto
1099 531 1260 616 exigebu-

64 631 211 696 Cicero
224 654 287 714 pru
304 633 420 696 Milone
437 657 463 698 c.
480 635 511 700 3.
530 635 660 698 Seneca
678 636 820 700 (lurtum.
837 635 881 728 Χ
900 637 1076 701 uniamur.
1091 639 1121 702 6.
1141 637 1261 721 Ulpiu-

61 741 168 822 apud
188 741 323 802 Auctor.
347 741 455 804 Collct.
473 743 574 825 Legg.
597 743 676 804 Mor.
698 751 727 804 ct
752 743 840 804 Rom.
864 764 890 804 c.
912 742 942 806 7.
962 741 993 806 3.
1009 764 1043 824 p.
1060 745 1131 808 759.
1159 745 1259 810 Unde

57 846 284 910 Tribonieni
302 845 465 910 emblema
489 857 556 928 cst,
577 845 710 932 quando
725 846 763 909 J..
781 848 811 908 4.
833 848 862 932 §-
881 847 911 912 1.
925 849 967 910 Ι).
985 851 1029 912 ud
1044 851 1121 932 leg.
1143 853 1260 932 Aquril.

51 963 113 1016 tur
133 953 189 1017 ita
212 952 343 1016 demum
366 953 415 1018 fus
431 949 529 1017 fuisse
551 951 657 1017 iurem
681 962 874 1018 nocturnum
891 955 1062 1036 occidere,
1077 961 1108 1020 er·
1119 959 1277 1032 uccideur¹

50 1081 123 1123 :um
147 1061 292 1122 clamore
310 1072 390 1123 eruet
414 1065 619 1146 testificatur.-
638 1060 692 1125 vel
714 1081 784 1125 cum
801 1061 885 1126 Viro
908 1061 1024 1128 celeb.
1045 1061 1124 1127 Ger.
1144 1061 1262 1129 Noodt

50 1219 52 1230 ,
75 1169 106 1230 Ι.
132 1164 430 1230 Observatl.c.15.
451 1167 678 1252 statuendum,
702 1167 967 1234 testificationem
990 1170 1081 1236 illam
1098 1193 1169 1234 cum
1193 1170 1262 1235 cla·

50 1295 81 1338 re
101 1271 319 1356 iaciendum,
338 1291 433 1359 quum
452 1274 556 1360 anus'
571 1277 600 1338 d.
617 1277 652 1339 L.
671 1277 701 1338 4.
717 1277 874 1362 requirit,
888 1299 956 1341 non
973 1277 1106 1362 quidem
1131 1277 1172 1342 ud
1189 1278 1261 1341 evi·

50 1383 132 1447 dam
151 1399 299 1465 poenam
314 1381 495 1463 homicidii,
507 1381 566 1446 red
581 1381 623 1446 nd
640 1383 860 1468 effugiendam
877 1404 1018 1470 poenum
1034 1385 1072 1450 L.
1087 1383 1259 1472 Aquilliue

49 1513 96 1553 rse
115 1489 354 1570 necessarium,
371 1491 495 1575 quippe
515 1510 579 1574 qua
598 1501 632 1554 et
647 1489 745 1575 culpa
760 1493 895 1575 quaevis
912 1493 1108 1575 vindicatur,
1124 1515 1190 1557 non
1207 1515 1262 1558 so·

67 1597 194 1679 dolus,
210 1607 248 1661 ut
265 1590 300 1660 in
316 1597 354 1660 L.
370 1597 528 1661 Cornelia
550 1594 593 1662 de
615 1597 749 1662 sicariis.
772 1598 915 1678 Quaeri
939 1598 1104 1687 sequaris,
1126 1609 1162 1665 ut
1186 1607 1261 1665 sunt

49 1730 74 1770 ,e
96 1703 371 1786 verosimillimn,
393 1727 461 1768 non
477 1705 674 1771 Triboniaui
698 1707 763 1771 hoc
786 1706 950 1772 emblema
971 1709 1052 1791 erit,
1069 1699 1128 1773 red
1143 1704 1259 1795 εὕρημα

55 1815 134 1898 ipso
151 1811 243 1897 Gajo
258 1813 493 1877 iureconsulto
508 1810 781 1880 commendatum.

590 1968 620 2050 s.
640 1965 671 2031 e.

355 2080 439 2148 [θρα
456 2082 616 2134 recentum
634 2083 665 2136 de
674 2081 758 2150 furto
775 2091 914 2136 nocturno.

93 2178 253 2258 Quamvis
269 2200 349 2244 vero
366 2166 478 2244 calex
493 2179 555 2264 ipsi
566 2182 633 2268 juri
650 2181 779 2248 divino:
794 2182 896 2246 Eruci.
914 2203 940 2244 c.
955 2179 1005 2244 22.
1024 2181 1094 2246 αἳ.
1112 2191 1161 2246 est
1181 2191 1262 2248 con·-

47 2298 184 2354 ntenear
199 2308 330 2372 semper
347 2297 458 2351 temen
475 2287 589 2372 paullo
607 2288 719 2355 durior
733 2288 803 2352 visa
819 2296 869 2352 est
885 2287 1162 2371 prudentioribus.
1184 2288 1261 2365 Quo

47 2408 131 2461 ctum
145 2403 206 2478 est,
219 2405 254 2459 ut
270 2417 309 2460 ea
321 2395 493 2480 paullatim
508 2395 620 2461 abusu
635 2396 821 2477 recederet,
830 2395 932 2479 iique,
945 2395 1002 2479 qui
1013 2393 1117 2460 furem
1128 2404 1262 2458 noctur-

46 2529 85 2569 rm
110 2503 327 2585 occidissent,
348 2524 390 2566 ex
407 2501 485 2588 lege
499 2497 653 2588 Aquillia
675 2503 940 2585 convenirentur,
960 2503 1026 2566 imo
1052 2510 1086 2566 et
1101 2523 1264 2566 nonnum-

45 2636 109 2677 rnm
127 2634 170 2676 ex
185 2612 263 2696 lege
280 2609 437 2674 Cornelia
458 2610 500 2675 de
516 2612 656 2694 sicariis,
672 2612 807 2676 sirecte
823 2632 858 2675 se
874 2609 998 2676 habent
1009 2610 1145 2696 Ulpiani
1162 2612 1264 2678 verba
1294 2645 1298 2650 ·
1321 2619 1323 2626 '

46 2721 100 2784 rud
117 2726 285 2784 auctorem
308 2719 415 2782 collat.
429 2719 531 2802 Legg.
549 2720 676 2782 Mceaic.
693 2728 724 2780 ut
737 2720 872 2782 licmuu.
891 2719 948 2784 lit.
968 2718 1037 2780 VII.
1051 2718 1083 2782 3.
1105 2720 1145 2782 Si
1152 2721 1264 2798 jurem

46 2837 209 2900 rcturnum,
226 2848 316 2908 quem
332 2828 381 2890 lec·
397 2825 469 2886 XII
486 2826 675 2888 Tabularum
693 2827 861 2891 omnimodo
873 2829 1027 2906 permittit
1042 2827 1190 2900 occidere,
1208 2837 1267 2890 aut

46 2941 179 3007 ternum,
195 2954 282 3016 quem
299 2933 472 3002 eudemius
481 2936 647 3013 permittat,
659 2933 717 2994 eud
728 2934 773 2994 itu
785 2933 918 3005 demum,
933 2936 964 2994 ei
977 2953 1011 2994 ee
1028 2934 1089 2996 telo
1107 2933 1268 3013 defendat,

46 3043 186 3112 deumne,
203 3060 245 3102 un
264 3042 334 3122 luge
350 3041 491 3122 Aquilia
505 3043 674 3102 teneatur?
691 3038 734 3100 Et
748 3039 939 3120 Pomponiae
953 3040 1085 3114 dubitat,
1099 3061 1174 3104 uum
1188 3043 1265 3106 iaec

46 3171 71 3210 n
94 3169 176 3210 nunc
196 3147 252 3226 (nl.
271 3152 350 3227 uun)
376 3153 417 3208 sit
436 3151 468 3210 r'u
488 3168 560 3209 usu.
582 3147 625 3208 Ει
646 3151 677 3208 ei
696 3149 764 3227 quic
782 3154 874 3208 noctu
887 3146 1000 3223 furem
1022 3147 1181 3220 occident,
1203 3167 1275 3210 ποκ’

46 3258 203 3327 uidemur,
222 3258 296 3336 quin
314 3256 384 3338 lege
402 3256 541 3335 Aquillr'u
557 3263 703 3316 terreatur
716 3256 760 3334 e).
783 3255 838 3314 Sin
853 3260 967 3328 autern,
983 3273 1078 3334 quum
1087 3263 1194 3334 puerei
1210 3257 1267 3318 ud-

46 3362 224 3433 retundere,
246 3364 356 3424 maluit
377 3362 529 3434 occidere,
551 3365 652 3442 magis
677 3369 739 3433 eet,
761 3368 799 3422 ut
826 3360 946 3440 injuria
967 3358 1085 3437 secim
1105 3360 1267 3424 uideatur:
1336 3341 1343 3346 .

46 3490 100 3553 rgo
118 3473 206 3530 ctr'rrm
226 3470 294 3550 lege
312 3452 456 3529 Cornelid
469 3467 500 3550 f)
520 3469 683 3530 tenebitur.
704 3467 757 3529 Ex
778 3487 843 3550 quo
867 3465 943 3530 loco
959 3465 1128 3549 discimus,
1147 3468 1265 3532 sennim

95 3675 124 3741 c)
144 3673 243 3726 liudem
268 3673 409 3726 referenda
431 3674 464 3726 L.
482 3677 508 3727 9.
528 3673 563 3726 D.
589 3671 673 3725 adl.
694 3671 773 3726 Corn.
791 3673 823 3724 de
845 3673 923 3725 sicar.
941 3678 968 3722 ct
988 3670 1073 3739 venes.
1092 3671 1155 3724 Ger.
1174 3671 1269 3726 Noodt

46 3758 144 3813 ’rodult
161 3757 183 3809 I.
200 3759 225 3810 9.
244 3753 324 3809 Hein.
916 3774 919 3780 ·

97 3846 126 3910 1)
144 3847 178 3896 At
197 3848 277 3908 negat
299 3842 403 3894 Penius
429 3841 554 3895 Serrteutt.
582 3843 702 3910 Recepit.
732 3840 760 3892 V.
777 3845 819 3893 23.
837 3845 862 3894 9.
880 3842 971 3894 locum
993 3840 1038 3893 iric
1059 3841 1162 3893 iubere
1179 3843 1268 3907 legum

46 3928 184 3983 tumeliam.
211 3929 248 3979 Et
269 3928 390 3993 prolecto
414 3941 446 3977 cu
470 3941 525 3978 nou
550 3925 691 3994 injuriam,
712 3924 760 3978 scd
784 3925 877 3978 dolum
903 3925 1031 3994 requirit:
1055 3927 1087 3979 L.
1111 3931 1136 3980 7.
1161 3926 1196 3978 D.
1223 3927 1269 3979 Ad

46 4017 113 4069 torn.
131 4014 159 4064 dr
174 4013 247 4064 sicar.
271 4011 352 4064 Unde
368 4025 425 4064 non
446 4010 585 4072 Cornelia,
603 4012 653 4064 red
678 4009 796 4078 Aquillia
820 4009 936 4063 scribere
960 4008 1087 4062 debuisse
1109 4011 1266 4076 Ulpianum,

46 4097 188 4168 rgumentis
208 4097 282 4150 haud
300 4097 405 4149 levibus
429 4095 568 4148 contendit
592 4097 655 4148 Ger.
672 4094 767 4146 Nocdt
784 4086 902 4146 Proici.
919 4093 944 4146 Ι.
960 4097 986 4147 9.
1003 4099 1031 4146 et
1048 4093 1085 4146 ad
1101 4095 1150 4163 lec.
1169 4094 1269 4164 Aquili

46 4211 55 4239 ,
73 4189 138 4251 esp.
156 4181 279 4236 182.'Jo.·
294 4197 347 4236 vau
364 4181 412 4234 der
430 4181 528 4235 Weter
551 4178 695 4233 observet.
715 4181 739 4232 1.
758 4183 798 4233 19
816 4176 1002 4246 Scuuungms
1020 4179 1057 4231 cd
1076 4178 1169 4231 Coun.
1187 4182 1268 4250 Lryq.

46 4270 169 4322 norrun.
185 4275 207 4318 ct
226 4267 340 4320 Roman.
355 4286 385 4336 p.
403 4270 463 4322 ⁷60.
482 4266 561 4318 Heln.
583 4264 760 4332 Disputatunr
776 4281 794 4318 e
810 4262 1023 4327 iureconsultis,
1040 4279 1076 4317 an
1093 4265 1188 4330 crrlpue
1205 4277 1269 4318 reus

46 4357 82 4418 rit,
92 4351 141 4422 ‘qni
156 4353 234 4404 furem
252 4358 415 4405 nocturnum
430 4364 572 4404 armenon
590 4356 726 4416 gerentem
744 4349 912 4404 interfecerit.
930 4346 1063 4414 Ulpianus
1075 4364 1108 4400 co
1120 4364 1185 4402 caru
1197 4352 1269 4404 occi-

46 4437 117 4492 dendi
139 4441 288 4502 potmmtem
316 4452 370 4489 non
397 4435 476 4490 facit:
503 4435 534 4489 L.
553 4441 577 4490 7.
596 4437 618 4503 ξ.
638 4441 660 4488 1.
680 4435 714 4489 D.
737 4437 816 4494 Quod
839 4443 900 4486 met.
918 4450 988 4486 caus.
1011 4429 1079 4484 Dixi
1103 4432 1137 4484 de
1152 4448 1187 4484 eo
1205 4433 1270 4488 alibi

46 4525 68 4596 J
83 4523 169 4575 nomm.
185 4521 225 4574 ad.
242 4521 310 4575 0011.
325 4523 382 4575 nl.
401 4523 482 4575 More.
507 4529 533 4573 et
551 4521 656 4574 Rerum.
674 4539 697 4574 c.
717 4519 776 4590 lm]
794 4519 927 4587 plurium.
947 4517 1032 4570 ΟΜ.
