3040 5164
243 404 315 470 370
701 392 777 458 Lrs.
804 389 847 456 ll
871 388 952 456 Trr.
977 387 1038 456 lli.

245 573 281 655 ii,
297 572 354 656 qui
369 569 411 634 ad
427 589 568 654 poenam
585 565 716 630 fuerant
732 565 891 647 damnati,
909 564 1017 628 eidem
1030 564 1126 648 operi
1138 563 1395 628 adhibebantur:
1411 562 1482 626 Tra-

239 682 310 766 jan.
331 679 413 761 Imp.
438 679 483 739 ad
495 679 581 752 Pla,
600 677 702 756 prt.
721 675 763 736 X.
783 673 834 735 41.
862 675 908 738 Et
930 682 1041 737 tarnen
1064 681 1181 736 auctor
1201 681 1252 736 est
1272 671 1374 736 Dion.
1388 671 1483 734 Halic

245 789 313 850 aa.
330 787 391 848 III.
403 785 455 848 67.
470 785 638 866 aliquando
658 781 829 867 neglectas
852 780 997 863 cloacas,
1019 803 1083 844 nec
1100 784 1234 862 ιιιιιρϋω
1251 785 1483 842 tranm’ttestcs

245 915 360 977 nquam
386 915 408 954 a
431 893 616 956 waeran
635 894 718 954 mlle
746 894 872 954 tutantia
894 892 1086 972 purgandas
1115 890 1364 971 rqfioendosqao
1383 890 1482 950 locotus

245 1023 323 1065 esse.
346 1000 446 1078 Quod
470 999 581 1083 operis
602 999 695 1062 istius
719 998 979 1081 magnitudinem
1000 999 1078 1062 satis
1099 1017 1263 1080 superque
1288 997 1481 1060 demonstrat

246 1109 314 1174 Sed
338 1117 372 1172 et
392 1107 603 1172 interdictum
630 1108 797 1191 proditum
828 1114 913 1170 erat:
936 1122 1030 1182 quon
1051 1123 1089 1168 ru
1116 1123 1247 1170 cnoaca
1275 1121 1418 1168 ruumoa
1436 1121 1481 1166 ιι-

247 1236 351 1299 orum,
366 1234 440 1282 srva
457 1231 625 1280 iuuissuu
643 1231 764 1294 HABES,
779 1231 848 1290 Quo
868 1229 953 1278 Usus
966 1229 1047 1278 ntus
1062 1229 1235 1276 nanneten
1248 1227 1316 1294 sir,
1338 1229 1481 1292 nurm-

248 1341 401 1390 srrruss.
430 1341 513 1388 mnu
535 1339 582 1386 un
611 1340 694 1398 qum
717 1340 814 1403 rrar,
843 1338 1121 1412 mnrrrarunrn,
1150 1337 1381 1384 rurunnroarr:
1410 1321 1441 1380 Ι..
1460 1319 1480 1378 l.

246 1434 344 1516 §152
360 1453 405 1513 sq.
426 1435 469 1492 D.
486 1433 525 1494 de
545 1431 646 1494 Ctouc.
668 1430 759 1508 Quin
777 1438 814 1492 ut
834 1429 914 1492 illae
938 1450 1101 1492 cavernae
1123 1451 1166 1491 eo
1184 1428 1306 1492 rectius
1326 1447 1480 1492 conserva-

248 1550 376 1622 rentur,
398 1538 582 1622 singulares
605 1538 645 1601 iis
667 1539 829 1623 praefecti
851 1543 945 1601 erant
972 1537 1197 1620 magistratus,
1223 1537 1280 1620 qui
1303 1551 1478 1600 cunarum

248 1665 453 1714 onoscaaun
478 1663 576 1711 uanis
604 1656 765 1710 vocantur
785 1645 874 1729 apud
901 1645 1079 1710 Gruterum
1105 1647 1265 1727 Insmtptt.
1286 1667 1319 1726 p.
1344 1644 1480 1706 CXCVII.

245 1779 277 1820 ιι.
291 1759 322 1818 5.
340 1778 373 1837 p.
391 1755 567 1816 CXCVIII.
581 1778 612 1818 a.
627 1755 657 1818 2.
671 1753 701 1816 3.
717 1754 747 1814 4.
762 1755 792 1816 5.
810 1755 934 1816 ocull.
949 1776 981 1818 ιι.
999 1753 1029 1816 l.
1050 1754 1099 1818 At
1121 1773 1220 1838 quum
1241 1752 1396 1836 publicae
1415 1752 1479 1814 istae

249 1866 383 1927 cloacae
398 1863 494 1924 initio
509 1883 570 1945 per
583 1862 756 1947 publicum
774 1870 884 1926 essent
904 1862 1040 1928 ductae:
1054 1870 1139 1946 post¹
1149 1862 1339 1926 incendium
1355 1860 1481 1924 Gallica·

248 1993 324 2034 num
334 2017 344 2052 ,
361 1978 487 2033 mutato
506 1970 651 2033 vicorum
668 1970 868 2055 aediumque
883 1973 965 2052 situ,
986 1971 1067 2034 illae
1082 1972 1201 2054 passim
1218 1970 1379 2033 subierunt
1394 1976 1479 2030 tecta.

249 2080 325 2158 Qua
341 2078 383 2141 de
398 2099 435 2140 re
448 2078 561 2140 Livius
574 2078 659 2140 Hist.
676 2079 711 2139 V.
719 2084 782 2161 fio.
796 2081 972 2143 Festinats'o
986 2100 1096 2164 curpm
1111 2083 1224 2140 exemit
1240 2083 1322 2140 mbos
1335 2077 1479 2158 dirigendi

249 2189 333 2257 dum,
343 2190 455 2248 οιιιίιιιι
470 2207 519 2246 ssu
515 2189 687 2268 alienique
702 2187 911 2260 ds'scn'ms‘nes
897 2209 929 2249 m
944 2209 1042 2249 sacrm
1057 2188 1233 2277 aedificant.
1254 2187 1308 2247 Ea
1321 2196 1479 2252 ettennon,

248 2303 286 2358 ut
302 2303 422 2357 veteres
441 2295 581 2367 eborata,
599 2299 704 2376 prs‘nw
720 2315 782 2375 per
802 2271 959 2376 pudls‘eum
980 2297 1112 2367 ductae,
1133 2315 1218 2356 nuuc
1238 2297 1368 2375 priuata
1383 2296 1512 2374 passm

245 2405 381 2466 audeant
395 2411 486 2474 tecta,
498 2401 671 2482 somnoque
684 2404 771 2464 urbis
792 2407 835 2464 sit
848 2411 1017 2483 occupatae
1030 2405 1141 2484 magis,
1164 2423 1257 2485 quom
1272 2403 1405 2473 ὀὲιιίιαι,
1418 2401 1478 2460 stai-

248 2513 297 2573 ea.
322 2510 399 2572 Hae
416 2507 570 2592 publicae
587 2507 721 2572 cloacae
738 2527 905 2574 amvsrnn
921 2518 1031 2593 erant,
1051 2531 1137 2595 quae
1159 2531 1202 2572 ex
1216 2509 1353 2593 privatis
1370 2509 1476 2594 quibus-

249 2638 315 2701 que
338 2615 476 2678 aedibus
499 2615 533 2677 in
555 2617 704 2700 publicas
726 2619 800 2682 illas
821 2618 1091 2681 immittebantur.
1113 2617 1395 2704 Quandoquidem
1418 2635 1475 2697 ergo

250 2723 405 2808 publicae
419 2723 518 2806 illae,
541 2732 577 2788 ut
596 2727 667 2810 jam
691 2747 734 2788 ex
749 2727 846 2789 Livio
864 2727 1172 2807 demonstravimus,
1191 2727 1311 2810 passim
1335 2727 1476 2789 subierunt

248 2840 338 2896 tecta
354 2831 496 2916 privata:
511 2853 593 2916 opus
610 2855 854 2919 nonnumquam
871 2843 942 2898 erat
961 2835 1120 2898 servitute
1135 2852 1306 2914 cnoncnn,
1323 2843 1359 2898 et
1378 2831 1475 2896 vicinus

249 2963 269 3002 a
284 2939 394 3002 vicino
410 2939 638 3024 stipulabatur,
654 2953 691 3007 ut
705 2943 824 3006 liceret
839 2943 901 3006 sibi
917 2945 1078 3027 privatam
1095 2943 1241 3006 cloacam
1265 2965 1328 3026 per
1343 2943 1411 3028 ejus
1425 2941 1476 3001 tirn-

250 3047 325 3110 dum
342 3046 515 3111 deductam
529 3048 564 3113 in
580 3051 711 3116 cloacas
725 3051 874 3136 publicas
890 3051 1082 3115 immittere:
1098 3053 1135 3114 J..
1146 3053 1176 3114 7.
1188 3055 1229 3113 Ι).
1241 3054 1281 3114 de
1296 3052 1409 3113 Serva
1422 3045 1475 3108 tl.
1510 3089 1511 3098 ι

249 3157 277 3238 5.
292 3155 322 3216 4.
338 3156 379 3218 D.
395 3157 435 3218 de
451 3157 552 3220 dioec.

830 3329 859 3410 ς.
881 3332 911 3392 7.

665 3444 783 3497 Seroitm
799 3464 852 3497 noa
870 3445 949 3497 attius
966 3445 1083 3497 tollendi.

330 3562 576 3648 Antiquissimis
591 3582 690 3646 porro
706 3565 909 3647 temporibus
924 3585 997 3626 snas
1016 3563 1157 3647 quisque
1172 3561 1274 3624 aedes
1289 3562 1324 3625 in
1341 3561 1473 3626 infinitum

248 3671 370 3735 tollere
385 3676 536 3755 poterat,
556 3670 657 3754 idque
673 3671 772 3732 etiam
796 3679 846 3734 est
867 3670 1030 3734 libertatis
1054 3670 1228 3734 naturalis:
1250 3671 1288 3732 L.
1302 3671 1334 3732 9.
1350 3680 1383 3733 ct
1398 3665 1475 3730 bil.

248 3781 288 3840 D.
304 3781 343 3842 de
359 3781 447 3842 Serv.
463 3780 532 3843 urb
544 3780 655 3860 praed.
669 3779 707 3840 L.
720 3779 772 3842 26.
789 3781 829 3840 D.
845 3781 884 3841 de
903 3781 1019 3842 Dama.
1041 3780 1145 3858 Insect.
1162 3777 1341 3850 dummodo
1362 3774 1458 3842 nibil
1453 3795 1475 3834 ιιι

248 3888 391 3952 alienum
407 3887 616 3952 immittatur:
609 3887 668 3948 L
683 3886 712 3949 8
721 3890 758 3970 ς
774 3888 803 3949 5.
820 3891 861 3950 D.
878 3891 915 3949 Se
926 3909 1006 3950 sero
1021 3889 1131 3950 vindic.
1154 3887 1244 3949 Hinc
1259 3895 1325 3950 tam
1340 3881 1510 4009 stupenda

248 3997 377 4059 aedium
397 3995 550 4077 altitudo,
575 4001 610 4058 ut
625 3995 682 4058 vix
702 3995 774 4058 sine
789 3995 939 4078 periculo
955 4017 1016 4079 per
1030 3997 1116 4058 viam
1132 3994 1330 4078 publicam
1321 4017 1369 4058 rre
1385 3957 1510 4056 ambu·

248 4104 318 4167 lare
334 4103 469 4167 liceret:
485 4101 657 4166 Iuvenalis
676 4103 743 4180 Sat.
760 4105 819 4164 III.
836 4123 861 4164 ιι.
875 4102 905 4165 6.
921 4123 984 4185 sqq.

394 4237 480 4297 Nam
495 4237 571 4319 qm'd
584 4244 648 4298 tam
663 4241 821 4308 miserum,
837 4245 902 4297 tam
917 4239 1014 4297 solum
1030 4237 1172 4308 uidimus,
1188 4244 1301 4297 utnon

394 4347 541 4406 Deterius
556 4346 668 4406 credas
683 4345 810 4404 torrere
824 4345 976 4416 incendia,
992 4345 1100 4424 lapsus

399 4453 560 4514 Tectorum
576 4453 734 4524 adsiduos,
750 4473 787 4512 ac
801 4454 883 4512 ancile
894 4453 1035 4534 periculo
1051 4474 1164 4514 saevae

400 4561 558 4620 blbae'si-
638 4595 677 4605 -
764 4597 802 4606 -
890 4597 926 4606 -
1011 4567 1053 4606 ’—
1128 4595 1149 4604 -
