3056 5154
336 368 391 438 lin
415 367 588 478 Omrosr.
615 368 720 484 Quen
745 369 858 455 Qussr
883 370 937 440 Ex
962 380 1029 441 etc.
1236 377 1309 449 588

643 545 725 626 ss.

328 646 414 704 Quasi
429 653 580 698 contractus
596 647 666 696 inter
683 643 806 696 nereca
825 653 851 696 et
869 644 1034 714 legatarium.

137 737 233 800 Inter
247 737 404 802 heredem
417 757 550 823 quoque
567 743 601 800 et
614 735 810 821 legatarium
823 739 916 823 quasi
933 745 1118 802 contractus
1133 759 1204 802 esse
1216 738 1310 804 vide-

42 843 163 906 batur.
185 842 393 930 Quamquam
410 843 497 909 enim
515 843 569 908 bic
589 843 682 907 illum
699 865 821 927 cogere
837 865 904 908 non
919 854 1052 930 poterat
1067 845 1109 910 ad
1124 846 1308 912 adeundam

42 951 294 1016 hereditatemz
312 953 348 1016 L.
362 951 412 1016 53.
429 953 471 1016 1).
487 954 530 1016 cd
543 951 662 1016 sctum
683 952 926 1016 trebellianum:
945 952 1035 1018 adita
1051 963 1161 1018 tamen
1176 955 1310 1018 heredi-

42 1069 142 1140 tate,
165 1058 342 1124 videbatur
355 1058 451 1124 heres
469 1060 510 1123 ad
528 1057 730 1124 exsolvenda
746 1058 861 1143 legata
876 1061 1144 1146 implendumque
1161 1063 1310 1128 defuncti

41 1167 260 1230 voluntatem
283 1188 317 1230 se
340 1166 523 1250 obligasse:
544 1168 581 1229 L.
597 1169 626 1229 5.
641 1168 669 1248 §.
685 1166 715 1230 2.
732 1168 773 1229 dc
789 1168 888 1250 Obls'g.
908 1178 938 1232 ct
960 1178 1020 1232 act.
1043 1178 1077 1232 et
1099 1168 1176 1234 hinc
1195 1169 1310 1256 legata

43 1275 216 1358 petebant
230 1272 386 1358 legatarii
406 1277 527 1338 actione
549 1295 590 1336 ca
611 1282 804 1336 testamento.
827 1272 863 1336 Si
885 1274 1032 1358 legatum
1048 1298 1109 1359 per
1124 1276 1310 1342 damnatio-

43 1403 129 1444 nenr
153 1379 305 1444 relictum
321 1379 524 1443 inficiaretur
542 1379 655 1463 heres,
676 1379 769 1466 dupli
793 1381 1062 1446 condemnandus
1082 1393 1170 1448 erat:
1184 1385 1309 1450 Paulus

45 1490 211 1551 Sententt.
226 1488 364 1571 Recepti.
379 1489 404 1548 I.
419 1485 471 1550 19.

628 1587 657 1670 5.
679 1585 730 1650 10.

389 1686 474 1744 Qum
489 1693 640 1738 connectes
657 1703 691 1737 ee
708 1685 836 1738 solutione
853 1683 971 1739 indebiti.

138 1778 295 1862 Denique
311 1777 404 1861 quasi
423 1785 609 1841 contractus
624 1777 854 1842 intercedebat
871 1777 960 1842 inter
975 1800 1067 1861 eum,
1082 1780 1139 1867 qui
1155 1779 1307 1845 solvisset

46 1885 252 1968 indebitum,
267 1894 302 1949 et
318 1905 402 1962 eum,
418 1885 469 1948 cui
482 1893 553 1949 erat
569 1883 720 1949 solutum.
743 1885 799 1950 Illi
815 1906 896 1970 ergo
912 1889 1123 1973 competebat
1140 1887 1308 1953 condictio

46 1993 211 2077 indebiti,
236 1993 278 2057 de
305 2015 370 2076 qua
392 1993 525 2077 integer
546 1991 661 2057 titulus
682 1995 717 2055 in
740 1993 889 2078 Digestis
911 2002 1029 2060 exstat.
1048 1995 1141 2081 (Gaj.
1155 1996 1219 2061 Ill.
1234 1996 1303 2078 91.)

48 2103 213 2167 Gessabat
234 2108 346 2165 tamen
370 2121 408 2164 ea
434 2100 613 2180 condictio,
636 2119 703 2162 non
723 2100 823 2164 modo
839 2101 867 2164 si
890 2103 971 2186 quid
991 2103 1187 2168 naturaliter
1202 2102 1307 2168 debe-

47 2214 163 2291 batur,
178 2208 231 2273 vel
247 2209 273 2271 si
291 2229 334 2272 ex
351 2229 463 2271 errore
473 2209 557 2296 juris
573 2205 714 2270 solutum
732 2215 819 2288 erat,
836 2207 878 2270 de
895 2209 1013 2291 quibus
1029 2209 1155 2274 casibus
1175 2212 1306 2294 prolixe

48 2319 229 2399 doctores,
255 2315 484 2380 verumetiam
508 2316 542 2378 in
559 2314 709 2378 omnibus
731 2314 867 2396 caussis,
891 2335 910 2377 e
934 2315 1050 2400 quibus
1071 2315 1113 2380 lis
1127 2317 1306 2382 inficiando

47 2425 232 2504 crescebat,
248 2423 353 2487 veluti
370 2423 505 2506 exlege
521 2419 683 2507 Aquillia‚
700 2441 744 2483 ex
762 2420 877 2505 legato
894 2443 956 2506 per
969 2421 1225 2506 damnationem,
1246 2447 1307 2488 nec

46 2534 167 2598 nonin
184 2531 421 2612 transactione,
433 2530 571 2617 aliisque
588 2527 736 2614 pluribus
752 2528 895 2613 casibus,
910 2531 944 2594 in
963 2529 1092 2617 quibus,
1109 2531 1136 2594 si
1150 2533 1230 2618 quid
1244 2553 1305 2616 per

48 2661 197 2706 errorem
226 2639 335 2702 fuerat
350 2638 512 2720 solutum,
530 2637 615 2703 illud
635 2637 744 2725 repeti
763 2638 961 2724 condicique
980 2659 1046 2701 non
1068 2648 1218 2722 poterat:
1234 2641 1263 2722 S.
1276 2640 1308 2705 7.

47 2745 390 2827 lassescerent
406 2747 493 2812 uuo
507 2747 644 2810 Gondiot.
654 2747 754 2808 iudet.
770 2745 843 2834 Nec
854 2768 893 2811 ea
906 2745 1074 2812 condictio
1085 2745 1118 2808 ei
1134 2755 1307 2830 compete-

48 2861 121 2937 bat,
136 2855 193 2940 qui
208 2854 369 2938 integram
385 2853 616 2934 hereditatem,
628 2873 695 2928 non
707 2852 857 2919 detracta
868 2862 985 2938 quarta
997 2852 1194 2938 Pegasiana,
1210 2855 1308 2919 resti·

49 2971 172 3028 tuerat.
194 2961 306 3026 Testis
320 2969 370 3028 est
386 2961 511 3026 Paulus
526 2964 678 3022 Sententt.
696 2960 836 3042 Recepit.
852 2962 910 3024 IV.
923 2960 953 3022 4.
968 2960 999 3024 4.
1013 2961 1044 3040 b)
1068 2957 1157 3026 unde
1177 2962 1305 3044 mirum,

49 3071 85 3136 id
115 3089 239 3154 negare
261 3068 443 3136 Merillium
474 3068 647 3130 observate.
675 3065 762 3128 VIII.
785 3067 835 3130 14.
866 3066 914 3132 At
940 3087 1025 3151 quae
1054 3067 1159 3132 ratio?
1183 3067 1308 3134 Procul

53 3178 170 3261 dubio,
187 3177 266 3263 quia
286 3176 379 3260 leges
395 3175 646 3260 praesumebant
662 3174 926 3239 transactionem.
944 3174 1093 3254 (caeter.
1112 3174 1154 3238 ct'.
1169 3184 1237 3239 not.
1254 3175 1302 3258 b.)

53 3286 117 3349 Cui
140 3285 327 3348 sententiae
347 3306 415 3348 non
436 3285 567 3348 obstare
590 3283 628 3346 L.
650 3284 705 3344 ult.
723 3282 755 3344 C.
779 3283 819 3343 de
841 3282 1135 3356 Contionacum,
1161 3281 1307 3346 ostendit

52 3391 252 3458 Thomasius
271 3393 305 3454 in
330 3392 461 3455 Sancte
477 3393 520 3453 cd
533 3392 653 3452 Huber.
668 3391 838 3452 Prcclcctt.
854 3390 931 3452 Inst.
947 3388 974 3449 t.
997 3397 1018 3450 t.
1039 3388 1088 3451 At
1103 3388 1306 3454 Justinianus

55 3500 192 3586 quidem
208 3499 381 3562 discrimen
398 3501 485 3563 inter
498 3499 612 3583 legata
627 3518 688 3582 per
703 3494 946 3560 damnationem
962 3505 997 3560 et
1011 3494 1155 3582 reliquas
1176 3516 1307 3559 eorum-

54 3611 129 3673 dem
148 3607 277 3691 species
292 3607 422 3672 sustulit
429 3632 438 3684 3
458 3605 535 3670 solis
554 3615 664 3670 tamen
684 3601 815 3689 legatis,
829 3625 915 3691 quae
930 3595 1142 3668 sacrosanctis
1158 3603 1305 3668 ecelesiis

54 3716 242 3802 ceterisque
259 3714 504 3779 venerabilibus
520 3713 603 3777 locis
617 3712 735 3775 relicta
749 3712 896 3794 luerent,
916 3711 950 3778 id
970 3711 1064 3776 dedit
1084 3711 1305 3796 privilegium,
1326 3763 1329 3774 .

54 3835 89 3889 ut
112 3824 265 3890 indebite
286 3823 385 3888 etiarn
409 3821 517 3886 soluta
539 3821 648 3908 repeti
670 3819 867 3904 condicique
882 3842 951 3886 nou
969 3829 1112 3907 possent.
1133 3821 1250 3884 Exstat
1265 3839 1306 3884 ee

53 3933 75 4001 J
77 3932 235 4000 ustiniani
251 3930 444 3997 constitutio
461 3929 497 3992 I..
513 3927 544 3992 2.
562 3927 594 3992 0.
613 3929 725 3992 Ocnum.
741 3929 779 3992 dc
793 3929 854 4012 leg.

123 4117 158 4183 b)
179 4114 276 4170 Potius
294 4115 338 4172 bic
353 4111 514 4168 excitandus
532 4113 591 4162 eret
607 4111 710 4162 Paulus
728 4108 774 4164 lib.
787 4108 885 4178 singul.
900 4109 1005 4180 Dejnr.
1017 4117 1043 4160 et
1054 4108 1130 4175 sceti
1141 4107 1225 4176 ignor.
1239 4106 1272 4160 L.
1280 4109 1306 4160 9.

52 4204 74 4271 ξ.
89 4208 117 4256 b.
138 4201 174 4253 D.
193 4201 225 4254 de
242 4218 298 4268 rep.
306 4200 368 4270 jur.
389 4199 402 4266 (
408 4197 460 4263 „Si
478 4194 540 4266 quis
554 4193 602 4262 jus
618 4193 748 4262 ignorans
766 4197 825 4264 lege
848 4194 969 4249 Falcidia
987 4209 1055 4248 usus
1074 4208 1129 4246 non
1147 4191 1191 4258 sit,
1209 4207 1306 4246 nocere

52 4289 79 4340 ei
98 4285 167 4340 dicit
183 4285 300 4351 epistola
319 4285 352 4338 D.
371 4283 477 4351 Pii'');
503 4281 548 4336 cui
562 4280 717 4350 jungendae
741 4286 820 4333 eunt:
843 4282 876 4334 Ι.
887 4285 912 4334 2.
934 4278 963 4332 0.
987 4277 1018 4330 de
1027 4279 1119 4346 fideic.
1137 4282 1164 4330 et
1182 4278 1216 4328 I..
1229 4279 1254 4330 7.
1275 4275 1305 4330 0.

53 4374 87 4426 de
108 4371 184 4424 cond.
201 4369 286 4424 iudet.
305 4370 398 4434 Quare
415 4373 506 4424 autem
524 4368 575 4420 trac
591 4365 620 4418 in
638 4382 668 4418 re
685 4364 836 4420 discessum
849 4364 930 4420 tuerit
947 4363 1128 4418 acommunis
1142 4362 1214 4432 juris
1227 4377 1305 4430 regu·

52 4457 98 4521 lis,
116 4454 234 4521 exposui
252 4453 280 4507 in
306 4452 433 4505 diatribe:
460 4451 526 4504 iiber
543 4453 620 4522 juris
645 4458 671 4502 et
684 4450 761 4517 sceti
780 4452 938 4520 ignorantie,
955 4447 993 4508 im
1012 4446 1096 4502 Aret.
1111 4446 1168 4520 stis·
1190 4448 1237 4504 civ.
1253 4445 1305 4502 er.

53 4541 136 4594 'ML
154 4557 228 4596 num.
243 4543 285 4594 ³5.
303 4540 501 4606 neec-eoo.
525 4534 612 4592 Metu.
659 4589 661 4594 .

576 4675 794 4687 ..-.---
