2972 5156
669 391 746 462 Lis.
772 391 834 462 lV.
859 391 943 462 Tm.
970 391 1032 461 IV.

812 569 842 649 g.
863 567 893 628 1.

544 669 603 719 Lex
624 667 692 720 XII
711 665 873 720 Tabularum
892 669 924 719 de
941 668 1042 736 injuria
1060 667 1167 722 leviore.

308 771 383 834 Iam
411 769 505 851 leges
532 768 608 832 XII
637 769 839 832 Tabularum
865 770 1069 834 ulciscendas
1096 773 1258 855 putabant
1287 769 1459 854 injuriant),

226 899 306 962 quas
329 875 519 940 Decemviri
538 874 572 937 in
595 877 726 938 leviores
747 885 780 941 et
807 882 975 940 atrociores
996 876 1145 940 divisisse
1164 877 1328 940 videntur.
1356 877 1405 940 De
1421 876 1459 937 le-

224 982 372 1047 vioribus
399 961 616 1066 prodiderant
638 981 765 1066 legem:
794 999 834 1048 si.
859 999 1032 1048 insumam.
1056 1001 1459 1048 FAX1T.ALTER1.VIG1NT1.

226 1108 387 1169 QUINQUE.
405 1106 514 1153 AERIS·
534 1107 675 1154 PouNAu.
700 1109 826 1156 sunno:
845 1090 968 1155 Paulus
989 1093 1077 1172 opud
1096 1094 1226 1154 Auctor.
1247 1092 1358 1152 Collat.
1380 1091 1460 1174 chg.

224 1199 352 1260 Mosoic.
369 1205 401 1258 et
412 1197 545 1259 Roman.
564 1199 606 1257 II.
620 1199 650 1260 5.
667 1197 796 1261 Gellius
809 1199 913 1262 Noctt.
925 1202 994 1260 Act.
1008 1199 1081 1258 XX.
1094 1198 1124 1259 1.
1140 1199 1184 1278 d).
1206 1197 1285 1260 Hoc
1301 1207 1398 1284 caput
1410 1221 1460 1260 nou

226 1305 268 1368 de
284 1304 403 1390 injuria
418 1311 542 1366 tantum
554 1302 734 1389 petulantis
750 1307 892 1370 convicii
908 1307 988 1390 agit,
1001 1304 1059 1367 sed
1074 1305 1116 1368 de
1133 1305 1221 1367 omni
1237 1306 1371 1390 injuria,
1383 1307 1460 1368 atiani

193 1443 198 1450 ·
225 1412 324 1476 reali:
350 1431 434 1498 quae
457 1434 524 1475 non
553 1433 624 1475 cum
649 1412 786 1476 membri
809 1414 975 1499 cujusdam
1000 1415 1143 1478 fractura
1166 1421 1225 1475 ant
1247 1423 1386 1497 ruptura
1409 1423 1462 1474 erat

137 1513 140 1518 ¹
226 1522 409 1606 conjuncta.
432 1519 540 1604 quue
559 1519 747 1584 luculenter
761 1521 914 1586 discimus
931 1544 973 1585 ex
994 1519 1054 1584 illo
1069 1521 1106 1584 L.
1123 1519 1259 1583 Veracii
1276 1522 1334 1584 vel
1350 1520 1462 1582 Neracii

227 1628 393 1714 exemplo,
409 1627 465 1712 qui
483 1627 581 1690 etiam
597 1627 876 1713 depalmationem
890 1629 1072 1694 liberorum
1087 1627 1267 1710 hominum,
1285 1652 1354 1714 qua
1368 1630 1399 1691 in
1412 1629 1463 1713 pri-

225 1740 285 1802 mis
312 1735 557 1816 delectabatur,
586 1735 702 1800 luebat
726 1739 837 1802 XXV
861 1731 1016 1817 assibus,
1031 1745 1116 1800 teste
1143 1735 1259 1799 Gellio
1287 1737 1392 1799 Noctt.
1412 1740 1463 1798 Ait.

227 1847 300 1908 XX.
318 1845 347 1906 1.
368 1863 508 1927 eumque
525 1843 558 1904 in
583 1843 680 1905 finem
698 1844 914 1930 pedisequum
938 1845 1061 1909 assibus
1084 1853 1234 1907 onustum
1259 1845 1359 1928 sequi
1380 1866 1409 1907 se
1418 1845 1464 1928 ju-

228 1953 347 2033 bebat,
372 1959 407 2013 ut
427 1951 534 2013 statim
552 1950 636 2012 solvi
653 1962 787 2034 possent
802 1949 913 2017 XXV
934 1975 1030 2016 asses.
1053 1951 1171 2015 Poena
1192 1973 1275 2015 vero
1300 1951 1374 2032 illa,
1387 1959 1416 2013 ut
1435 1951 1464 2010 in

226 2082 346 2144 magna
361 2066 509 2121 veterum
526 2066 737 2142 paupertate,
758 2059 836 2122 satis
852 2061 1001 2144 grandis,
1023 2068 1156 2144 postea,
1173 2059 1396 2124 crescentibus
1407 2059 1465 2121 Ro-

226 2188 395 2230 manorum
414 2166 542 2248 opibus,
560 2164 735 2229 admodum
751 2167 835 2230 levis
851 2168 923 2229 fuit.
946 2169 1045 2230 Asses
1064 2175 1130 2230 tum
1148 2176 1242 2230 erant
1262 2167 1464 2231 totiuslibrsc

226 2276 295 2340 sive
316 2257 469 2355 librales,
493 2282 529 2336 ut
551 2274 706 2337 observat
721 2273 849 2337 nunus
868 2275 951 2336 nst.
967 2275 1045 2337 nat.
1065 2275 1171 2336 m.
1188 2273 1218 2336 a.
1241 2273 1466 2357 unae,imm1-

226 2391 307 2446 nuto
330 2385 446 2444 assium
466 2382 631 2464 pondere,
651 2381 855 2446 vocabantur
876 2403 930 2442 aes
949 2403 1058 2463 grove.
1080 2381 1204 2444 Postea
1227 2383 1316 2444 enim
1343 2385 1387 2447 ob
1401 2381 1465 2444 aeris

205 2487 328 2552 *alieni
371 2486 612 2551 multitudinem
645 2511 687 2551 ex
721 2488 858 2573 singulis
893 2489 1016 2552 assibus
1054 2488 1226 2553 libralibus
1269 2490 1466 2566 sextantarii,

226 2595 348 2660 deinde
365 2594 522 2675 unciales,
541 2617 579 2658 ac
596 2595 740 2680 denique
756 2595 834 2680 lege
846 2595 982 2678 Papiria
998 2596 1229 2659 semiunciales'
1242 2597 1344 2660 facti:
1358 2598 1466 2660 Plinius

225 2705 295 2764 soso.
325 2702 372 2763 Hi
388 2703 421 2764 in
437 2703 555 2784 stipem
578 2703 649 2765 dari
665 2702 835 2784 solebant,
853 2712 887 2765 et
902 2723 968 2765 non
991 2687 1094 2768 multo
1114 2703 1187 2786 plus
1201 2704 1367 2768 valebant
1388 2727 1466 2790 quan

221 2815 293 2874 'tres
310 2831 424 2873 numos
439 2809 606 2872 Misnicos.
629 2796 756 2872 Decem
774 2832 860 2874 asses
877 2811 1118 2876 constituerunt
1134 2811 1325 2894 denarium,
1344 2793 1467 2898 quatuor

226 2916 420 2982 sestertium.
450 2917 589 2980 Fefellit
618 2938 699 3000 ergo
727 2919 866 2982 Paulum
897 2920 1073 3000 memoria,
1103 2919 1178 2981 dum
1205 2919 1284 2983 loco
1316 2943 1413 3006 supra
1435 2939 1467 2980 cx

227 3030 366 3088 Auctore
391 3027 568 3086 Collatiom's
592 3027 694 3108 legum
720 3027 932 3089 Mosoc'corom
954 3037 985 3090 et
1009 3029 1226 3090 Romanorum
1251 3029 1399 3093 adducto
1420 3047 1466 3111 pro

228 3133 330 3194 XXV
343 3137 426 3194 oens
449 3132 560 3224 posuit
581 3133 685 3194 XXV
694 3127 928 3197 sestertiorum.
948 3134 1104 3211 Quamvis
1128 3136 1213 3197 enim
1239 3137 1345 3222 vulgo
1370 3135 1468 3198 existi-

227 3248 316 3304 mant
330 3241 391 3302 viri
408 3240 539 3320 eruditi,
553 3241 655 3301 auctis
670 3240 892 3304 Romanorum
910 3242 1134 3323 facultatibus,
1149 3245 1274 3307 assibus
1291 3245 1470 3308 substitutos

228 3369 298 3410 esse
318 3349 486 3412 sestertios
511 3347 593 3426 (vid.
610 3347 762 3433 Cujacius
779 3350 953 3412 Obseroott.
969 3351 1060 3418 XIX.
1075 3349 1126 3412 31.
1142 3349 1325 3416 Salmasius
1338 3353 1372 3412 de
1384 3349 1468 3410 modo

228 3477 317 3517 usur.
333 3477 358 3516 o.
379 3456 410 3516 6.
429 3463 463 3517 et
481 3454 532 3516 17.
559 3455 785 3520 Gothofredus
806 3459 850 3518 od
866 3459 965 3540 Legg.
983 3459 1055 3518 XII
1072 3459 1163 3520 Tuos.
1179 3480 1210 3540 p.
1226 3458 1338 3539 2193:
1363 3477 1421 3521 nec
1440 3453 1473 3516 id

226 3570 336 3625 tamen
353 3562 417 3624 sert
431 3563 554 3658 veteris
570 3565 730 3645 pecuniae
742 3566 827 3627 ratio
844 3571 887 3644 e).
904 3563 939 3626 Si
955 3565 1041 3626 enim
1055 3564 1225 3647 intelligas
1237 3566 1350 3629 XXV
1362 3573 1472 3628 sester-

295 3744 325 3808 c)
344 3743 423 3795 Unde
447 3747 552 3798 Paulus
579 3747 652 3811 apud
678 3747 820 3798 Auctorem
850 3745 944 3798 Collot.
966 3747 1048 3814 Leqq.
1075 3745 1186 3798 Mosoic.
1213 3754 1240 3796 et
1260 3745 1378 3797 Roman.
1398 3745 1474 3796 lta

227 3827 393 3898 Injumorum
411 3831 478 3881 actio
497 3839 542 3882 out
564 3830 678 3898 leyitima
696 3837 742 3889 est,
761 3838 808 3881 out
825 3829 978 3883 honorario.
996 3830 1182 3897 Legitimam
1200 3829 1257 3898 leye
1280 3830 1351 3883 XII
1367 3830 1475 3882 Tubulo-

226 3931 294 3965 rnm.
313 3915 349 3965 Et
365 3914 393 3965 in
413 3914 539 3967 Sententt.
558 3917 677 3984 Receptt.
702 3915 729 3967 V.
746 3921 771 3967 4.
790 3919 815 3967 6.
834 3915 1000 3986 Iosy'urr'orum
1026 3916 1094 3967 actio
1112 3923 1158 3967 out
1176 3913 1248 3982 loys,
1264 3923 1313 3966 ortt
1331 3933 1417 3980 more,
1436 3923 1476 3965 out

151 4060 155 4064 q
227 3997 307 4048 mixto
316 4000 383 4066 juro
399 4001 547 4053 introducto
566 4009 611 4053 est.
635 3999 690 4052 Ubi
708 4016 756 4065 per
777 4000 859 4068 leyem
878 4001 937 4054 XII
955 4002 1089 4065 Tabulas,
1104 4016 1153 4067 per
1171 4017 1258 4052 mores
1270 3999 1413 4053 Praetoris
1426 3999 1476 4050 edi·

224 4087 307 4147 ctum,
320 4086 420 4154 perjus
437 4087 546 4138 mictum
558 4089 643 4152 legem
656 4085 812 4138 Corneliam
826 4085 959 4153 intelligit,
973 4102 1058 4156 quum
1068 4085 1161 4151 priore
1173 4086 1234 4137 loco
1249 4085 1335 4137 etiam
1347 4085 1475 4136 actionem

226 4184 261 4218 ex
279 4169 338 4234 iege
356 4169 483 4223 Cornelia
501 4169 615 4240 leffiumo
632 4171 851 4233 comprehendat.
870 4161 951 4225 Heio.

292 4255 325 4320 a)
337 4241 406 4320 uaJ.
425 4257 474 4308 111.
489 4257 510 4322 s.
525 4256 584 4307 sos.
602 4255 666 4306 inf.
686 4250 842 4328 nirksen'e.
859 4255 880 4324 z.¹
893 4272 919 4322 p.
937 4253 1099 4326 ‘ses-sos„
1118 4254 1166 4322 qut
1184 4254 1219 4305 ao
1238 4253 1294 4304 tab.
1314 4254 1394 4305 vni.
1414 4255 1478 4304 sune

122 4371 124 4382 .
227 4338 314 4388 locum
327 4339 495 4390 referendum
508 4355 567 4392 esse
579 4344 677 4391 censet.
691 4337 754 4389 Vid.
767 4344 794 4390 et
805 4355 876 4406 quse
888 4341 966 4405 intra,
979 4347 1035 4394 not.
1047 4343 1073 4395 h.
1086 4342 1120 4393 ad
1133 4341 1153 4408 ἕ.
1166 4344 1201 4405 3.,
1213 4337 1382 4391 notavimus.
1396 4337 1478 4390 nont.

294 4423 323 4485 c)
344 4421 483 4476 Similibus
496 4441 562 4478 usus
581 4431 622 4476 cst
638 4423 789 4475 rationibus
804 4425 836 4476 C.
849 4428 881 4477 Ι..
895 4427 925 4478 F.
938 4427 1050 4480 Schultz
1065 4422 1300 4480 Stootsmssenscl.
1313 4424 1367 4475 der
1381 4422 1479 4474 R'o'mss

226 4517 253 4566 p.
272 4509 329 4555 145.
347 4521 397 4572 sq,
414 4513 445 4558 ut
462 4509 597 4573 probaret,
616 4515 642 4560 et
660 4513 723 4572 post
740 4508 914 4564 imminutum
932 4512 1035 4564 assium
1060 4511 1169 4578 pondus
1187 4527 1249 4560 aere
1266 4509 1350 4575 'oravi
1367 4507 1479 4560 luendas

226 4587 309 4638 fuisse
327 4603 437 4652 poenas.
456 4591 542 4645 Mu'lil.
