3062 5164
223 369 296 434 286
455 351 467 361 ’
595 364 780 431 Ansam
803 363 870 432 Lu:
894 363 921 431 i
946 361 1032 432 Gne.
1057 362 1103 434 ΙΙ.

223 543 420 623 perunt,·ut
438 534 535 620 agros
559 558 635 601 suas
655 559 694 602 ac
716 538 811 624 leges
831 538 1009 621 baberent,
1021 558 1073 602 -ac
1094 540 1176 604 mcii
1192 539 1312 624 populi
1332 539 1474 606 Romani

173 657 176 665 ’
224 647 414 710 dicerentur
431 644 482 707 illi
497 645 643 729 quidem,
658 646 717 708 sed
729 647 772 710 ad
786 647 894 730 Regis
907 657 1018 710 tamen
1029 647 1174 710 Romani
1192 649 1348 712 mandata
1360 649 1473 713 armati

223 762 356 838 praesto
376 759 500 816 essent:
515 753 653 836 Dionys.
669 754 748 820 Hal.
764 758 829 815 111.
848 755 899 816 54.
914 755 1074 818 Firmavit
1092 755 1127 818 id
1142 755 1260 819 foedus
1276 756 1473 841 Tarquinius

224 860 406 945 Superbus:
419 860 491 923 Liv.
506 863 533 921 Ι.
546 861 596 923 52.
610 861 680 956 ¹qui,
692 869 728 924 ut
737 869 839 925 tanto
855 863 1018 926 sanctiore
1035 861 1170 925 vinculo
1182 863 1244 926 sibi
1265 864 1472 947 conglutina-

222 979 274 1034 ret
299 969 360 1031 hos
382 968 507 1049 socios,
529 970 651 1053 primus
670 968 769 1044 ferias
791 969 944 1052 Latinas,
964 969 1124 1034 Romanis
1143 959 1215 1032 curn
1236 971 1326 1035 Latii
1345 971 1471 1056 populis

224 1098 428 1160 communes,
444 1076 602 1140 instituit:
617 1076 756 1160 Dionys.
771 1077 850 1139 Hal.
866 1079 923 1138 IV.
937 1077 989 1140 49.

797 1262 826 1342 §-
847 1261 900 1323 tr.

401 1433 403 1438 ,
641 1377 683 1429 Ea
701 1377 794 1428 aab
811 1379 916 1446 saepae
932 1379 1053 1446 repetita.

307 1479 443 1543 Exactis
458 1477 593 1562 regibus
609 1499 732 1542 novum
747 1478 857 1541 statim
877 1478 1002 1542 bellum
1020 1483 1168 1541 coortum
1187 1484 1238 1539 est
1253 1496 1325 1539 curn
1339 1477 1469 1553 Latinis,

225 1589 281 1674 qui
302 1612 321 1651 a
338 1587 498 1650 Romanis
516 1585 625 1649 denuo
643 1586 860 1650 desciverant.
883 1586 966 1649 Cum
980 1586 1030 1648 his
1048 1592 1170 1668 tamen,
1185 1585 1227 1646 ab
1243 1584 1286 1647 A.
1305 1584 1469 1647 Postumio

224 1696 398 1759 Dictatore
416 1693 512 1756 victis
530 1693 572 1756 ad
588 1693 695 1756 lacum
709 1693 898 1778 Regillum,
919 1693 1028 1756 denuo
1046 1691 1163 1755 foedus
1178 1711 1365 1776 percussum
1381 1692 1423 1754 A.
1434 1692 1468 1754 U.

225 1805 262 1868 C.
281 1821 378 1868 ccnx.
398 1802 455 1885 Sp.
475 1800 589 1864 Cassio
604 1800 790 1865 Viscellino
814 1810 849 1864 et
866 1803 1025 1865 Postumo
1047 1801 1201 1864 Cominio
1221 1799 1416 1882 Aurunculo
1432 1799 1469 1860 11.

226 1912 316 1974 Coss.
332 1911 372 1972 iis
386 1909 528 1993 legibus,
544 1913 677 1971 utiliter
692 1911 849 1971 Romanos
867 1910 1062 1991 Latinasque
1071 1913 1212 1972 arbitates
1227 1928 1333 1970 omnes
1347 1917 1468 1969 cetuna

219 2040 286 2101 pax
306 2026 400 2090 esset,
416 2038 516 2099 neque
530 2019 617 2097 ipsae
635 2019 717 2077 inter
735 2037 771 2078 se
787 2018 949 2089 bellarent,-
966 2038 1067 2098 neque
1086 2017 1215 2076 aliunde
1230 2017 1333 2077 bostes
1351 2015 1468 2075 induce-

225 2133 311 2200 rent,
337 2146 436 2205 neque
462 2125 599 2186 hostibus
624 2131 707 2185 tutos
734 2128 888 2186 transitus
908 2125 1112 2205 praeberent,
1136 2124 1194 2184 sed
1218 2123 1295 2184 bello
1322 2123 1467 2204 oppressu

225 2254 310 2316 quem
325 2252 385 2313 pro
406 2234 493 2292 ur'rili
499 2231 646 2320 ferrent,
667 2232 834 2312 spoliorum
854 2251 891 2292 ao
903 2232 1045 2311 praedae
1060 2239 1188 2312 partem
1201 2233 1365 2312 aequalem
1385 2230 1468 2290 tate-

224 2349 313 2405 rent:
335 2343 535 2421 precatorum
554 2338 654 2400 litium
667 2339 791 2420 judicia
813 2341 872 2412 illi,
900 2340 1010 2420 quibus
1033 2339 1186 2398 mandata
1210 2340 1345 2420 cognitio
1362 2337 1467 2416 suerri,

166 2499 169 2504 .
223 2453 311 2512 intra
332 2449 434 2508 decem
453 2445 518 2506 dies
529 2455 741 2527 peragerent:
762 2447 870 2527 bisque
886 2447 1006 2528 legibus
1025 2447 1102 2506 nibil
1120 2446 1198 2506 addi
1211 2445 1345 2526 denique
1361 2451 1467 2525 posset,

224 2559 288 2618 nisi
301 2559 332 2616 si
343 2555 493 2636 Romanis
507 2553 692 2636 Latinisque
708 2556 754 2614 ita
768 2555 949 2635 placuisset.
971 2553 1071 2616 Hanc
1087 2552 1173 2614 enim
1190 2551 1337 2614 foederis
1354 2551 1468 2614 formu·

224 2662 289 2725 lam
304 2665 336 2740 ιι)
366 2659 463 2722 nobis
485 2659 627 2721 servavit
649 2660 786 2744 Dionys.
808 2659 886 2723 Hal.
908 2660 961 2721 VI.
977 2659 1028 2721 95.
1052 2681 1193 2744 quocum
1210 2657 1381 2744 jungendi
1406 2662 1467 2719 sunt

224 2768 296 2832 Liv.
314 2769 359 2828 ΙΙ.
376 2765 427 2828 22.
453 2775 488 2831 et
509 2765 577 2829 Cic.
593 2789 652 2848 pro
675 2769 767 2829 Corn.
786 2767 887 2829 Balbo
905 2789 930 2829 e.
946 2769 996 2830 21.
1026 2769 1071 2832 Et
1092 2768 1157 2832 boc
1179 2775 1228 2832 est
1252 2767 1375 2830 foedus
1395 2761 1466 2827 illud

131 2949 133 2954 ,
223 2875 434 2957 Latinorum,
450 2874 541 2958 quod
559 2875 677 2940 ceteris
694 2874 815 2938 firmius
834 2875 961 2938 mansit.
984 2873 1142 2951 Quamvis
1161 2877 1248 2939 enim
1265 2873 1408 2938 subinde
1423 2892 1466 2932 rc-

225 2982 383 3046 bellnrint
398 2981 521 3066 Latini,
535 2982 640 3045 veluti
650 2980 693 3043 Α.
707 2981 749 3044 U.
762 2981 798 3044 C.
807 2999 910 3044 ccclv.
927 2990 1133 3048 etcccnxv1.:
1148 3005 1248 3068 saepe
1261 2976 1376 3046 tamen
1389 2979 1465 3058 victi,

225 3111 324 3174 saepe
339 3090 467 3153 reducti
489 3089 531 3166 ad
546 3091 705 3170 officium,
719 3097 886 3174 postremo
906 3089 995 3153 illius
1013 3090 1159 3154 foederis
1174 3091 1281 3177 leges,
1298 3090 1465 3175 quodcum

224 3198 352 3263 Latinis
367 3199 515 3262 omnibus
528 3198 583 3282 Sp.
597 3198 710 3261 Cassio
724 3204 758 3260 et
774 3197 933 3260 Postumo
948 3197 1101 3262 Cominio
1122 3199 1212 3263 Coss.
1226 3199 1344 3267 initum
1360 3198 1464 3276 fuerat,

224 3312 460 3390 recuperarunt
474 3309 518 3386 ¹)‘,
536 3313 572 3369 ut
590 3312 684 3388 patet
700 3325 743 3366 ex
759 3303 827 3367 Cic.
837 3326 899 3386 pro
919 3308 1008 3368 Corn.
1023 3308 1125 3370 Balbo
1138 3329 1164 3368 c.
1179 3307 1231 3370 23.

797 3485 825 3566 s.
849 3484 900 3547 rs.

610 3599 721 3652 'Foedus
739 3618 797 3653 uem
822 3589 918 3654 Volscis
933 3609 958 3653 et
975 3601 1083 3672 Aequis.

308 3701 370 3764 His
395 3701 522 3784 antiqui
545 3701 634 3764 Latii
656 3701 788 3786 populis
815 3702 987 3766 adcessere
1010 3701 1132 3765 deinde
1154 3701 1271 3765 Volsci
1297 3709 1332 3764 ct
1354 3697 1464 3784 Aequi,

211 3811 423 3883 datinorum,
436 3807 552 3890 judice
566 3807 669 3872 Floro
685 3811 776 3873 Huc·
786 3811 875 3871 Rom.
891 3810 917 3870 I.
935 3809 985 3871 11.
999 3814 1246 3891 pervicacissimi
1260 3821 1292 3872 et
1305 3808 1467 3892 quotidiani

256 4020 258 4026 ’
293 4034 326 4098 n)
346 4030 475 4082 Pluribus
493 4034 583 4083 nmen
601 4031 661 4084 eliis
679 4031 812 4097 capitibus
824 4030 893 4083 illud
910 4031 1072 4096 constitisse,
1085 4034 1129 4084 vel
1145 4051 1181 4085 ex
1194 4033 1276 4084 Festo
1288 4031 1409 4097 adparet,
1426 4021 1464 4095 qui

225 4119 278 4171 sub
290 4133 355 4170 voce
365 4115 496 4168 nancitor.
507 4133 538 4185 p.
552 4121 612 4171 327.
630 4117 712 4170 etiam
730 4117 796 4170 hece
807 4115 924 4168 foederis
942 4117 1025 4168 verba
1039 4117 1159 4184 adlegat:
1178 4131 1334 4175 raecum
1346 4131 1393 4173 aur
1408 4125 1464 4167 sss·

205 4217 314 4261 »cisun
332 4215 445 4265 cunero,
460 4208 497 4254 ‘er
514 4218 538 4254 si
556 4216 763 4259 susurrationis
782 4215 965 4262 usucrscrron,
983 4216 1034 4254 sini
1052 4217 1165 4257 urano.
1184 4203 1264 4271 Heia

294 4288 328 4352 x)
348 4286 491 4338 Postrema
504 4288 577 4340 enim
594 4288 664 4340 bello
677 4302 694 4337 a
706 4287 741 4350 Q.
753 4285 878 4338 Publicio
892 4285 1008 4339 Philone
1020 4287 1104 4340 Gens.
1117 4288 1152 4340 ed
1166 4286 1376 4340 internecionem
1394 4279 1463 4342 caesi,

226 4369 361 4439 plerisque
376 4370 485 4439 juribus
504 4375 611 4425 fuerant
628 4371 745 4437 spoliati,
764 4388 799 4424 cx
818 4387 905 4440 eoque
923 4379 1044 4438 tempore
1062 4371 1144 4426 etiam
1156 4372 1301 4426 concilium
1317 4372 1462 4425 Latinorum

225 4455 260 4506 ad
279 4457 365 4506 lucem
383 4455 544 4510 Ferentinae
562 4455 706 4508 convocari
724 4456 848 4520 desierat,
867 4473 917 4508 ceu
935 4473 969 4508 ex
984 4455 1121 4510 Cincianis
1137 4460 1337 4513 commentariis
1350 4453 1463 4509 observat

225 4541 323 4592 Festus
340 4541 391 4592 sub
409 4555 476 4592 voce
497 4543 614 4593 Praetor
629 4557 656 4609 p.
674 4545 734 4615 3⁷⁶:
753 4543 832 4594 Heia.
