3056 5168
248 337 325 477 bii
493 447 494 452 κ
690 401 766 470 Lus.
791 401 851 471 IV.
877 400 957 470 Tru.
983 399 1042 470 vl.

247 580 338 646 nulla
353 579 387 642 in
402 578 614 642 iustinianeo
631 578 710 662 jure
723 576 866 660 vestigia
887 597 963 640 usus
977 577 1281 661 apparent-June
1294 579 1374 646 bisce
1386 603 1455 665 pne·

247 687 352 752 misas
365 687 408 750 ad
422 685 623 770 singularum
639 684 762 748 formas
777 684 944 748 acdonurn
960 685 1206 751 descendamus.
1227 687 1323 752 Mitt.

824 833 853 914 §-
871 831 922 894 27.

704 947 833 1010 Actiones
852 949 1031 1017 quotuplicesi

327 1049 439 1116 Prima
451 1051 619 1116 actionum
635 1046 753 1112 divisio
770 1057 830 1129 est,
844 1049 933 1133 quod
950 1049 1037 1112 aliae
1053 1067 1090 1114 lu
1111 1053 1193 1131 aaut,
1209 1049 1295 1114 aliae
1316 1071 1348 1116 ru
1367 1071 1453 1118 rursu

244 1178 317 1225 unm
345 1160 501 1239 tendunt,
525 1158 643 1242 quibus
673 1156 730 1219 alii
757 1157 889 1220 tertium
919 1177 1023 1240 genus
1049 1161 1202 1220 actionum
1225 1179 1398 1221 mrrrrnru
1416 1161 1453 1223 ad-

237 1268 359 1354 jiciunt
379 1271 422 1348 ¹).
464 1265 718 1348 Nonnumquam
754 1263 841 1327 enim
877 1285 928 1326 res
961 1265 1118 1327 veniebat
1149 1265 1183 1327 in
1225 1268 1452 1350 controversiam,

243 1395 487 1458 nonnumquam
510 1373 544 1434 in
564 1391 738 1456 personam
755 1372 917 1455 agebatur
933 1394 975 1434 ex
1000 1372 1224 1435 conventione
1247 1371 1302 1435 vel
1321 1373 1453 1455 maleficio,

243 1499 488 1566 nonnumquam
506 1489 540 1544 et
560 1501 621 1556 res,
639 1474 674 1542 et'
688 1479 927 1562 praestationes
944 1480 1105 1562 quaedam
1122 1478 1313 1562 personales
1327 1481 1404 1544 simul
1415 1503 1453 1565 pc-

242 1592 407 1654 tebantur.
429 1590 576 1649 Actiones
591 1589 623 1648 in
638 1608 703 1648 rem
720 1585 837 1648 iterum
854 1587 907 1649 vel
927 1581 1056 1666 elvrul‘ss
1077 1595 1185 1670 erant,
1204 1586 1260 1651 vel
1278 1592 1453 1652 enarramus.

242 1697 328 1762 Illae
345 1717 388 1759 ex
410 1695 551 1777 legibus,
575 1693 669 1757 SCtis
687 1702 720 1756 et
737 1693 1041 1768 constitutionibus3
1056 1693 1119 1757 bae
1143 1715 1185 1757 ex
1202 1695 1323 1776 edicto,
1343 1696 1387 1759 vel
1399 1697 1451 1779 jure

241 1804 420 1868 honorario
443 1801 699 1889 descendebant.
723 1801 847 1866 Civiles
863 1803 897 1864 iu
916 1821 985 1863 rem
1002 1802 1149 1865 actiones
1172 1813 1281 1867 erant:
1298 1807 1343 1864 rei
1353 1803 1450 1864 uindic-

242 1917 293 1986 tio,
309 1915 389 1973 actio
403 1913 434 1970 in
451 1931 517 1971 rem
532 1911 627 1982 utilis,
643 1911 824 1973 hereditatis
834 1913 953 1992 petitio,
968 1911 1168 1989 confessario,
1183 1915 1353 1995 negatoria.

822 2057 918 2140 §.aa

461 2235 465 2242 ,
492 2175 547 2228 Rei
562 2174 765 2228 vindicationem
779 2173 957 2244 praecedebat
977 2174 1009 2228 lie
1029 2175 1061 2228 de
1079 2175 1196 2228 vindicirir
1211 2177 1254 2243 y).

323 2277 390 2342 Rru
412 2292 611 2342 vruurenrro
627 2276 761 2353 ,institui
782 2296 849 2342 non
873 2284 1024 2359 poterat,
1045 2276 1107 2340 nisi
1128 2284 1232 2344 antea
1254 2285 1366 2344 certum
1384 2281 1449 2350 esset

241 2387 331 2470 cujus
350 2405 421 2448 esse
444 2383 607 2447 deberent
627 2385 786 2455 vindr'cr'oe,
805 2383 923 2462 idest,
946 2403 1043 2466 quern
1060 2383 1246 2466 possidere,
1262 2405 1351 2469 quem
1370 2387 1448 2466 petere

240 2499 429 2576 oporteret:
444 2490 567 2554 Ascon.
583 2477 752 2554 Pedianus
767 2496 800 2554 in
820 2492 948 2554 Verrem
961 2493 1001 2552 de
1016 2491 1179 2554 Praetura
1195 2494 1265 2554 urb.
1279 2515 1304 2556 c.
1318 2493 1362 2554 45.
1368 2512 1394 2572 p.
1402 2487 1448 2550 tut.
1488 2503 1489 2506 ’

239 2604 293 2662 Lis
315 2615 558 2660 rrnnrcresuu
574 2600 603 2676 ¹)
634 2606 696 2669 est,
724 2619 819 2678 quom
841 2601 985 2680 litigatur
1007 2599 1046 2660 de
1069 2619 1108 2660 ea
1132 2619 1168 2662 rc
1186 2601 1277 2684 opud
1297 2601 1447 2664 Praetores

308 2810 343 2876 x)
364 2811 426 2874 lpse
443 2809 594 2874 Imperator
611 2807 720 2861 tertium
739 2809 791 2860 b'oc
806 2825 893 2876 genum
911 2809 1005 2878 adjicit
1020 2812 1042 2880 5.
1053 2815 1096 2865 20.
1107 2799 1109 2804 ¹
1121 2812 1187 2865 Inst.
1205 2813 1232 2869 i.
1246 2822 1264 2864 t.
1289 2828 1361 2882 qucm
1373 2807 1447 2880 qnitsu

238 2899 328 2950 locum
346 2895 555 2963 glossematibus
574 2893 705 2947 violatum
720 2894 858 2948 existimat
874 2897 937 2948 Ant.
950 2895 1044 2947 Faber.
1058 2897 1089 2948 de
1104 2895 1230 2949 Errorib.
1236 2915 1338 2967 praym.
1349 2888 1447 2947 Partll'.

175 2981 207 3036 θ
239 2983 304 3033 Dec.
321 2986 364 3033 94.
381 2999 403 3033 c.
421 2985 496 3047 aeq.
522 2977 572 3032 sed
594 2979 765 3045 adgnoscunt
783 2978 864 3032 etiam
886 2980 987 3034 mixtas
1011 2979 1131 3034 actiones
1148 2979 1334 3035 Diocletianus
1347 2985 1370 3032 ct
1383 2973 1446 3031 Muxi-

237 3065 345 3117 mitanas
368 3065 548 3127 Imperatores
566 3066 598 3116 L.
620 3068 644 3117 7.
666 3064 694 3116 0.
714 3065 746 3115 de
771 3066 853 3117 Petit.
870 3065 960 3117 iered
984 3071 1012 3117 et
1029 3068 1133 3119 Paulam
1151 3067 1184 3119 1..
1201 3073 1225 3119 l.
1250 3070 1285 3121 D.
1301 3068 1356 3120 riu.
1370 3057 1446 3130 reperti
1485 3111 1486 3138 ἦ

237 3152 270 3206 1..
281 3154 324 3204 29.
339 3167 383 3218 pr.
402 3149 438 3201 D.
456 3148 555 3201 Comm.
574 3149 657 3202 uteru.
669 3151 706 3201 Et
724 3156 795 3200 certe
813 3149 880 3202 alias
899 3165 1010 3218 quoquc
1027 3166 1123 3218 saepe,
1141 3166 1213 3221 quae
1235 3150 1345 3206 mixtam
1358 3159 1445 3201 ceruum

177 3259 179 3264 ’
237 3237 344 3299 babent,
362 3234 390 3288 in
400 3251 490 3286 rerum
501 3233 681 3287 divisionibus
693 3234 875 3302 negliguntur,
887 3240 915 3285 et
928 3237 1132 3289 confunduntur
1145 3253 1208 3288 cum
1221 3237 1383 3303 simplicibus,
1393 3239 1445 3298 atque

166 3331 170 3342 ·
236 3321 299 3375 ideo
309 3319 337 3373 in
351 3323 414 3385 jure
429 3325 524 3372 nostro
537 3318 618 3371 unius
637 3320 814 3386 ejusdemque
823 3319 862 3370 rei
872 3321 955 3372 modo
968 3321 1104 3386 bipartita,
1115 3323 1197 3373 modo
1209 3320 1338 3386 tripartita
1352 3321 1376 3370 it
1385 3309 1442 3368 distri·

236 3405 322 3468 butio,
332 3403 372 3455 uti
383 3402 514 3468 exemplis
525 3402 732 3470 quamplurimis
742 3404 861 3456 ostendit
870 3407 934 3458 Ger.
944 3405 1037 3459 Noodt
1050 3405 1166 3460 Probet.
1179 3406 1202 3459 I.
1215 3411 1256 3460 12.
1264 3424 1293 3474 p.
1302 3407 1342 3457 ³³.
1350 3421 1381 3472 sq.
1392 3397 1441 3452 ilde

236 3491 279 3543 De
297 3489 458 3552 actionibus,
477 3505 547 3556 quae
565 3489 678 3540 mixtam
697 3504 815 3550 causam,
834 3490 905 3542 etin
923 3507 980 3542 reru
999 3497 1025 3543 et
1042 3492 1071 3544 in
1084 3505 1229 3557 personam
1243 3490 1339 3542 babere
1350 3487 1444 3540 videntur,

236 3574 270 3625 cr.
288 3573 322 3624 ue
339 3573 413 3625 narr
428 3573 456 3625 in
469 3571 646 3641 marasan*
658 3574 752 3626 cestr.
771 3592 797 3626 u.
813 3575 914 3629 Ptine.
939 3577 964 3628 a.
980 3576 1081 3628 asera
1098 3578 1130 3629 r.
1143 3578 1191 3630 iv.
1203 3591 1278 3628 num.
1292 3580 1316 3628 a
1328 3566 1444 3632 rarescitt

235 3660 274 3714 im
293 3657 389 3710 arsin.
402 3659 472 3710 Mar.
490 3660 520 3710 r.
537 3659 585 3711 vr.
604 3674 631 3724 p.
653 3662 811 3712 rra-179.
832 3662 900 3726 cap.
914 3661 961 3712 vr.
980 3651 1068 3712 mart

304 3743 337 3810 y)
357 3743 401 3794 De
418 3743 601 3796 vindicatione
618 3748 646 3794 et
663 3743 812 3808 symbolica
830 3746 901 3799 circa
919 3746 1121 3812 possessionem
1139 3745 1318 3807 contentione,
1335 3757 1393 3812 quac
1405 3749 1444 3788 uu

238 3827 394 3893 praecessit,
412 3841 550 3895 quamque
573 3828 656 3893 vulgo
679 3835 778 3880 vocam
802 3829 873 3883 litem
897 3831 1082 3891 alumnorum,
1106 3830 1244 3894 praeclare
1265 3825 1443 3894 disputaritrou

235 3914 352 3980 Savigny
366 3912 453 3964 Recht
465 3913 510 3962 des
523 3912 646 3963 Besitzcs
658 3912 679 3978 ξ.
691 3916 734 3966 36.
753 3929 780 3979 p.
789 3918 849 3967 468.
862 3922 918 3968 not.
932 3923 954 3969 l.
973 3923 1000 3968 et
1012 3919 1032 3984 ξ.
1041 3919 1084 3968 40.
1098 3931 1125 3980 p.
1133 3919 1195 3970 508.
1208 3929 1249 3982 sq.
1263 3920 1317 3966 not.
1326 3915 1348 3964 3.
1358 3905 1443 3976 (edii

232 3997 358 4065 inprimis
370 4015 434 4050 vero
447 3997 476 4050 in
489 3997 587 4049 Corum.
601 3995 667 4048 iiber
679 3998 720 4050 die
730 3986 778 4051 za
787 4001 960 4052 vindiciarum
973 4003 1029 4053 and
1039 3999 1105 4053 iiber
1115 4001 1163 4052 dee
1178 3999 1334 4052 Veriiiitru'rr
1343 3989 1444 4048 ceretto

232 4103 270 4137 zu
281 4085 331 4136 den
344 4083 506 4136 hrtcrdicten
514 4101 523 4142 ,·
534 4082 562 4133 in
575 4083 602 4134 d.
616 4083 743 4136 Zeiteclrr.
755 4082 812 4152 fiir
821 4085 908 4153 percle.
921 4085 956 4138 R.
977 4087 1016 4139 W.
1030 4085 1060 4138 Τ.
1069 4085 1127 4137 ΙΙΙ.
1141 4101 1216 4138 num.
1229 4089 1269 4138 17.
1283 4099 1309 4148 p.
1319 4077 1444 4135 iii-iiio

233 4172 291 4220 tum
306 4168 450 4219 cromerus
468 4173 495 4219 et
514 4166 643 4219 Heinrich
662 4169 698 4220 ed
718 4169 770 4223 Cic.
786 4187 825 4222 or.
838 4187 893 4238 pro
915 4169 1002 4224 Tullio
1014 4185 1073 4236 cap.
1087 4175 1128 4223 ro.-
1138 4185 1166 4236 p.
1177 4173 1289 4224 85-87.
1300 4163 1379 4222 Hert.
1395 4155 1443 4213 Adi

233 4251 368 4306 Zimmern
389 4252 424 4305 R.
440 4253 473 4304 G.
492 4253 512 4320 ξ.
524 4257 566 4306 39.
584 4268 626 4321 sq.
644 4258 702 4305 tum
721 4256 769 4323 qui
787 4256 821 4308 ab
839 4271 872 4308 eo
886 4256 1032 4308 laudantur
1044 4253 1200 4320 scriptores.
1218 4253 1304 4306 Miiil.

301 4341 332 4405 z)
352 4339 399 4391 Lis
416 4337 597 4403 vindicionem,
614 4337 676 4391 licet
700 4341 774 4405 apud
792 4341 932 4394 Ciceronis
952 4341 1127 4405 interpretem
1146 4339 1303 4400 inveniatur,
1319 4341 1396 4388 maren
1410 4327 1442 4378 in·

207 4440 209 4444 ·
232 4419 370 4484 probanda
389 4426 438 4474 est.
461 4422 554 4474 Refert
576 4423 675 4474 etenim
699 4424 798 4490 Gajus:
825 4427 982 4480 Praetorem
1005 4427 1155 4479 secundum
1186 4428 1297 4478 atterum
1313 4413 1441 4485 litigantium

230 4504 361 4556 vindicias
380 4506 492 4573 dixisse,
509 4509 527 4562 i.
539 4526 562 4561 e.
580 4506 687 4560 interim
704 4505 823 4576 aliquem
837 4526 1022 4576 possessorem
1037 4511 1218 4576 constituisse,
1235 4498 1441 4574 eumqusslussisse

230 4589 366 4653 „praedes
384 4590 539 4645 adversario
558 4593 623 4645 dare
642 4591 693 4643 litia
713 4602 739 4644 et
756 4596 937 4660 vindictarum,
955 4597 1043 4662 idest,
1057 4599 1100 4649 rei
1115 4604 1142 4648 et
1149 4588 1377 4664 froenom”,·1l'·
1389 4579 1440 4648 iffi
