3062 5164
361 439 365 452 ι
396 397 453 466 Da
476 396 573 468 June
598 399 742 484 Qunam.
765 401 823 470 Er
846 399 960 473 Curru.
1234 409 1308 478 275

58 573 197 659 populus
211 571 398 658 partribus,
413 577 547 658 quonum
563 573 693 638 demum
708 575 860 641 XXXV
873 585 978 660 erant,
996 577 1126 642 terebat
1142 579 1306 668 suffragia,
1390 571 1392 578 ’

59 702 162 765 eaque
182 683 368 764 coeperunt
382 681 425 744 A.
442 681 484 745 U.
502 681 540 745 G.
554 699 690 746 eenxrn.
706 684 749 747 A,
762 684 970 769 Sempronio,
988 685 1035 749 Μ.
1050 685 1198 750 Minucio
1215 687 1307 752 Coss.

59 787 341 867 Quemadmodum
369 789 661 854 vero-centuriata
683 791 819 856 comitia
839 793 971 857 nonnisi
993 813 1014 857 a
1041 795 1235 879 majoribus3
1258 799 1307 862 ita

59 899 175 960 tributa
199 919 220 959 a
237 896 418 960 minoribns
437 917 546 981 aeque
569 917 608 962 ac
629 899 807 983 majoribus
830 901 1073 985 magistratibus
1097 903 1214 968 baberi
1231 914 1308 988 pot-

60 1011 154 1068 erant.
169 1005 213 1067 In
229 1005 281 1066 his
292 1003 479 1088 suffragium
488 1005 646 1069 'ferebant
657 1025 782 1090 omnes,
795 1008 852 1092 qui
863 1017 958 1072 erant
972 1010 1121 1074 tribubus
1139 1011 1307 1096 adscripti,

60 1119 186 1196 praeter
201 1112 402 1196 impuberes,
418 1112 574 1194 aerarios,
597 1120 632 1176 et
646 1114 893 1198 sexagenarios,
908 1137 990 1200 quos
1005 1117 1213 1202 depontanos
1228 1119 1308 1182 ideo

61 1220 167 1301 dictos,
185 1219 271 1282 alibi
286 1220 538 1283 observavimus.
558 1217 752 1304 Aliquando
767 1244 849 1286 unus
864 1223 1020 1308 idemque
1035 1225 1116 1289 civis
1132 1225 1166 1288 in
1182 1226 1308 1310 duplici

61 1329 138 1390 tribu
160 1328 297 1391 ferebat
317 1327 486 1411 suffragia,
510 1329 537 1392 si
552 1349 588 1390 se
612 1327 758 1393 dedisset
781 1315 879 1394 alteri
900 1333 934 1394 in
957 1332 1181 1417 adoptionem.
1212 1333 1308 1397 Tunc

63 1437 137 1498 enim
159 1445 194 1498 et
212 1435 317 1520 patris
337 1434 494 1498 naturalis
515 1437 636 1501 tribum
658 1437 840 1519 retinebat,
858 1446 892 1501 et
915 1439 1016 1502 tribui
1036 1439 1138 1523 patris
1159 1439 1308 1524 adoptivi

62 1543 312 1606 adscribebatur.
341 1543 430 1606 Hinc
451 1542 619 1628 Augustus
639 1544 673 1606 in
694 1543 807 1627 lapide
830 1546 996 1609 Brixiensi
1019 1547 1107 1630 apud
1131 1547 1308 1612 Gruterum

61 1673 87 1734 p.
103 1652 224 1713 chX
224 1651 278 1714 VI.
293 1671 324 1712 n.
338 1649 368 1713 3.
384 1658 715 1733 vocature.su1.1u8‚
731 1669 759 1715 o.
775 1669 803 1715 r.
819 1670 891 1717 run.
907 1669 1022 1718 suurn.
1039 1671 1177 1719 causan.
1198 1671 1310 1720 sucu-

66 1773 150 1838 srus,
172 1758 258 1843 quia'
275 1757 377 1821 tribui
390 1757 518 1824 Fabiae
539 1765 573 1822 et
588 1759 744 1844 Scaptiae
762 1768 834 1824 erat
853 1761 1048 1846 adscriptus:
1071 1761 1162 1826 Suet.
1182 1766 1268 1847 Aug.
1283 1785 1308 1825 e.

68 1865 110 1927 lt).
127 1874 156 1928 et
173 1866 227 1929 ibi
250 1865 406 1929 Torrent.
429 1867 483 1929 De
504 1866 555 1930 his
573 1867 714 1930 comitiis
736 1866 832 1951 plura
850 1867 1006 1954 Sigonius
1028 1869 1068 1932 de
1085 1874 1214 1951 antiquo
1230 1872 1310 1953 jure

66 1977 110 2033 cab.
124 1973 211 2034 Runa.
231 1973 257 2034 1.
274 1973 325 2036 17.
337 1995 370 2056 p.
384 1975 457 2038 212.

420 2172 497 2226 Illud
511 2173 558 2227 ιιιό
576 2074 786 2245 Ιιιιρςοιιῗήῦια
803 2183 940 2228 mutatum.

136 2272 203 2336 Sed
224 2271 310 2335 illud
330 2274 558 2359 suffragiorum
571 2277 627 2360 jus
642 2275 764 2359 primus
781 2275 944 2338 imminuit
959 2274 1027 2339 Jul.
1044 2275 1176 2359 Caesar,
1192 2279 1308 2342 Dicta-

67 2387 111 2442 tor
128 2387 319 2464 perpetuus,
336 2383 469 2446 comitia
482 2404 553 2446 cum
574 2383 701 2469 populo
722 2383 768 2447 ita
783 2382 933 2468 partitus,
953 2390 999 2466 ut,
1013 2384 1310 2468 exceptisGonsu-

67 2485 139 2550 latus
159 2485 452 2573 competitoribus,
478 2489 520 2560 de
550 2499 663 2556 cetero
688 2512 825 2564 numero
851 2489 1099 2556 candidatorum
1127 2515 1188 2578 pro
1213 2501 1309 2579 parte

71 2595 202 2679 dimidia,
219 2617 303 2681 quos
319 2597 461 2683 populus
477 2598 591 2681 vellet,
607 2599 895 2683 pronunciarctur,
910 2620 971 2683 pro
988 2599 1094 2664 altera
1107 2609 1213 2684 parte,
1227 2623 1309 2686 quoe

71 2703 130 2786 ipse
144 2705 307 2768 dedisset:¹
325 2704 461 2768 Sueten.
479 2707 542 2770 Jur.
562 2729 587 2770 e.
606 2707 657 2771 41.
678 2706 847 2792 Augustus
868 2707 1001 2790 quidem
1020 2707 1147 2792 populo
1166 2687 1312 2773 restituit

74 2810 227 2898 suffragia,
257 2811 396 2878 reducto
422 2813 562 2898 pristino
590 2813 795 2879 comitiorum
820 2816 915 2899 jure,
943 2825 977 2880 et
997 2815 1172 2900 multiplici
1200 2837 1311 2900 poena

73 2921 199 2985 coercito
215 2920 360 3004 ambitu:
379 2919 516 2986 Sueten.
530 2925 615 3004 Aug.
627 2945 652 2984 c.
664 2923 715 2986 40.
731 2932 765 2988 at
783 2923 841 2986 sub
858 2923 997 2987 Tiberio
1014 2923 1125 2986 denuo
1144 2922 1310 2989 ademtum

74 3026 126 3090 fuit
141 3029 266 3114 populo
280 3031 335 3113 jus
357 3029 602 3113 suffragiorum,
631 3038 666 3094 et
688 3031 730 3094 ad
754 3029 860 3094 solum
879 3029 1068 3118 lfrincipem
1093 3051 1131 3094 ac
1152 3030 1309 3096 Senatum

75 3135 252 3218 traductum,
272 3156 341 3217 eeu,
358 3145 394 3200 ut
412 3157 452 3200 ea
469 3138 511 3201 de
527 3157 563 3199 re
578 3137 713 3201 Tacitus
730 3141 816 3200 Ana.
832 3136 919 3200 Ι.]5.
935 3145 1002 3199 tum
1015 3142 1153 3218 primum
1170 3157 1188 3197 e
1202 3158 1311 3219 compo

74 3248 175 3306 censitio
192 3246 239 3306 ad
249 3252 363 3326 patres
382 3247 556 3308 translatu:
572 3246 640 3309 Dio
660 3247 748 3310 (lass.
762 3245 847 3308 Hist.
865 3243 985 3307 LVIII.
998 3243 1049 3306 20.
1072 3241 1222 3306 Reddita
1237 3243 1310 3327 qui-

74 3347 136 3412 dem
158 3373 229 3416 esse
254 3329 382 3435 populo
405 3375 425 3416 a
448 3351 531 3439 Cajo
552 3353 613 3418 illa
636 3354 865 3436 suffragiorum
887 3351 981 3436 jura,
1003 3351 1104 3416 tradit
1128 3349 1217 3414 idem
1241 3349 1310 3416 Dio

74 3455 143 3519 Ilist.
154 3459 241 3522 LIX.
252 3459 283 3522 9.
294 3459 353 3524 sed
365 3460 542 3525 Suetonius
561 3462 660 3543 OaHg.
678 3482 705 3524 c.
717 3461 767 3524 16.
787 3469 914 3526 tantum
933 3468 1168 3532 tentassemus,
1188 3460 1245 3542 ait,
1263 3479 1311 3549 en-¹

74 3567 211 3629 mitiorum
231 3589 318 3630 more
335 3577 487 3643 revocato,
502 3569 659 3650 suffragiu
671 3571 789 3651 pupulo
803 3570 945 3631 reddere.
966 3567 1066 3631 Certe
1085 3588 1147 3629 nec
1162 3570 1221 3631 sub
1241 3567 1311 3650 ejus

75 3675 297 3764 successoribus
325 3674 358 3737 in
381 3674 680 3762 ferendis'legibus
708 3674 848 3761 aliisque
874 3673 1170 3770 rebus‘majoribus
1195 3671 1312 3760 populi

75 3779 211 3866 suffragia
227 3782 385 3866 valuisse,
395 3783 589 3868 jamdudum
611 3786 831 3850 observarunt
845 3783 907 3848 viri
924 3783 1014 3848 docti
1029 3783 1079 3863 f):
1096 3783 1208 3846 Justus
1222 3780 1311 3865 Lips.

75 3973 184 4030 observat
201 3979 237 4030 V.
255 3977 288 4030 G.
305 3977 350 4030 Jo.
368 3977 502 4031 Graevius
510 3980 631 4047 pressat.
654 3978 685 4031 Τ.
703 3978 728 4031 I.
744 3981 835 4047 Aattq.
851 3978 931 4032 Rom.
950 3975 995 4048 [lu
1013 3977 1085 4030 hunc
1098 3981 1189 4030 locum
1206 3978 1313 4031 cousnll

75 4065 176 4113 meretur
187 4063 262 4114 docti
273 4062 417 4128 cujusdam
428 4062 624 4117 Iurisconsulti
635 4061 809 4129 Neapolitani
820 4062 979 4127 Adnotatu,
991 4077 1062 4131 quae
1075 4067 1166 4116 exstat
1179 4062 1208 4116 in
1217 4061 1313 4114 intima

78 4139 194 4199 ίῖιηιιιίι
210 4147 334 4200 Edictum
348 4139 494 4200 Geasveasi
507 4149 580 4202 Tam.
605 4149 649 4201 VI.
662 4148 710 4218 qui
721 4147 825 4215 prodiit
838 4146 927 4217 lm]
947 4147 1027 4199 Heia
1040 4147 1173 4209 Quaestio
1185 4147 1312 4200 universa

76 4229 160 4288 pendet
170 4249 205 4284 ex
221 4230 445 4296 interpretatione
461 4231 515 4285 loci
534 4231 683 4286 difficillimi
700 4234 775 4299 apud
787 4231 876 4285 Cicer.
895 4233 945 4284 Or.
962 4232 997 4284 ll.
1010 4232 1041 4282 de
1058 4231 1115 4299 lupe
1129 4234 1238 4300 aprum
1251 4247 1313 4298 eap.

77 4313 109 4363 lt).
125 4329 162 4382 sq.
180 4317 213 4368 da
230 4331 287 4385 qua
298 4331 371 4368 nune
382 4315 437 4369 vid.
450 4317 566 4370 Sohulue
580 4336 631 4370 aaa
644 4319 696 4370 dan
714 4317 1018 4385 Volksaerrammlunpen
1030 4316 1079 4367 der
1092 4316 1194 4368 Riimer
1207 4318 1313 4385 (Gotba

78 4397 154 4464 leta)
163 4387 165 4393 ’
173 4417 198 4466 p.
214 4406 268 4454 288
280 4427 314 4440 -
326 4403 386 4453 29³.
400 4400 488 4466 juna.
512 4403 662 4472 Einldtanp
674 4421 701 4470 p.
713 4407 738 4454 4.
756 4402 803 4455 ubi
816 4401 944 4455 Grucclrii
958 4400 1081 4468 partibus
1093 4401 1207 4453 aceedit.
1225 4399 1315 4454 Haut.

78 4476 130 4532 vid.
146 4489 172 4534 et
187 4485 320 4538 Huschke
343 4485 505 4555 Verfaarunp
524 4487 569 4539 dea
588 4487 663 4542 Serv.
686 4487 756 4539 nult.
769 4505 800 4556 p.
818 4492 869 4542 407
883 4517 916 4527 -
928 4491 988 4539 412.
1007 4484 1094 4539 ΜίὶΙιΙ.

133 4568 157 4634 ί)
176 4571 289 4624 Retenta
307 4569 417 4639 quidem
435 4570 603 4640 aliquamdiu
620 4576 685 4625 sunt
706 4571 817 4626 comitia
823 4589 831 4634 ι
851 4571 899 4624 sed
918 4570 986 4626 diois
1003 4567 1101 4633 eausa,
1125 4575 1152 4623 et
1175 4575 1312 4638 tamquam

935 4647 940 4657 ’
1052 4655 1119 4718 18*
