3080 5154
221 355 291 422 116
669 346 744 414 Lm.
771 345 798 413 1.
824 344 905 412 Tm.
931 344 1026 412 Vlll.

219 525 356 588 Sueten.
376 521 485 583 mand.
501 543 527 583 c.
543 521 595 584 25.
611 521 679 584 Dio
700 519 788 615 Cass.
804 521 888 582 Huc
903 520 973 582 LX.
987 517 1039 582 29.
1060 518 1167 581 Porro
1189 538 1256 582 non
1279 517 1386 582 multo
1403 524 1474 603 post
1524 480 1525 502 Χ

218 631 287 695 lata
301 634 353 692 lea
364 630 517 692 Petronia
531 607 618 692 anno
635 628 678 692 U.
694 627 731 690 C.
741 645 895 690 ncccxrv.
910 625 947 690 C.
958 626 1123 690 Petronio
1135 625 1260 688 Sabino
1276 625 1472 710 Turpiliano

220 717 256 802 ei
272 738 309 801 0.
325 735 490 800 Caesonio
505 736 613 799 Paeto
632 734 830 800 Consulibus
839 739 892 818 4),
910 755 976 816 qua
992 734 1142 816 vetitum,
1161 742 1198 798 ut
1217 755 1260 798 ne
1278 733 1401 797 liceret
1417 731 1473 795 do-

218 844 314 908 minis
327 863 438 908 servos
454 866 512 908 suo
528 844 665 927 arbitrio
683 842 724 906 ad
741 842 863 907 bestias
879 829 1116 926 depugnandas
1131 843 1276 923 tradere,
1287 840 1348 904 sed
1362 861 1473 904 caussa

218 952 308 1038 prius
323 975 343 1016 a
359 951 475 1036 judice
496 957 771 1034 cognosceretur:
787 951 825 1012 11·
843 948 893 1011 11.
912 951 941 1032 5.
960 949 989 1011 1.
1003 950 1033 1012 2.
1047 951 1088 1011 D.
1107 950 1152 1012 nd
1166 949 1205 1010 11.
1218 949 1312 1012 Gom
1328 949 1370 1012 do
1384 952 1473 1010 sicar.

806 1174 835 1257 §-
856 1173 886 1238 6.
911 1174 913 1180 ’

541 1314 679 1368 Hadriani
694 1313 820 1366 acuemus
836 1313 865 1365 in
884 1314 1002 1365 domium
1018 1313 1153 1365 immanes.

304 1431 390 1496 Tum
403 1439 521 1517 postea
535 1432 723 1496 Hadrianus
738 1430 946 1494 dominorum
964 1430 1193 1495 crudelitatem
1210 1430 1379 1515 rescriptis
1394 1430 1474 1514 legi-

221 1543 346 1625 busque
375 1561 471 1625 quam
501 1539 648 1625 plurimis
673 1539 824 1603 inhibuit.
855 1538 911 1602 Sic
935 1539 1139 1630 Umbriciam
1164 1544 1366 1620 matronam,
1394 1559 1473 1623 quae

221 1647 394 1712 levissimis
407 1648 450 1711 dc
473 1646 592 1710 caussis
610 1647 761 1710 acerbius
779 1651 980 1710 tractaverat
996 1645 1143 1728 ancillas,
1165 1646 1199 1708 in
1216 1645 1472 1731 quinquennium

220 1755 400 1841 relegavit:
418 1755 456 1815 L.
471 1753 501 1815 2.
516 1758 627 1835 infirm
645 1755 687 1816 Ι).
705 1756 734 1815 Ιι.
750 1764 771 1816 t.
791 1753 886 1816 Idem
907 1763 942 1816 et
956 1753 1131 1818 renovavit
1146 1752 1256 1835 legem
1272 1753 1473 1832 Petroniam,

222 1861 389 1946 ¹ergastula
407 1882 573 1924 servorum
590 1868 624 1923 et
639 1861 834 1924 libertorum
851 1860 996 1943 sustulit,
1018 1868 1055 1924 ἐἰ
1072 1883 1199 1945 servos,
1219 1861 1281 1924 nisi
1304 1859 1440 1943 cognita
1456 1882 1473 1921 a

216 1969 385 2054 judicibus
401 1987 524 2049 caussa,
541 1968 649 2030 occidi
664 1970 787 2032 vetuit:
808 1967 970 2052 Spartian.
985 1969 1090 2032 llndr.
1106 1968 1156 2032 18.
1172 1976 1203 2031 et
1218 1970 1261 2032 tbi
1274 1967 1418 2032 Gasaub.

804 2185 835 2265 s.
856 2184 887 2246 7.

707 2323 862 2376 Constitutio
880 2324 916 2376 D.
939 2324 994 2375 Pii.
1040 2403 1044 2408 Ι

306 2446 469 2511 Successit
490 2469 590 2531 porro
614 2448 805 2512 constitutio
829 2448 872 2512 D.
892 2447 964 2528 Pii,
986 2468 1071 2532 quae
1097 2447 1237 2510 dominis
1258 2447 1293 2510 in
1311 2467 1474 2512 servorum

114 2590 141 2626 .·
223 2575 353 2618 suorum
379 2555 480 2619 vitam
506 2575 572 2617 non
599 2553 673 2638 plus
699 2555 875 2637 potestatis
896 2555 1075 2639 concessit,
1096 2577 1203 2640 quarn
1223 2555 1258 2618 in
1284 2555 1474 2634 alienorum,

151 2693 156 2702 ·
222 2681 365 2745 poenam
390 2660 476 2746 legis
500 2661 677 2726 Corneliae
704 2661 827 2724 minata
853 2661 912 2743 iis,
935 2662 992 2745 qui
1014 2683 1125 2726 servos
1153 2664 1224 2726 sine
1246 2663 1339 2747 justa
1369 2684 1475 2726 caussa

226 2768 440 2833 occidissent:
462 2770 498 2830 L.
518 2768 547 2830 1.
564 2770 594 2850 §.
610 2769 640 2831 2.
655 2769 693 2830 1..
707 2767 738 2832 2.
754 2769 795 2829 D.
809 2771 838 2829 b.
852 2778 875 2830 t.
892 2768 985 2832 ldem
1006 2770 1089 2854 Imp.
1109 2770 1222 2850 venire
1238 2770 1338 2853 jussit
1359 2791 1475 2848 servos,

228 2877 285 2963 qui
300 2877 449 2940 acerbius
469 2877 602 2940 tractati
624 2900 644 2940 a
663 2874 803 2938 dominis
826 2876 868 2939 ad
889 2883 1011 2940 statuas
1034 2877 1224 2962 Principum
1245 2878 1475 2963 contingerant:

224 2985 253 3066 §.
265 2985 295 3047 2.
312 2986 390 3048 Inst.
401 2984 430 3044 11.
445 2992 466 3046 t.
485 2985 593 3045 Oollnt.
610 2986 694 3066 legg.
711 2985 790 3047 Mos.
804 2993 836 3046 et
849 2986 938 3048 Rom.
954 2987 1013 3047 ΙΙΙ.
1028 2984 1059 3048 2.
1067 3009 1101 3068 p.
1116 2985 1189 3048 742.

162 3207 171 3230 l
246 3275 248 3280 -
293 3240 326 3308 g)
347 3237 507 3292 indubium
520 3242 609 3289 tamen
624 3235 653 3288 id
666 3241 746 3288 vocat
754 3237 853 3289 Penus
868 3238 956 3290 Faber
969 3237 1094 3291 Semestr.
1108 3238 1150 3291 II.
1162 3245 1202 3294 11.
1216 3256 1247 3306 p.
1259 3243 1315 3291 134.
1330 3236 1382 3306 qui
1395 3241 1476 3303 negat,

224 3327 294 3378 hanc
312 3327 398 3390 legem
415 3323 566 3376 vocandam
585 3321 756 3381 Petroniam,
775 3321 824 3373 scd
836 3320 889 3374 dici
901 3337 962 3374 cam
976 3322 1080 3375 mavult
1093 3321 1259 3387 Pocrinium,
1277 3325 1361 3374 latam
1382 3321 1477 3392 quippe

225 3425 243 3462 a
251 3407 377 3462 Paetinio
386 3413 414 3459 et
423 3405 520 3459 Cassio
530 3403 689 3469 Aproniano
701 3405 781 3457 Coss.
794 3406 827 3458 Α.
837 3405 870 3457 U.
880 3405 911 3458 C.
922 3420 1073 3459 ncccnxxv.
1083 3404 1166 3476 idque
1174 3409 1263 3474 primo
1274 3407 1346 3470 ideo,
1357 3407 1424 3475 quia
1437 3408 1477 3457 len

225 3492 356 3548 Petronia
368 3493 402 3548 dc
413 3495 493 3558 longe
501 3489 556 3542 alia
566 3505 604 3554 re,
615 3495 683 3554 puta
691 3490 726 3542 dc
734 3491 966 3556 pcaevaricatione
974 3479 1145 3545 et'calumnia
1156 3493 1256 3559 egerit:
1265 3495 1299 3546 L.
1309 3495 1349 3545 16.
1363 3492 1394 3544 0.
1404 3493 1439 3544 ad
1447 3492 1476 3542 Ι.

225 3576 283 3630 Jnl.
298 3577 329 3628 de
341 3576 433 3639 adult,
445 3575 543 3628 deinde
562 3574 627 3643 quia
644 3574 678 3626 de
696 3574 838 3627 Hadriano
856 3577 954 3629 referat
967 3574 1136 3643 Spartianus,
1148 3593 1212 3628 eum
1229 3591 1322 3630 servos
1335 3593 1352 3628 a
1364 3574 1477 3630 dominis

226 3662 313 3716 occidi
329 3660 462 3724 vetuisse,
482 3676 584 3728 eosque
602 3657 724 3711 damnari
750 3661 870 3713 voluisse
892 3677 941 3727 par
955 3661 1071 3728 judices.
1099 3661 1154 3714 Sed
1171 3667 1202 3714 ut
1226 3664 1317 3728 plnres
1335 3664 1479 3727 potuemnt

192 3814 195 3822 Ι
227 3761 289 3800 esse
306 3748 380 3812 leges
398 3745 555 3808 Petroniae‚
575 3743 613 3796 ita
629 3744 658 3796 in
676 3761 730 3796 una
749 3745 847 3797 harum
865 3745 1001 3798 deservis
1020 3745 1154 3814 quaedam
1172 3753 1252 3798 cauta
1270 3763 1343 3811 csse,
1356 3753 1432 3813 patet
1447 3761 1478 3796 ex

226 3833 260 3886 L.
272 3837 314 3885 24.
327 3832 363 3884 D.
379 3831 411 3881 dr
423 3830 579 3882 Manoms'm.
596 3834 624 3880 et
640 3829 719 3880 Paul.
735 3829 852 3882 Sentent.
864 3829 915 3883 IV.
930 3835 970 3884 12.
982 3835 1008 3884 5.
1032 3831 1109 3883 Idem
1127 3831 1225 3884 deinde
1242 3833 1402 3885 Hadrianus
1419 3847 1479 3883 con·

227 3919 335 3970 firmare
353 3915 456 3981 potnit,
475 3919 502 3966 ct
519 3911 639 3965 severius
657 3901 781 3979 sancire,
796 3913 871 3983 quod
888 3912 923 3965 ab
941 3917 1157 3970 antecessoribus
1175 3922 1320 3980 statutum,
1339 3915 1368 3969 in
1387 3918 1479 3969 desue-

228 4002 352 4055 tudinem
370 4004 488 4062 venerat,
507 4003 555 4050 aut
572 3998 744 4053 obsoleverat
761 4000 879 4065 penitus.
898 4000 1011 4066 Semper
1029 4015 1095 4052 sane
1111 4003 1178 4053 haec
1194 4005 1240 4054 lex
1252 4002 1390 4066 Petronia,
1405 4016 1478 4053 num·

228 4101 312 4154 quam
330 4084 456 4136 Paetinia
472 4089 592 4136 vocatur.
611 4085 671 4136 Imo
688 4097 744 4133 non
762 4080 909 4136 obscurum
927 4090 976 4146 est,
994 4085 1115 4137 diversas
1133 4088 1214 4152 plane
1232 4089 1304 4154 leges
1322 4085 1479 4140 confundis

228 4171 312 4222 Petro
325 4169 424 4221 Fabro.
442 4170 523 4224 Prior
541 4167 613 4221 enim
631 4171 665 4221 de
676 4163 907 4231 praevaricatione
925 4167 1023 4220 dicitnr
1042 4169 1126 4222 Junio
1144 4172 1290 4231 Petronia·
1307 4174 1375 4224 haec
1393 4177 1479 4224 autem

230 4255 344 4308 dicenda
362 4258 434 4306 esset
452 4255 583 4306 Petronia
604 4253 739 4305 Caesonio.
758 4250 800 4300 De
821 4250 864 4304 his
883 4253 961 4304 Coss.
987 4251 1041 4305 vid.
1059 4254 1144 4306 Henr.
1162 4253 1253 4307 Notis.
1271 4255 1356 4323 Epist.
1378 4253 1479 4308 Consul.

226 4355 255 4408 p.
266 4341 326 4391 418.
345 4337 426 4389 Heln.
444 4338 487 4389 De
499 4336 545 4399 iis,
564 4351 634 4404 quae
646 4333 690 4386 bic
702 4342 877 4402 quaeruntur,
890 4334 1014 4400 inprimis
1027 4337 1080 4390 vid.
1093 4339 1187 4392 Herm.
1200 4340 1366 4394 Noordkerk
1379 4341 1479 4409 disquis.

231 4425 263 4475 de
280 4423 350 4490 Leuc
369 4423 507 4476 Petronia.
530 4423 616 4474 Amst.
637 4423 711 4473 1731.
729 4425 756 4470 et
774 4420 804 4471 C.
823 4421 854 4470 F.
874 4419 905 4471 C.
920 4421 1026 4472 Wenck
1045 4438 1142 4476 comm.
1160 4425 1195 4475 ad
1214 4425 1300 4490 Leges
1315 4428 1414 4477 Anton.
1429 4423 1477 4475 Pii.

230 4507 304 4573 lips.
321 4510 394 4560 1804.
411 4508 443 4559 Ρ.
462 4510 483 4560 Ι.
502 4524 527 4557 c.
548 4511 571 4557 1.
590 4521 616 4572 p.
632 4507 757 4557 35-81.
778 4503 821 4570 (in
837 4521 933 4571 opusc.
952 4506 995 4558 ed.
1014 4506 1119 4566 Stiebcr
1137 4526 1162 4575 p.
1181 4512 1225 4562 26.
1244 4510 1319 4578 sqq.)
1340 4507 1427 4562 Miill.
