3040 5164
195 367 266 434 384
396 310 400 316 Ι
657 314 988 426 L1n.ll.T1r.lll.
1095 333 1099 342 Ι

196 547 272 603 runt
293 535 425 601 Caelius
446 535 489 600 ad
512 534 707 598 Ciceronem
727 535 829 615 spiri.
850 535 895 596 od
913 535 1004 594 Fam.
1023 531 1110 594 VIII.
1125 531 1155 594 8.
1178 531 1305 613 etipse
1327 529 1445 594 Cicero

50 697 55 706 .
171 646 325 710 ‘adAd
349 624 450 726 opas
469 644 527 706 IV.
541 642 590 705 16.
609 663 671 724 pro
695 643 830 704 Caecina
850 663 875 702 c.
889 640 940 702 26.
957 659 1019 721 pro
1041 640 1157 701 Melone
1177 659 1202 701 c.
1224 639 1273 726 13.
1294 657 1359 700 nec
1384 659 1446 700 non

196 753 368 818 Sallustius
383 753 422 813 de
436 753 527 812 Bello
543 751 665 812 Catc‘ltn.
679 771 704 810 c.
719 747 769 810 31.
786 769 892 832 eaque
914 748 982 810 lata
997 756 1048 810 est
1061 747 1104 810 A.
1119 747 1160 810 U.
1176 747 1213 809 C.
1229 763 1370 810 ucnx1V.
1392 745 1447 808 Cn.

196 861 359 946 Pomp'ejo
375 859 539 922 Strabone
561 867 595 921 et
608 860 646 920 L.
661 857 784 930 Porcio
801 857 928 920 Catone
945 856 1036 919 Coss.
1050 849 1130 928 a'M.
1145 855 1280 918 Plautio
1296 853 1446 916 Tribuno

196 955 315 1054 plebis,
331 975 366 1030 ut
376 966 568 1032 ¹luculenter
583 967 727 1029 ostendit
744 965 857 1049 Steph.
874 965 951 1028 Vin.
961 963 1058 1047 Pigh.
1068 965 1154 1037 Anu.
1170 965 1253 1026 aba.
1264 964 1324 1024 III.
1333 983 1368 1044 p.
1380 962 1446 1024 228.

51 1079 65 1101 '
161 1152 164 1154 ,
196 1094 295 1142 auum
310 1097 401 1156 vero,
417 1082 454 1138 ut
468 1064 623 1137 observat
641 1075 848 1137 Hotomanus
863 1073 902 1134 de
916 1072 1022 1152 Legit.
1037 1095 1071 1154 p.
1086 1072 1137 1134 77.
1152 1093 1218 1134 non
1242 1070 1307 1134 alia
1325 1079 1394 1150 est,
1414 1093 1446 1132 ac

196 1185 267 1267 illa,
284 1205 381 1268 qnam
397 1182 439 1245 de
455 1183 488 1246 vi
508 1183 642 1266 publica
664 1188 697 1244 et
712 1181 840 1265 priuata
861 1180 937 1243 tulit
951 1179 1128 1262 Augustus.
1150 1181 1194 1242 Et
1210 1180 1288 1263 quia
1308 1178 1445 1240 inillam

197 1292 314 1377 procul
330 1290 432 1355 dubio
448 1298 482 1354 et
496 1290 631 1353 Plautia
645 1289 816 1372 migravit,
836 1287 993 1369 invaluit,
1015 1295 1052 1350 ut
1066 1290 1184 1372 juncto
1208 1287 1345 1350 nomine
1361 1287 1445 1349 dice-

196 1409 288 1464 retur
297 1400 382 1461 Jalm
396 1407 429 1460 ct
443 1401 554 1472 Plotia,
569 1398 843 1482 quemadmodum
859 1397 962 1460 Julr‘oc
975 1395 1013 1457 ct‘
1021 1398 1145 1476 Papiae
1158 1395 1360 1459 vocabulum
1375 1396 1445 1460 duas

198 1509 342 1572 diversas
357 1506 451 1590 leges
466 1507 647 1590 conjungit.

784 1563 863 1705 §.a
983 1680 985 1688 .

463 1724 521 1776 Lex
540 1723 677 1776 Scribonia
696 1724 727 1774 de
745 1719 911 1774 servitutibus
927 1695 980 1774 nori
997 1723 1188 1801 usucapiendt'r.

282 1825 345 1887 His
360 1825 542 1888 attexenda
555 1824 613 1886 lex
627 1840 814 1900 samsonis,
831 1845 916 1909 quae
933 1825 1052 1908 etipsa
1068 1824 1108 1887 ad
1127 1822 1360 1906 usucapionem
1373 1844 1440 1906 per-

200 1927 307 1995 tinuit.
329 1933 410 1994 Eam
435 1931 539 2016 aliqui
555 1932 674 1995 Coelio
691 1932 842 2009 Curioni,
866 1932 1016 1995 Tribuno
1038 1932 1164 2017 plebis3
1190 1931 1268 2012 alii,
1293 1937 1325 1993 et
1343 1931 1373 1992 in
1394 1931 1435 1991 bis

201 2039 340 2103 Galvan.
363 2040 401 2100 dc
423 2039 526 2116 nsosr.
547 2061 572 2101 c.
586 2040 636 2102 12.
660 2041 698 2103 L.
720 2040 894 2103 Scribonio
912 2041 1053 2120 Liboni,
1075 2039 1132 2124 qui
1146 2038 1189 2101 A.
1204 2039 1247 2102 U.
1264 2039 1302 2102 C.
1318 2056 1439 2102 uooxxr.

200 2169 273 2210 cum
287 2147 334 2209 Μ.
349 2146 499 2210 Antonio
516 2146 729 2212 Consulatum
752 2150 867 2233 gessit3
890 2148 946 2211 alii
970 2149 1132 2232 denique,
1149 2156 1184 2210 et
1204 2147 1349 2222 maxime
1363 2147 1441 2232 liae-

200 2255 318 2318 vardus
340 2257 383 2316 cd
396 2260 469 2338 teg.
486 2257 623 2320 Scribere.
639 2258 664 2317 I.
680 2279 713 2338 p.
728 2257 799 2319 794.
815 2258 910 2341 hujus
932 2256 1047 2339 nepoti
1071 2257 1108 2319 L.
1132 2255 1310 2318 Scribonio
1331 2255 1441 2318 Liboni

200 2363 364 2444 tribuunt,
380 2384 478 2448 quem
501 2365 632 2427 Tiberii
653 2367 855 2450 temporibus
870 2365 911 2427 A.
927 2364 969 2427 U.
987 2364 1024 2428 C.
1040 2383 1197 2428 nocuxlx.
1217 2386 1289 2427 cum
1316 2363 1442 2427 Sisenna

199 2471 312 2534 Tauro
335 2471 511 2546 Consulem
534 2472 649 2554 fuisse,
674 2493 717 2534 ex
740 2474 852 2536 Dione
877 2472 964 2536 Cass.
980 2474 1081 2533 LVII.
1100 2471 1150 2534 15.
1173 2473 1325 2556 adparet.
1354 2472 1441 2554 Legis

200 2600 311 2641 sensus
327 2586 362 2640 ut
383 2600 424 2641 eo
440 2580 630 2662 expeditior
645 2581 704 2662 sit,
721 2581 899 2645 notandum
919 2589 985 2662 est,
1002 2581 1234 2665 antiquissimis
1250 2581 1438 2664 temporibus

201 2685 375 2750 servitutes
392 2689 526 2770 usucapi
540 2688 627 2751 haud
643 2690 798 2773 potuisse.
821 2688 929 2766 Quum
946 2689 1033 2751 enim
1049 2690 1287 2772 possessionem
1303 2690 1439 2773 require·
1508 2751 1509 2776 ξ

201 2802 252 2857 ret
264 2794 436 2878 usucapio:
454 2799 488 2855 L.
503 2795 552 2880 25.
568 2797 608 2856 Ι).
624 2799 663 2859 de
683 2799 796 2880 Usurp.
813 2818 897 2885 quae
917 2795 950 2858 in
972 2797 1200 2879 servitutibus,
1221 2805 1341 2881 utpote
1358 2797 1441 2860 rebus
1508 2779 1509 2840 ἕ

200 2901 477 2985 incorporalibus,
503 2901 612 2967 locum
635 2926 701 2967 non
724 2905 847 2967 habere
870 2904 1062 2968 videbatur:
1084 2906 1121 2967 J..
1140 2905 1193 2967 32.
1214 2909 1246 2966 in
1261 2911 1335 2989 fine
1353 2908 1393 2968 J).
1412 2907 1442 2966 dc

203 3011 291 3072 Serv.
306 3013 374 3072 urb.
393 3013 503 3091 proed.
519 3019 553 3073 et
570 3016 604 3072 L.
619 3013 669 3076 43.
684 3015 725 3074 Ι).
740 3015 779 3075 dc
794 3016 927 3093 Adqoc'ru
947 3035 1008 3075 rer.
1024 3015 1101 3075 dom.
1118 3013 1239 3076 factum
1260 3022 1323 3095 est,
1338 3021 1375 3076 ut
1391 3032 1441 3076 nec

202 3117 335 3203 usucapi
355 3096 692 3202 posse'credereniur‚
709 3121 849 3183 maxime
873 3143 971 3205 quum
993 3121 1027 3183 in
1043 3120 1218 3184 duodecim
1234 3120 1359 3186 tabulis
1373 3118 1440 3184 nibil

203 3237 287 3290 esset
303 3227 345 3289 de
366 3249 472 3290 rerum
494 3228 749 3312 incorporalium
772 3230 971 3312 usucapione
987 3236 1159 3292 statutum:
1179 3235 1214 3292 L.
1230 3229 1281 3290 14.
1290 3251 1346 3310 pr.
1360 3230 1395 3290 D.
1407 3228 1437 3286 dc

203 3337 365 3396 Servitutt.
394 3342 428 3397 et
452 3344 626 3419 praeterea
650 3327 806 3421 usucapio
830 3338 872 3400 sit
898 3338 1013 3400 modus
1038 3336 1234 3421 adquirendi
1261 3337 1436 3412 dominium,

203 3443 368 3505 servitutis
389 3452 497 3506 autem
521 3444 699 3507 dominium
721 3445 844 3508 nullum
870 3467 940 3508 esse
963 3453 1084 3530 posset.
1106 3444 1154 3508 At
1175 3443 1256 3508 licet
1279 3466 1348 3508 non
1370 3447 1440 3507 esset

203 3550 392 3613 servitutum
410 3553 590 3634 possessio:
607 3558 678 3616 erat
691 3561 801 3617 tamen
818 3554 1003 3616 earumdem
1021 3576 1106 3636 usus,
1126 3575 1221 3638 quem
1238 3553 1364 3617 deinde
1378 3573 1441 3636 pru-

203 3660 319 3722 dentes
342 3659 433 3744 quasi
456 3682 516 3743 pro
533 3661 741 3744 possessione
762 3670 978 3747 acceperunt,
1001 3663 1155 3747 adeoque
1175 3661 1440 3746 interpretatione

201 3788 260 3832 ¹sua
282 3768 378 3830 etiam
402 3769 612 3850 servitutum,
628 3768 742 3832 saltem
757 3772 965 3851 rusticarum,
988 3771 1222 3855 usucapionem
1245 3771 1442 3834 invexerunt.

204 3877 389 3941 Clarissima
418 3877 482 3940 hoc
508 3875 618 3939 elucet
644 3899 686 3941 ex
713 3879 823 3942 verbis
851 3877 1020 3942 Ciceronis
1045 3901 1105 3965 pro
1132 3870 1171 3941 A.
1198 3879 1335 3941 Coecr'na
1357 3903 1380 3942 c.
1400 3873 1442 3938 26.

203 3987 439 4068 Aquaeductus‚
460 3986 603 4058 haustas,
625 3990 694 4060 iter,
710 3997 809 4062 actus,
825 4011 844 4049 a
861 3999 972 4070 potre,·
992 3990 1048 4050 sed
1066 3996 1139 4049 rata
1154 3993 1327 4050 auotoritas
1343 3991 1444 4050 darum

203 4110 310 4155 rerum
325 4096 459 4156 omnium
470 4114 490 4152 a
496 4095 574 4174 jure
584 4097 667 4156 civili
674 4100 808 4170 sarritur
816 4099 869 4174 ¹¹¹).
885 4095 994 4172 Quum
1006 4117 1086 4160 vero
1098 4095 1181 4159 haec
1193 4094 1286 4178 quasi
1298 4093 1443 4176 usucapio

272 4283 315 4349 m)
332 4283 375 4336 lta
392 4289 419 4334 et
436 4282 541 4348 putavit
558 4283 737 4351 pluribusque
755 4285 951 4338 demonstravit
967 4285 1011 4336 Jo.
1029 4299 1081 4336 van
1096 4286 1130 4337 de
1147 4286 1242 4338 Water
1260 4283 1289 4337 in
1309 4283 1442 4337 omma.

203 4369 266 4422 Jur.
285 4369 364 4422 Rom.
381 4366 445 4420 In'b:
457 4367 498 4420 ΙΙ.
517 4387 539 4421 c.
555 4373 594 4422 18.
608 4385 638 4437 p.
650 4373 710 4423 218.
727 4387 764 4439 sq.
792 4373 817 4424 A
841 4387 905 4422 vero
927 4370 1019 4440 itaque
1042 4373 1123 4436 longe
1144 4370 1251 4422 aberrat
1267 4372 1301 4421 B.
1326 4367 1441 4421 Braucbu

205 4453 305 4506 Deccd.
323 4453 364 4505 II.
386 4452 493 4508 Otrera.
514 4459 553 4508 17.
575 4453 658 4506 Ocra.
684 4454 748 4507 Vid.
766 4461 854 4509 tamen
879 4473 949 4526 quae
973 4463 1067 4511 contra
1091 4455 1441 4523 disputavit-Unterbolzuer

205 4539 221 4590 I.
241 4538 259 4589 Ι.
278 4542 309 4591 Τ.
329 4541 408 4620 unp·
429 4545 486 4593 140.
504 4556 544 4607 sq.
564 4538 649 4592 Miibl.
