3080 5154
218 381 266 446 9⁶
587 393 592 398 -
646 368 724 434 ω
748 368 776 436 1.
801 367 881 434 nr.
907 365 966 434 iv.
993 317 1076 432 vs

217 552 296 614 binc
309 565 426 612 turtur
440 563 588 610 suniarii.
611 543 684 606 Alii
695 543 842 627 denique
859 543 1028 626 utriusque
1039 541 1126 624 juris
1142 549 1300 624 expertes
1311 541 1355 604 ad
1365 559 1474 608 nunr-

218 674 386 722 'rlrlonuu
408 664 534 719 tantum
552 652 777 716 conditionem
794 650 1022 734 adspirabante
1035 653 1109 722 Jac.
1122 652 1237 735 cujac.
1247 651 1323 712 otc.
1333 651 1355 710 1
1355 651 1390 710 V.
1398 652 1429 711 5.

794 804 822 884 §-
843 803 894 864 lt

662 919 776 976 Qttinum
794 919 887 970 Latini
901 919 1032 971 Juninni?

178 1027 182 1034 ’
301 1025 384 1090 Jura
407 1021 549 1085 civitatis
569 1040 730 1102 quaenam
747 1017 881 1100 tinemut,
901 1019 986 1083 infra
1001 1019 1258 1104 (Adp.cap.1.)
1276 1019 1473 1082 ostendetur

219 1134 414 1201 adcuratius.
436 1147 555 1194 naum
572 1145 709 1191 JUNIANJ
727 1127 874 1210 ejusdem
897 1137 991 1191 erant
1016 1127 1215 1191 conditionis
1238 1149 1321 1212 curnx
1330 1125 1473 1207 Latinis,

217 1243 252 1306 in
269 1241 417 1306 colonias
432 1236 582 1300 deductis
609 1235 718 1317 (§.12.
732 1244 800 1298 not.
814 1239 867 1318 t),
890 1235 1004 1319 quales
1027 1235 1180 1298 coloniae
1200 1235 1317 1318 passim
1337 1235 1372 1318 in
1388 1235 1472 1297 orbe

217 1351 370 1415 Romano
386 1346 571 1425 exstabant,
590 1344 690 1406 etiam
708 1364 791 1406 aevo
806 1343 1063 1427 Imperatorum:
1086 1343 1144 1405 ΕΖ.
1160 1341 1281 1426 Spanb.
1302 1343 1473 1404 oronam

217 1455 410 1521 11300319.
427 1455 600 1516 Libertate
619 1451 721 1535 igitur
737 1452 938 1534 gaudebant,
954 1453 1134 1536 participes
1150 1433 1244 1513 erant
1257 1451 1472 1512 commercio-

217 1588 288 1629 rum
298 1572 333 1626 et
349 1563 626 1646 mancipationum
636 1581 708 1622 cum
720 1559 862 1622 civibus:
879 1558 958 1643 Ulp.
972 1561 1063 1622 XIX.
1073 1560 1103 1620 4.
1113 1566 1147 1620 et
1160 1557 1305 1621 familiae
1316 1564 1472 1639 emtores

219 1682 253 1736 et
265 1681 378 1752 testea,
395 1679 429 1733 et
445 1667 650 1753 libripendes
664 1667 748 1748 fieri,
763 1666 859 1750 (Ulp.
874 1665 948 1728 XX.
964 1668 1027 1749 8.),
1041 1666 1120 1752 quin
1134 1675 1169 1730 et
1184 1666 1470 1730 fideicommissum

219 1801 338 1866 capere
356 1786 528 1863 poterant:
549 1775 644 1861 (Ulp.
659 1776 765 1853 XXV.
779 1775 825 1857 6.)
852 1773 919 1837 Sed
941 1783 1050 1838 tamen
1065 1797 1128 1839 nec
1140 1775 1256 1838 testari
1276 1774 1316 1836 iis
1333 1773 1472 1856 licebat,

181 1937 186 1946 .
218 1912 280 1952 nec
304 1910 346 1950 ex
368 1893 567 1949 testamento
585 1883 764 1968 quidq'uam
780 1905 911 1967 capere,
931 1883 993 1946 nisi
1010 1883 1096 1946 intra
1116 1889 1246 1945 centum
1263 1881 1332 1944 dies
1349 1881 1471 1945 cretio-

219 1999 269 2061 nis
279 1999 356 2083 jura
372 1995 550 2072 Quiritium
567 2000 863 2075 consequerentur:
891 1990 970 2074 Ulp.
993 1991 1100 2053 XVII.
1111 1992 1141 2053 1.
1164 1988 1253 2052 Hinc
1269 1989 1370 2074 vulgo
1387 1990 1472 2053 dici-

219 2117 282 2188 tur,
300 2105 422 2168 vixisse
435 2102 572 2166 Latinos
588 2101 750 2164 Junianos
765 2109 801 2163 ut
819 2099 956 2181 liberos,
971 2099 1150 2163 decessisse
1171 2108 1207 2162 ut
1225 2119 1347 2162 servos.
1366 2099 1405 2161 L.
1418 2121 1471 2161 nn.

223 2216 255 2277 0.
273 2216 313 2276 de
327 2215 400 2276 Imt.
414 2213 463 2276 nt.
477 2213 539 2273 toll.
554 2214 599 2291 5).

791 2325 820 2406 §.
842 2325 892 2385 15.

729 2441 828 2498 Quales
847 2440 964 2491 dedititii.

302 2560 467 2608 nnnl'rl'rn
487 2562 567 2604 vero
583 2542 640 2603 vix
666 2539 812 2602 umbram
827 2539 992 2603 libertatis
1015 2539 1310 2624 consequebantur.
1333 2539 1420 2604 Nam
1437 2550 1473 2604 et

213 2653 298 2737 juris
311 2649 579 2714 commerciorum
595 2647 940 2732 mancipationumque
952 2656 1047 2710 erant
1056 2657 1223 2731 expertes,
1233 2657 1267 2711 et
1280 2650 1471 2714 testamenti

220 2760 365 2824 factione
383 2766 450 2820 tum
467 2755 585 2836 activa,
602 2762 671 2818 tum
691 2756 830 2838 passiva,
852 2755 952 2840 plane
966 2757 1122 2820 carebant
1137 2761 1181 2838 ²),
1198 2764 1242 2838 et,
1255 2777 1341 2841 quae
1356 2758 1473 2820 miser-

219 2868 302 2931 rima
317 2874 388 2930 erat
402 2885 514 2928 eorum
534 2863 694 2946 conditio,
715 2862 807 2946 nulla
824 2865 902 2948 ipsis
920 2885 994 2949 spes
1017 2875 1198 2948 supererat,
1220 2863 1408 2928 ullomodo
1429 2865 1472 2928 ad

220 2975 338 3038 civium
356 2975 593 3056 Romanorum,
610 2971 665 3036 vel
677 2973 869 3039 Latinorum
889 2971 1016 3055 saltem,
1028 2973 1253 3038 conditionem
1270 2973 1472 3058 adspirandi,

220 3083 311 3146 Suet.
326 3085 409 3164 Aug.
428 3104 454 3144 c.
466 3082 529 3154 40.
540 3081 643 3166 Gajus
658 3083 734 3144 Inet.
749 3082 774 3142 Ι.
788 3079 819 3142 1.
829 3080 860 3142 4.
879 3081 1274 3165 (seupotius1.13--15.
1288 3070 1472 3165 25-27.),

220 3192 373 3277 adeoque
389 3189 536 3275 ejusdem
558 3197 652 3251 erant
668 3187 868 3250 conditionis
880 3209 951 3251 cum
969 3190 1102 3273 populis
1116 3190 1286 3253 dedititiis.
1300 3195 1345 3272 ⁸).

797 3366 826 3446 §-
847 3364 897 3428 16.

222 3554 225 3563 .
439 3537 442 3542 -
459 3500 505 3552 An
523 3517 554 3551 ea
573 3497 726 3568 dfferentie
743 3497 846 3550 sublata
864 3497 896 3550 ab
909 3499 1043 3552 Antonino
1065 3499 1223 3574 Caracalla!
1358 3554 1361 3566 ,

191 3669 197 3683 .
303 3601 348 3663 Et
360 3599 443 3663 hae'c
469 3599 658 3662 differentia
676 3597 907 3662 libertinorum
931 3601 994 3663 suit
1014 3601 1112 3666 etiam
1133 3602 1194 3664 s'ub
1212 3602 1473 3686 Imperatoribus

220 3706 469 3794 insequentibus
487 3707 672 3769 observata.
688 3705 846 3784 Quamvis
862 3708 949 3770 enim
957 3708 1147 3771 Antoninus
1160 3709 1331 3774 Caracalla
1345 3712 1379 3775 in
1392 3723 1474 3776 nota

220 3817 280 3880 1113
295 3819 373 3902 lege
390 3817 427 3876 In
443 3817 514 3877 orte
531 3815 673 3877 Romano
694 3815 754 3895 (L.
766 3814 816 3879 17.
829 3803 924 3877 Inde
940 3817 1036 3878 Statu
1051 3817 1145 3900 dom.)
1162 3817 1304 3882 civitatis
1312 3821 1390 3904 jura
1401 3843 1473 3884 cum

229 3969 520 3982 ffl—

285 4035 323 4106 γ)
342 4036 466 4091 Mediam
483 4051 531 4089 eos
549 4039 752 4106 quodammodo
766 4037 916 4092 obtinuisse
930 4041 1067 4092 fortunam
1085 4040 1155 4092 iuter
1169 4057 1262 4094 servos
1279 4047 1307 4094 et
1323 4043 1425 4096 liberos
1437 4041 1476 4094 ait

222 4123 416 4176 Constantinus
434 4122 499 4189 imp;
512 4123 543 4175 1.
555 4127 580 4176 3.
593 4125 643 4178 Tb.
655 4127 686 4178 C.
699 4125 735 4177 cd
755 4124 818 4178 Set.
840 4123 932 4176 Claud.
943 4125 992 4176 IV.
1006 4125 1174 4178 ll.-Juris
1192 4125 1384 4192 conditionem,
1404 4143 1475 4194 quae

202 4207 303 4268 ,tuerit
320 4208 480 4260 Latinorum
497 4208 687 4272 turrianorum,
706 4210 759 4260 late
777 4209 905 4274 exposuit
922 4209 957 4261 de
974 4211 1159 4276 Vaugeront.
1172 4211 1189 4264 t.
1207 4213 1229 4278 ξ.
1242 4217 1367 4266 22-36.
1387 4212 1475 4264 Mitt

291 4294 322 4360 z)
342 4295 404 4361 Gaj.
423 4295 444 4344 1.
462 4297 505 4346 25.
523 4299 550 4345 et
566 4295 630 4358 Uip.
649 4294 719 4345 XX.
739 4297 779 4345 14.
798 4293 885 4345 Mntn

292 4378 323 4444 3)
344 4378 399 4440 Qui
418 4394 447 4430 se
472 4370 618 4445 divinaque
641 4383 669 4428 ct
685 4379 804 4429 humana
821 4378 913 4430 omnia
929 4379 1080 4445 dedebant,
1098 4381 1272 4434 mittebantur
1294 4381 1346 4432 snb
1360 4381 1475 4448 jugum:

111 4499 115 4507 ·
222 4463 330 4528 dequo
353 4464 406 4514 ritu
430 4452 563 4516 videndus
590 4463 705 4529 Dionys.
727 4463 816 4514 Helie.
834 4464 897 4515 Ant.
915 4465 994 4518 Rom.
1013 4463 1070 4517 III.
1088 4470 1130 4518 22.
1158 4467 1221 4528 Qua
1237 4467 1358 4519 formula·
1376 4468 1476 4520 deindo

223 4549 290 4600 sacta
310 4548 390 4600 suerit
407 4545 517 4610 deditio,
536 4564 571 4598 ex
590 4547 648 4600 niv.
666 4551 688 4602 1.
706 4551 748 4601 ³8.
767 4547 886 4602 ostendit
904 4550 985 4602 Bam.
1003 4550 1125 4603 Brisson.
1145 4552 1176 4602 de
1197 4551 1286 4604 Form.
1305 4552 1325 4604 I
1329 4553 1354 4603 V.
1370 4557 1475 4620 [1354.
