3056 5154
350 397 453 482 Quin.
481 399 579 468 Mon.
605 397 789 468 Tonmrnn
814 398 1024 470 Oemonrro.
1243 407 1315 476 587

29 577 130 638 dam
151 583 183 638 et
199 578 340 648 cessatio,
359 575 469 658 quibus
488 575 596 638 de'eleee
611 575 690 638 aiiii
704 596 775 638 cum
794 578 837 640 eis
852 579 911 657 egi
920 578 999 657 jure
1008 581 1110 658 possit
1124 580 1168 659 θ).
1190 579 1316 644 Postea

28 683 75 746 hi
103 679 233 746 XXX
255 682 326 746 dies
351 680 393 746 ad
420 680 501 745 duos
530 702 659 746 menses
683 679 810 746 redacti
834 689 922 746 eunt:
951 683 985 745 L.
1009 705 1062 746 uu.
1088 684 1120 746 0.
1145 685 1255 748 lucau
1275 687 1315 748 de

36 791 158 852 Ucur.
178 794 229 852 rei
237 791 374 872 judicat.
390 797 557 874 postremo
575 789 617 853 ad
636 798 778 873 quatuor
792 811 919 854 menses
937 811 956 852 a
974 789 1180 854 Justiniano:
1193 791 1230 853 L.
1242 813 1315 874 pen.

31 906 75 961 et
101 900 170 960 ult.
191 898 223 958 C.
242 897 280 960 de
307 897 401 958 Usur.
415 899 465 958 rei
473 898 574 977 judic.
589 897 739 981 Pergunt
754 897 963 962 Decemviri:
981 915 1075 964 noer.
1091 915 1228 962 uulnus.
1248 892 1314 962 ull-

30 1021 133 1068 NUS.
153 1021 318 1067 rnrncrro.
340 1011 434 1067 ns'ro.
456 1020 501 1066 IN.
523 1019 590 1068 tus.
611 1021 744 1068 nucrro.
767 1005 806 1068 In
824 1007 879 1090 jus
904 1027 984 1090 ergo
1001 1006 1072 1090 jam
1094 1006 1166 1089 rapi
1182 1013 1314 1089 poteret

33 1111 203 1193 debitor,
220 1110 422 1175 circumactis
431 1109 530 1195 justis
545 1112 684 1196 triginta
699 1111 827 1193 diebus,
843 1133 909 1176 non
927 1114 1079 1196 quidem,
1091 1111 1181 1178 utde
1198 1113 1313 1178 debito

34 1219 171 1282 denuo
193 1227 449 1304 cognosceretur
479 1221 574 1297 (nam
593 1218 662 1302 jam
689 1226 788 1282 antee
812 1239 864 1282 res
879 1217 1032 1302 judicata
1054 1224 1163 1301 erat),
1191 1221 1250 1284 sed
1275 1230 1312 1286 ut

34 1327 271 1392 addiceretur
295 1324 462 1388 creditori.
494 1325 549 1388 Sic
576 1327 662 1390 enim
684 1346 784 1410 porro
802 1325 1010 1390 Decemviri:
1034 1344 1081 1390 ru.
1106 1342 1312 1392 inmusulus.

35 1451 167 1498 rscru.
188 1450 268 1498 Aur.
291 1447 377 1508 Quis.
393 1449 493 1496 nuno.
515 1451 572 1496 nu.
583 1450 676 1496 Jnnn.
694 1450 854 1498 munium.
871 1449 990 1498 uncum.
1008 1450 1145 1498 oncino.
1165 1452 1312 1500 vmclno.

36 1560 133 1606 Aur.
168 1557 290 1608 nsnvo.
318 1556 538 1606 counnnnsus.
559 1555 758 1617 Qurnnucur.
785 1558 906 1607 nortun.
927 1557 982 1604 nn.
1004 1557 1145 1606 unione.
1169 1558 1249 1606 Aur.
1270 1557 1312 1606 sl.

37 1648 611 1732 voun‘r.uruons.v1uc1ro.lnjus
628 1669 708 1732 ergo
725 1649 828 1731 raptis
844 1648 930 1717 duae
945 1656 1040 1713 erant
1055 1647 1211 1712 elabendi
1228 1649 1311 1713 viae.

38 1756 123 1818 Aut
140 1755 328 1839 judicatum
346 1763 416 1818 erat
439 1754 645 1837 faciendum,
660 1765 715 1822 aut
730 1755 949 1820 inveniendus
972 1756 1096 1820 vindex
1115 1757 1170 1822 vel
1189 1777 1312 1841 expro-

37 1864 188 1944 missor‚
217 1862 277 1946 qui
296 1865 460 1942 pecuniam
480 1884 541 1944 pro
566 1864 690 1927 addicto
716 1864 903 1944 dependeret
918 1865 966 1944 l),
992 1872 1028 1928 nt
1052 1864 1099 1928 ait
1122 1864 1252 1928 Seneca
1272 1866 1312 1927 de

40 1971 171 2047 Renes.
186 1969 246 2030 ΙΙΙ.
264 1968 294 2030 8.
317 1969 390 2032 Nec
413 1970 522 2034 soluto
538 1969 666 2052 debito,
683 1992 746 2034 nec
761 1970 839 2034 dato
855 1969 1003 2051 vindice,
1019 1970 1235 2037 addicebetur
1250 1974 1312 2037 ob-

42 2085 188 2142 aeratus
215 2075 394 2156 creditori,
419 2078 529 2140 nervis
558 2077 838 2163 compedibusque
867 2078 908 2142 ab
935 2079 999 2141 hoc
1025 2079 1311 2164 constringendus,

42 2205 196 2270 quorum
220 2192 332 2268 tamen
355 2205 438 2248 onus
457 2184 530 2268 XV
547 2182 660 2267 pondo
687 2207 754 2249 non
777 2185 925 2249 debebat
944 2206 1016 2250 csse
1038 2189 1150 2271 majus.
1172 2187 1311 2273 Saepius

43 2293 196 2358 adhunc
213 2310 336 2356 morem
355 2290 518 2356 adludunt
537 2292 666 2374 comici,
683 2291 788 2356 veluti
806 2292 945 2356 Plautus
958 2294 1107 2354 Bucolid.
1125 2297 1196 2356 Act.
1219 2295 1254 2354 V.
1267 2316 1310 2358 so.

42 2401 76 2466 2.
93 2422 127 2464 υ.
147 2400 198 2462 87.
221 2400 413 2464 Monaesum.
430 2401 500 2462 Aet.
520 2400 546 2462 Ι.
564 2421 607 2462 so.
622 2399 652 2462 1.
669 2421 695 2462 u.
709 2399 760 2464 20.
785 2399 962 2465 Terentius
981 2401 1109 2464 Plorat.
1123 2403 1194 2462 Aet.
1209 2402 1252 2462 11.
1267 2422 1310 2462 sc.

44 2508 76 2572 2.
92 2529 126 2572 o.
141 2507 195 2572 20.
208 2525 272 2588 sqq.
288 2506 344 2569 ubi
358 2505 471 2590 lepide
487 2505 656 2588 Phormio,
670 2509 847 2590 parasitus:

138 2665 181 2678 -
202 2665 245 2678 -
264 2665 307 2678 -
327 2631 440 2693 Dices:
460 2631 578 2694 ducent
595 2632 779 2694 damnatum
800 2632 932 2694 domum.

138 2741 236 2800 Aure
256 2740 366 2800 nubent
387 2739 537 2800 nminem
558 2740 702 2808 edacem,-
723 2749 755 2802 et
774 2743 904 2820 sepiunt
923 2759 993 2800 meu
1014 2741 1178 2812 sententiis,

138 2849 208 2907 Pro
229 2848 378 2925 maleficiis
399 2849 430 2908 si
446 2847 627 2927 leuploium
648 2866 803 2909 summum
824 2849 935 2909 uolunt
956 2846 1097 2909 reddere.

47 2969 105 3033 Ad
127 2989 214 3052 quae
231 2968 333 3030 verba
348 2965 570 3052 intelligenda
587 2967 787 3030 consuluisse
799 2968 932 3052 juvabit
944 2969 1110 3031 Donatum
1129 2967 1162 3030 in
1177 2966 1309 3029 semus.

49 3076 222 3161 Exempla
244 3095 377 3161 quoque
401 3082 534 3139 exstant
556 3073 642 3158 apud
659 3075 789 3138 Livium
811 3075 863 3136 VI.
881 3075 931 3137 11.
950 3075 1001 3138 14.
1014 3072 1056 3138 'et
1079 3073 1159 3138 alibi
1180 3073 1308 3157 passim.

124 3301 155 3366 e)
176 3296 250 3350 Justi
268 3296 326 3351 dies
344 3297 519 3362 vocabantur,
531 3296 602 3350 intra
620 3311 689 3365 quos
708 3296 900 3365 quodcumque
917 3294 1055 3360 negotium
1070 3297 1127 3345 erat
1141 3293 1309 3358 suspenden-

51 3385 130 3438 dum.
153 3383 228 3439 Hino
245 3384 343 3436 Festus
361 3383 413 3434 sub
431 3398 504 3434 voco.
513 3384 585 3453 justi
602 3383 656 3434 dies
671 3400 699 3450 p.
717 3386 777 3434 196.
795 3381 876 3434 eliam
898 3379 1008 3446 triginta
1030 3379 1088 3431 dies
1114 3382 1194 3430 vocat
1208 3377 1308 3442 justos,

51 3487 133 3536 quum
146 3470 278 3520 exercitus
295 3476 361 3520 esset
377 3469 530 3535 imperatur.
545 3475 571 3518 et
587 3467 709 3520 uexillum
727 3468 755 3518 iu
772 3485 834 3520 erce
848 3467 962 3535 posituim
980 3469 1071 3518 staret.
1089 3464 1130 3516 Gi.
1148 3461 1309 3516 Macrobius

52 3552 196 3608 saturnal.
214 3553 238 3606 I.
259 3557 300 3606 16.
319 3553 398 3604 Helu.

123 3640 156 3706 f)
178 3637 308 3692 Sciebant
321 3635 400 3691 enim'
411 3635 463 3688 viri
476 3634 581 3688 nobiles
600 3637 706 3704 plebem
719 3651 924 3704 nonnumquam
941 3637 991 3688 hac
1009 3631 1109 3700 insigni
1125 3630 1309 3686 munificentia

51 3724 198 3778 demereri.
217 3725 305 3787 Quale
324 3723 479 3788 exemplum·
497 3721 597 3774 imitari
621 3737 651 3773 se
668 3721 813 3774 simulabat
830 3721 930 3774 nebulo
947 3719 992 3772 ille
1016 3719 1091 3784 epud
1108 3717 1256 3780 Naevium,
1274 3715 1309 3767 de

53 3826 109 3876 quo
137 3808 235 3862 Cicero
264 3807 433 3860 de'Orutore
452 3807 493 3860 Π.
511 3810 553 3858 63.
585 3808 660 3866 Quae
675 3824 775 3874 peuera
800 3806 908 3859 ridiculi
930 3822 1089 3874 percurram
1113 3803 1246 3871 equidem:
1263 3799 1311 3852 sed

52 3897 132 3956 scitis,
153 3912 208 3946 esse
226 3893 385 3946 notissimum
405 3891 511 3944 ridiculi
525 3909 620 3958 penus,
639 3909 718 3961 quum
743 3892 817 3944 eliud
834 3899 1020 3960 exspectamur,
1039 3888 1113 3942 aliud
1132 3888 1234 3940 dicitur.
1255 3885 1309 3938 Hic

52 3978 182 4031 nobismet
198 3977 261 4046 ipris
279 3985 368 4031 noster
386 3992 465 4026 erro-r
481 3975 564 4026 risum
581 3985 672 4029 mouet.
696 3979 798 4037 Quodsi
813 3977 956 4030 admixtum
975 3983 1014 4028 est
1031 3972 1191 4042 amlipuum,
1201 3972 1239 4038 ‚fit
1256 3969 1309 4021 rul-

53 4063 121 4116 rius:
139 4071 171 4115 ut
189 4063 262 4130 apud
280 4063 407 4116 Naeuium
426 4061 529 4116 videtur
548 4077 602 4112 esse
615 4062 768 4131 ‘misericors
785 4061 839 4124 iile,
857 4061 903 4130 qui
904 4060 1057 4130 judicatum
1075 4057 1136 4110 duci
1152 4057 1230 4135 uidet,
1244 4071 1309 4124 per·

53 4155 193 4202 cunctatus
210 4148 263 4198 itu:
515 4153 518 4160 ⁴
1186 4161 1188 4166 ·

167 4233 289 4290 Quium
308 4230 464 4285 Annrcrus?
481 4245 570 4284 uranu
588 4244 699 4282 neuun.

56 4318 87 4370 Si
105 4319 249 4372 addidisset
268 4318 461 4370 tandummodo:
478 4332 568 4368 nuces
585 4332 682 4372 nicnr:
702 4327 767 4371 esset
785 4317 853 4370 illud
867 4333 949 4385 penus
961 4311 1068 4366 ridiculi
1082 4318 1191 4379 praeter
1203 4327 1309 4377 exspec-

56 4407 197 4470 tationem:
214 4403 262 4454 scd
278 4403 338 4471 quie
361 4404 474 4456 eddidit:
1089 4413 1092 4418 '

161 4502 250 4540 nrnrn
267 4503 353 4540 anuo:
371 4503 460 4540 onear
477 4504 568 4541 uren.

58 4574 147 4630 addito
157 4570 287 4645 ambiguo,
297 4573 381 4626 altero
390 4590 488 4647 periere
500 4572 614 4634 ridiculi,
619 4573 687 4645 fuit,
696 4581 726 4626 ut
737 4572 801 4628 milii
808 4571 910 4647 quidem
922 4563 1216 4629 clementissimum.
1228 4562 1307 4619 Heio.
