3080 5154
821 272 823 283 ·
1032 257 1035 272 -
1508 180 1510 272 i

237 363 306 431 104
702 354 778 422 Lm.
804 355 932 422 l.T1r.
958 355 1017 425 vl.
1510 363 1511 418 l

235 539 353 617 scripta
367 534 412 614 f),
432 535 581 614 itemque,
598 535 653 613 qni
673 552 791 613 quaeue
806 539 936 612 propter
957 551 1074 594 norom
1092 541 1198 594 tortus
1219 539 1359 605 tonan,
1377 554 1476 596 nocem
1511 547 1512 556 ¹

234 646 379 704 inuentus
401 645 565 703 incentore
579 645 625 720 s),
641 643 713 700 item
734 643 790 721 qui
806 659 939 720 quosue,
957 648 994 701 ut
1006 643 1117 720 ferro,
1142 648 1202 702 out
1224 660 1295 702 cum
1318 641 1417 702 testato
1433 643 1476 702 de·

230 757 393 831 pugnaret
407 749 460 828 ¹¹),
481 749 667 819 damnatus,
695 747 897 823 damnatore,
920 751 1018 810 aliove
1044 749 1195 831 supyrlr‘osir
1217 749 1363 826 adfectus
1386 749 1477 825 adscc-

236 867 306 918 tooe
325 857 446 935 ¹)suit:
464 858 491 917 is
509 876 593 931 caue,
607 875 726 937 quoquo
740 855 828 915 modo
848 855 872 933 ¹)
895 860 1107 918 manumissus
1123 860 1365 930 manumissore,
1370 857 1477 937 justom

235 965 407 1026 libertatem
425 985 465 1025 ne
479 967 673 1045 consequitor
689 967 746 1042 ¹¹¹),
767 963 824 1024 sed
840 963 1049 1026 dedititiorum
1066 984 1199 1026 numero
1213 972 1281 1025 esto
1295 966 1341 1041 ¹).

774 1267 953 1335 memo

257 1410 321 1472 DE
344 1409 536 1473 AETATE
559 1408 1056 1474 MANUMITTENDORUM
1078 1410 1171 1476 PER
1191 1407 1460 1486 VINDICTAM.

321 1567 427 1630 Minor
444 1567 548 1628 XXX
558 1587 714 1628 annorum
732 1557 1016 1653 seruusoncittoce,
1034 1591 1129 1631 censu
1144 1572 1176 1649 ι’)
1197 1569 1372 1630 vindictum
1384 1585 1477 1625 monu·
1506 1589 1517 1624 ο

237 1680 351 1737 missus
364 1679 604 1748 manumissore,
623 1679 757 1736 ciuitatis
771 1673 935 1737 Romanae
946 1678 1013 1757 jus,
1028 1681 1092 1738 nisi
1103 1694 1221 1739 cousso
1236 1676 1325 1758 opud
1337 1673 1477 1736 consilium

236 1784 384 1864 prototo,
398 1801 439 1844 ne
451 1769 655 1863 consequitor.

239 2085 333 2150 paullo
355 2089 417 2136 ente
441 2100 541 2150 negare
569 2099 632 2136 eum
656 2081 820 2147 viderimus,
845 2081 874 2134 iu
902 2081 1055 2136 custodiam
1080 2083 1174 2134 datum
1198 2097 1251 2149 pro
1275 2081 1366 2136 vineto
1384 2077 1479 2132 haberit

240 2170 395 2236 Negamus,
414 2169 478 2237 quia
503 2168 531 2220 in
550 2169 582 2219 L.
600 2172 660 2221 216.
680 2170 711 2220 de
736 2169 763 2221 V.
785 2169 812 2222 S.
831 2170 865 2220 de
890 2169 997 2235 privato
1016 2185 1139 2230 carcere,
1158 2169 1207 2238 qui
1229 2183 1286 2220 non
1307 2167 1418 2220 nocebat
1432 2162 1479 2214 sinc

240 2254 372 2307 vinculis:
390 2253 434 2305 hic
457 2258 547 2305 autem
566 2253 607 2318 ⁴de
630 2269 736 2306 carcere
752 2254 863 2321 publico
880 2255 1008 2323 loquitur.
1032 2253 1094 2307 Vid.
1113 2255 1170 2307 Jac.
1191 2254 1287 2321 Cujac.
1306 2253 1341 2304 od
1363 2249 1416 2318 Uip.
1433 2247 1447 2297 l·
1462 2263 1478 2294 c·

240 2339 320 2392 Hein.
338 2339 421 2404 Apud
440 2339 540 2406 Gajum
559 2340 624 2391 llaec
642 2342 769 2406 leguntur
789 2341 825 2406 (Ι.
842 2327 906 2408 13):'
923 2341 986 2392 inve
1004 2341 1099 2393 ludum
1115 2342 1166 2407 (sc.
1185 2335 1391 2406 gladiatorium)
1405 2335 1480 2384 custo-

240 2425 346 2477 diamve
368 2424 483 2491 conjecti
509 2424 617 2476 tuerint.
643 2425 707 2478 Vid.
725 2429 753 2476 et
775 2419 805 2477 F.
824 2426 857 2478 A.
882 2425 1015 2490 Schilliog
1037 2425 1174 2478 animadv.
1199 2424 1259 2476 crit.
1278 2423 1313 2475 ad
1332 2422 1392 2486 Ulp.
1409 2419 1449 2482 sp.
1463 2415 1480 2466 l·

239 2525 267 2576 p.
285 2513 327 2562 4³.
346 2508 434 2560 Mtte.

310 2595 338 2660 f)
358 2594 422 2658 Ulp.
440 2592 501 2645 ibid.
519 2593 671 2660 §.11.Gaj.
690 2593 757 2644 Inst.
771 2578 870 2645 1.'1.s.
889 2611 939 2645 nec
957 2609 1027 2659 opus
1045 2594 1152 2646 videtur
1171 2590 1403 2646 emendationem
1417 2587 1480 2638 textu

240 2679 361 2744 Ulpiani,
379 2676 427 2730 ubi
445 2694 496 2744 pro
516 2680 623 2748 uordpio
641 2678 752 2748 quidam
777 2679 888 2731 rescribi
909 2679 1009 2746 jubent
1027 2681 1157 2748 stiymota.
1185 2679 1267 2731 Hein.
1286 2677 1385 2744 Utique
1407 2673 1481 2736 legen-

243 2765 309 2820 dum
333 2765 408 2830 apud
430 2763 596 2830 Ulpianum:
624 2763 745 2834 quibusve
769 2767 889 2832 utinmotu
913 2767 1031 2834 reripto5
1060 2771 1090 2818 ut
1115 2764 1198 2816 habet
1222 2763 1306 2816 etium
1332 2759 1427 2814 noviss.
1448 2752 1481 2804 ed·

242 2850 333 2902 Berol.
355 2847 443 2900 Houb.
566 2835 572 2844 ’
847 2911 849 2916 Ι

310 2935 343 3001 g)
363 2933 471 2999 Ulpian.
489 2933 549 2986 ibid.
569 2951 625 2988 non
648 2951 712 3002 ergo
731 2931 754 2986 si
778 2940 866 2987 tortus
885 2936 919 2989 de
935 2937 1012 2988 nulla
1036 2937 1117 3000 culpa
1134 2935 1226 2986 tuerat
1250 2933 1403 2985 confessus:
1419 2919 1483 2976 Paul.

245 3019 367 3087 Receptt.
386 3019 504 3072 Sentent.
522 3019 584 3074 itit.
602 3022 624 3088 ξ.
642 3026 669 3073 u.
689 3021 769 3073 Hein.

313 3105 347 3170 h)
367 3105 450 3158 Ferro
469 3106 626 3174 depugnant
641 3107 811 3175 plodiotoren
823 3123 886 3158 cum
901 3105 995 3158 bestiis
1014 3107 1147 3158 arenarii.-
1158 3106 1256 3172 Onjac.
1268 3105 1305 3157 ad
1321 3101 1379 3169 Uip.
1391 3094 1484 3158 ΜΨ·

240 3189 282 3242 tit.
300 3191 325 3243 I.
344 3196 385 3246 ll.
416 3191 459 3244 De
488 3190 610 3260 utrisque
636 3193 717 3258 plura
745 3207 796 3244 nos
819 3189 848 3244 iu
870 3191 968 3243 Corum.
992 3192 1028 3244 cd
1044 3193 1076 3243 L.
1096 3192 1153 3245 Jul.
1172 3200 1198 3243 et
1216 3194 1290 3260 Pap.
1305 3185 1363 3240 Lib.
1381 3181 1451 3236 lic.
1467 3178 1484 3224 1·

244 3286 272 3332 et
288 3281 314 3330 2.
333 3275 413 3328 Hein.

318 3359 343 3426 i)
363 3361 423 3412 Imo
447 3367 474 3413 et
493 3361 577 3427 virgis
599 3359 671 3414 caesi
691 3361 813 3427 publice:
833 3362 895 3429 Gaj.
908 3362 986 3414 'lnrt
1003 3362 1027 3415 I.
1047 3369 1070 3414 l.
1087 3366 1113 3415 ³.
1131 3362 1211 3414 Heio.
1239 3363 1272 3415 Iu
1290 3355 1353 3424 Gaji
1370 3342 1480 3419 genuinis

246 3450 392 3496 comment.
409 3445 476 3496 haec
494 3446 600 3498 desunt.
619 3446 707 3498 Most.

316 3530 346 3595 l)
367 3528 477 3595 Ulpian.
498 3529 559 3583 ibid.
577 3532 659 3598 Apud
677 3530 839 3586 Suetonium
864 3533 934 3600 Auo.
951 3551 974 3585 c.
992 3536 1100 3585 tuest:
1124 3549 1157 3584 ne
1175 3531 1230 3584 ulto
1255 3526 1381 3582 libertatis
1399 3527 1483 3587 ornere

247 3614 375 3668 ciuitatem
394 3614 610 3682 adipiscerentur,
629 3616 728 3680 idest,
747 3633 797 3669 nee
815 3636 909 3682 censu,
928 3635 977 3670 nec
989 3618 1119 3678 uindicta,
1137 3633 1187 3668 nec
1205 3619 1364 3668 testamento.
1388 3602 1459 3658 Heln·

317 3699 359 3766 m)
381 3700 455 3752 Suet.
473 3701 544 3768 Auo.
563 3719 585 3753 e.
603 3705 645 3756 40.
664 3701 727 3768 Ulp.
745 3701 806 3755 ibid.
826 3703 907 3755 Hein.

317 3784 353 3850 n)
373 3783 483 3849 Ulpiau.
502 3786 611 3853 Frapm.
630 3786 655 3838 1.
676 3793 715 3841 ll.
734 3789 814 3842 Heio.

318 3869 352 3935 ο)
372 3869 463 3935 Caput
480 3872 532 3922 hoc
556 3873 707 3927 seeundum
729 3871 794 3936 tuit,
813 3871 877 3941 quia
894 3878 922 3925 et
947 3876 1021 3926 aetas
1039 3869 1156 3937 pertinet
1179 3869 1215 3922 ad
1233 3867 1389 3937 qualitatem
1405 3865 1487 3948 mill·

249 3955 458 4017 mittendorum,
486 3957 519 4008 de
544 3974 598 4026 qua
621 3960 729 4012 curiose
753 3958 857 4012 cavisse
879 3962 1034 4023 Augustum
1059 3955 1143 4009 tradit
1159 3957 1272 4010 Sueton.
1291 3953 1308 4005 l.
1326 3969 1347 4002 c·
1374 3935 1487 4027 Memmii

248 4041 331 4106 hujus
359 4040 456 4108 cepitis
480 4041 535 4095 Dio
561 4044 620 4097 LV.
649 4049 689 4097 1³.
717 4043 832 4111 ejusque
857 4042 1017 4096 seutentiam
1047 4039 1166 4094 servavit
1191 4039 1301 4107 Ulpian.
1327 4034 1433 4098 Furem·
1457 4024 1488 4070 Μ’

250 4124 275 4178 Ι.
296 4128 336 4177 12.
354 4125 434 4178 Hein.

318 4211 352 4277 p)
375 4211 473 4266 Census
490 4229 546 4268 non
564 4210 688 4266 meminit
704 4212 840 4278 Ulpianus
859 4212 877 4266 l.
895 4227 932 4277 u,
950 4211 1018 4282 quia
1034 4212 1094 4279 ejus
1112 4215 1199 4264 aetate
1217 4210 1323 4262 abusu
1340 4199 1439 4269 pridem
1455 4201 1491 4277 rt(

250 4302 379 4350 cesserat.
400 4299 438 4352 At
455 4298 563 4365 Fropm.
572 4298 633 4367 jur.
652 4299 755 4350 Doritl.
772 4300 793 4366 ξ.
816 4304 856 4352 19.
872 4300 953 4366 (17):
980 4298 1015 4349 Et
1039 4299 1085 4366 qui
1104 4299 1132 4349 in
1158 4314 1238 4350 censu
1262 4283 1490 4365 manumittimus

252 4381 348 4438 XXX
367 4401 450 4436 annos
467 4381 568 4444 lubeat,
582 4383 683 4434 ciuitate
696 4384 820 4436 Romano
831 4385 942 4452 potitur.
960 4385 1034 4450 Ergo
1046 4398 1101 4436 non
1117 4381 1207 4435 minor
1218 4375 1312 4434 XXX
1324 4368 1409 4425 anuis·
1421 4359 1489 4450 110¹?-

252 4466 326 4520 Num
345 4475 435 4521 autem
455 4468 484 4520 in
501 4483 585 4520 censu
602 4468 862 4521 manumissionibus
880 4485 978 4522 causae
992 4466 1117 4536 probatio
1135 4465 1247 4522 omnino
1265 4466 1355 4516 locum
1372 4440 1489 4506 habuerit,

157 4615 165 4624 .
251 4551 350 4608 merito
368 4554 516 4610 dubitetur.
535 4556 569 4609 V.
588 4553 786 4610 coamenti
804 4571 823 4622 p
849 4559 908 4610 243.
930 4554 1016 4610 Mitt.
