3062 5156
307 361 362 480 Dis
387 411 562 482 Excuses.
590 413 737 483 Tuuon.'
757 414 834 482 Ver.
859 412 995 486 Cunus.
1205 425 1278 492 2⁰9

43 591 76 653 de
92 609 154 674 quo
169 588 211 651 L.
229 586 261 650 a
283 589 313 670 §.
335 589 393 652 alt.
417 589 459 650 Ι).
474 589 515 651 de
536 591 616 653 Jure
634 593 713 673 fisca·
723 595 769 672 ¹¹).
803 591 903 657 Unde
929 579 1029 656 toties
1055 604 1279 662 memoramur

42 710 290 760 rnocunsroam
312 710 561 767 rmnnorrnrun
580 695 717 762 rnivsrr
733 714 953 781 rnrnrnonn,
965 708 1010 762 et
1031 700 1170 784 similes,
1191 703 1286 788 apud·

42 805 173 869 Fahrctt
192 772 295 866 [ὦ.
314 825 341 865 c.
356 803 387 864 3.
405 813 441 868 et
460 802 548 865 Phil.
570 825 589 866 a
614 803 721 867 Turre
746 811 779 867 s‘n
799 805 935 869 Monam
953 817 1013 869 cet.
1034 810 1110 871 Ant.
1128 831 1154 873 e.
1170 810 1201 873 6.
1231 807 1279 873 Ut

38 914 92 995 ‚jam
105 933 170 973 non
189 928 457 991 commanerem,
474 931 561 995 quae
580 931 622 972 ex
638 911 773 976 Gruteri
792 922 826 977 et
842 912 992 976 Reinesii
1008 913 1187 980 Thesauris
1206 937 1278 980 eum

43 1021 68 1081 in
80 1039 143 1082 rem
157 1017 310 1102 depromi
325 1017 459 1102 possint.
480 1018 529 1082 At
541 1027 735 1084 senescente
745 1020 816 1104 jarn
830 1023 890 1084 sub
903 1021 1111 1104 Principibus
1127 1025 1278 1108 imperio,

43 1127 161 1190 mltmn-
173 1132 246 1189 erat
262 1125 400 1210 amplius
418 1125 507 1190 inter
523 1127 634 1190 fiscum
655 1135 690 1190 et
713 1129 875 1192 aerarium
894 1129 1085 1208 discrimen,
1102 1131 1165 1194 nisi
1189 1131 1279 1216 quod

42 1234 159 1318 publica
177 1234 321 1318 pecunia
339 1249 505 1316 samaram
522 1236 741 1316 largitionum,¹
758 1236 921 1319 privatum
939 1236 1103 1322 Principis
1121 1239 1281 1323 patrituo-
1377 1313 1380 1322 Ι

42 1343 115 1405 nium
133 1347 337 1427 precatorum
364 1361 473 1403 rerum
496 1342 629 1404 nomine
655 1343 795 1409 veniret.
823 1343 923 1406 Unde
949 1343 1039 1406 tituli
1062 1346 1094 1407 0.
1115 1347 1153 1406 dc
1175 1343 1281 1408 Oomh.

41 1469 108 1511 sacr.
124 1452 208 1532 larg.
228 1457 264 1512 et
280 1450 319 1510 de
339 1449 421 1510 Gom.
439 1469 502 1512 rer.
516 1454 633 1532 privat.
653 1450 728 1513 Jam
746 1450 850 1513 Dioni
865 1469 945 1514 sane
961 1451 1028 1515 Ltl.
1046 1450 1206 1514 L11n16.
1224 1452 1281 1513 vix

42 1557 145 1640 liquet,
157 1557 337 1642 quid-iuter
353 1555 498 1641 Augusti
517 1565 552 1620 et
567 1557 734 1640 publicum
752 1559 883 1621 intersit
899 1559 1072 1639 aerenum,
1092 1569 1126 1623 et
1140 1558 1280 1624 Glossae

42 1665 230 1756 recentiores
254 1663 439 1748 promiscue
459 1665 620 1728 scribunt:
647 1675 799 1747 Ταμεϊον,
812 1671 934 1748 flacus,
955 1671 1125 1729 ceramum.
1147 1667 1283 1730 Paucis·

43 1773 102 1834 simi
113 1791 190 1836 sane
200 1772 378 1856 Principes
385 1769 543 1836 Helvium
555 1772 766 1837 Pertinacem
780 1773 1004 1855 imitabantur,
1017 1775 1084 1858 qui,
1097 1795 1163 1859 quo
1178 1775 1282 1838 minus
1295 1837 1302 1850 ,

43 1879 255 1965 imperatoriis
276 1879 536 1965 possessionibus
554 1899 675 1944 nornen
693 1903 784 1946 suum
805 1883 1051 1964 inscriberetur,
1070 1883 1281 1966 prohibebat,

44 2011 97 2052 non
115 2011 186 2052 esse
212 1987 286 2050 illas
312 1987 467 2050 dictitans
485 1988 714 2072 imperantium
737 1983 907 2074 proprias,
927 1991 986 2053 sed
1006 2009 1193 2058 communes
1210 1989 1283 2054 Ro-

43 2117 195 2160 manorum
212 2104 248 2159 et
263 2096 428 2179 publicass
443 2095 628 2158 Herodian.
644 2097 728 2160 Hr'st.
745 2099 788 2165 ΙΙ.
804 2097 834 2162 4.

607 2251 635 2332 §.
658 2250 709 2312 11.

462 2367 579 2420 Aeraria
598 2368 643 2436 qui
655 2365 847 2436 praefuerint?

111 2466 255 2528 Aeraria
278 2465 374 2529 initio
396 2450 573 2550 praeerant
588 2467 808 2549 Quaestores,
826 2486 908 2550 quos
929 2464 1065 2528 Tacitus
1087 2468 1206 2528 Annas.
1226 2465 1286 2530 XI.

41 2573 84 2635 22.
98 2582 131 2637 et
146 2573 309 2656 Ulpianus
325 2574 361 2636 L.
375 2595 429 2638 un.
439 2596 492 2656 pr.
506 2577 547 2636 D.
560 2576 599 2636 de
617 2577 706 2658 Offic.
723 2583 843 2658 quaest.
861 2573 1047 2638 Gracchani
1061 2573 1154 2638 Junii
1170 2581 1283 2636 aucto-

42 2681 131 2743 ritate
147 2702 255 2765 paene
268 2688 335 2744 tam
356 2683 509 2768 antiquos
526 2681 662 2765 faciunt,
682 2705 779 2772 quarn
795 2684 897 2768 ipsam
918 2681 1043 2746 urbem.
1062 2681 1130 2745 Sed
1149 2680 1285 2744 eosdem

42 2787 209 2852 aValerio
232 2788 411 2875 Poplicola
435 2791 565 2854 demum
589 2799 733 2868 creatos,
756 2789 870 2854 scribit
890 2790 1086 2856 Plutarchus
1108 2793 1162 2852 vit
1183 2789 1287 2851 Valer.

42 2897 120 2977 Popl.
138 2917 162 2959 a.
177 2895 321 2959 salmo
342 2898 546 2983 Pomponius
564 2921 620 2963 eos
642 2899 719 2984 ipsis
741 2898 899 2964 Tribunis
916 2898 1025 2984 plebis
1041 2897 1285 2980 Aedilibusque

42 3004 234 3088 recentiores
258 3004 353 3068 facit:
377 3007 412 3068 12.
430 3007 461 3070 2.
480 3009 508 3090 §.
525 3007 576 3070 22.
597 3011 638 3070 Ι).
658 3009 695 3068 de
718 3009 805 3090 Orig.
820 3009 889 3090 jur.
919 3007 986 3069 Sed
1010 3003 1286 3092 quemadmodum
1349 3061 1357 3074 ,

43 3111 78 3172 de
90 3112 279 3196 Pomponio
295 3112 349 3175 hic
369 3135 437 3178 nou
456 3115 591 3180 multum
608 3117 815 3184 laboramus:
832 3116 880 3178 ita
895 3113 1042 3200 Ulpiano
1060 3112 1159 3176 facile
1175 3111 1287 3172 couci-

40 3217 125 3282 liabis
142 3220 378 3303 Plutarchum,
397 3223 440 3303 si,
460 3223 661 3302 Quaestores
672 3225 741 3309 jam
762 3224 821 3288 sub
838 3223 971 3308 regibus
988 3221 1098 3302 fuisse,
1114 3217 1286 3282 Valerium

42 3348 111 3389 vcro
137 3329 234 3391 illum
251 3330 502 3414 magistratum,
527 3354 547 3394 a
574 3332 758 3418 Tarquinio
779 3334 930 3418 Superbo
956 3329 1167 3413 abrogatum,
1190 3323 1288 3388 resti-

41 3435 129 3498 tuisse
147 3423 375 3521 reipublicae,
391 3438 524 3502 dixeris.
547 3439 647 3519 Quod
669 3419 704 3503 et
727 3440 862 3504 Tacitus
879 3445 899 3503 l.
916 3462 941 3504 e.
957 3461 1024 3502 non
1045 3438 1184 3500 obscure
1200 3432 1288 3498 indi-

43 3552 97 3624 cat,
116 3544 172 3629 qui
194 3543 290 3607 simul
306 3555 435 3629 monet,
455 3547 652 3613 Consulibus
669 3547 766 3612 initio
785 3549 938 3614 mansisse
956 3554 1155 3631 potestatem
1175 3543 1289 3620 Quae-

41 3661 135 3714 stores
160 3640 353 3736 deligendi,
375 3654 482 3718 donec
507 3677 581 3718 eum
609 3632 742 3742 quoque
767 3658 927 3720 honorem
950 3655 1092 3740 populus
1117 3649 1289 3746 mandarit.

41 3757 135 3822 Initio
156 3760 225 3822 duo
247 3763 366 3844 creati,
384 3772 504 3827 utrem
524 3763 700 3827 militarem
722 3766 968 3829 comitarentur:
986 3762 1064 3824 dein
1087 3759 1154 3823 duo
1172 3755 1288 3837 additi,
1396 3761 1401 3777 ’

42 3870 90 3951 qui
106 3867 238 3934 Romae
259 3881 422 3954 curarent,
437 3893 515 3934 mox
530 3872 715 3956 duplicatus
734 3895 896 3953 numerus,
914 3867 1128 3956 stipendiaria
1137 3868 1205 3950 jam
1221 3865 1289 3927 Ita-

42 3974 98 4057 lia,
125 3986 160 4042 et
186 3976 427 4041 adcedentihus
449 3969 702 4065 provinciarum
717 3981 944 4064 vectigalibus.
967 3979 1049 4041 Post
1073 3975 1151 4056 lege
1176 3970 1289 4034 Sullae

42 4083 153 4167 Viginti
175 4085 298 4166 creati,
321 4087 506 4170 supplendo
531 4081 686 4171 Senatui,
710 4090 763 4153 cui
785 4089 844 4151 ille
866 4087 1021 4151 Dictator
1037 4081 1165 4166 judicia
1187 4077 1291 4142 tradi-

42 4189 139 4288 derat.
161 4191 303 4257 Prolixe
318 4191 401 4258 haec
417 4196 527 4259 omnia
542 4195 679 4261 Tacitus
694 4201 715 4260 l.
729 4220 754 4262 o.
774 4197 836 4260 His
852 4217 933 4280 ergo
954 4189 1072 4258 aerarii
1087 4179 1300 4274 potissimum

42 4291 337 4368 cura'demandata
357 4301 467 4368 fuerat
491 4327 510 4368 a
535 4305 677 4389 populo:
702 4304 826 4370 Asson.
843 4303 982 4368 Pedian.
1001 4305 1034 4362 in
1058 4298 1180 4409 Verrio.
1199 4295 1243 4354 II.
1258 4315 1292 4374 p.

102 4505 138 4571 n)
159 4503 225 4558 Vid.
243 4504 453 4561 Unterholzucri
477 4485 642 4578 'Vesyiihrhnp
663 4510 746 4562 durch
756 4509 954 4578 sortpesetztsn
972 4505 1067 4556 Beritz
1082 4502 1182 4570 (Bresl.
1201 4501 1291 4565 1815.)

41 4587 58 4638 t.
77 4593 114 4640 13.
133 4591 185 4641 Nr.
204 4594 229 4640 a.
248 4587 350 4640 -ltnlll
1251 4601 1255 4609 ·

1057 4671 1099 4732 14
