3062 5164
413 399 468 470 ΒΕ
492 399 589 468 June
613 399 891 472 Pnovmcrnnurr.
1225 411 1296 478 305

31 579 127 664 qnod
152 577 287 642 Romae
314 576 423 642 fuerat
449 576 505 641 vel
528 577 625 662 lege,
648 577 704 642 vei
730 578 875 644 moribus
900 587 1080 666 receptum.
1116 581 1194 646 Vid.
1216 581 1295 647 Ger.

30 685 159 750 Noadt
178 685 326 749 ohaam.
342 688 385 747 ΙΙ.
398 685 429 746 5.
440 705 472 765 p.
485 684 559 748 444.

608 861 637 944 §-
659 862 730 924 104.
810 829 813 837 ’

199 1039 201 1044 ,
340 965 396 1032 'Sui
415 975 624 1048 Imperatoribur
641 978 725 1032 muita
742 978 791 1033 isac
809 981 837 1032 in
854 999 884 1033 re
902 991 1011 1038 mutam.

120 1078 197 1144 Sed
218 1079 254 1143 in
271 1080 322 1144 his
343 1101 410 1142 uon
433 1102 498 1144 una
517 1079 660 1164 contigit
681 1080 837 1164 mutatio,
860 1104 904 1146 ex
925 1106 992 1170 quo
1015 1085 1103 1170 apud
1124 1087 1299 1172 Principes

39 1191 206 1254 devoluta
220 1198 270 1253 est
285 1187 482 1272 respublica.
498 1187 611 1252 Primo
629 1187 727 1270 enim,
743 1189 834 1274 quod
843 1190 913 1274 jam
930 1213 1027 1277 supra
1043 1196 1298 1280 observavimus,

42 1299 137 1362 etiam
160 1296 372 1382 provinciale
392 1296 536 1359 edictum
552 1297 782 1361 concinnatum
792 1307 849 1394 *est
865 1308 1072 1384 perpetuum,
1085 1325 1183 1388 quum
1201 1313 1302 1370 antea

41 1429 104 1470 nou
131 1405 240 1469 modo
266 1405 466 1488 singularum
487 1403 730 1488 provinciarum
753 1406 863 1472 edicta
887 1407 976 1473 inter
1001 1430 1035 1472 se
1062 1408 1300 1495 discreparent,
1407 1491 1410 1498 Δ

44 1513 205 1598 aliudque
219 1523 306 1578 esset
319 1515 460 1578 edictum
479 1514 626 1586 Cilicium,
640 1511 730 1577 aliud
747 1514 916 1590 Siciliense,
932 1515 1022 1581 aliud
1037 1518 1222 1596 Asiaticum,
1238 1529 1301 1584 etc.

47 1625 155 1688 sedet
174 1644 382 1688 successores
398 1630 641 1686 antecessorum
663 1621 788 1702 edicta,
806 1622 1003 1688 Praetorum
1025 1626 1221 1691 urbanorum
1242 1648 1301 1692 ex·

49 1731 173 1816 smnio,
200 1731 389 1817 saepissime
414 1735 596 1808 mutarent:
615 1729 681 1793 vid.
703 1727 827 1794 Ezech.
848 1730 971 1815 Spanh.
990 1734 1062 1796 Ori.
1082 1735 1171 1796 liora.
1186 1737 1302 1800 Exere.

54 1841 95 1900 ΙΙ.
109 1862 133 1901 c.
146 1841 176 1903 8.
186 1863 221 1924 p.
236 1840 287 1902 81.
303 1862 347 1923 sq.
369 1837 522 1919 Deinde,
537 1837 777 1902 communicata
793 1858 865 1901 cum
881 1840 1034 1904 universo
1050 1842 1133 1905 orbe
1148 1841 1302 1908 Romano

53 1947 206 2030 civitate,
224 1945 321 2032 leges
344 1947 444 2010 etiarn
468 1946 641 2010 Romanae
665 1947 845 2030 provinciis
871 1948 1021 2012 omnibus
1046 1950 1187 2014 traditae
1217 1959 1303 2034 sunt,

52 2055 328 2141 eademque‘jura
343 2054 472 2120 Romae
491 2055 625 2116 fuerunt
645 2076 684 2116 ac
708 2055 741 2117 in
764 2055 952 2140 provinciis.
973 2056 1064 2119 Hinc
1079 2057 1122 2120 de
1143 2079 1202 2123 suo
1218 2079 1303 2122 aevo

52 2163 233 2248 Gregorius
251 2163 488 2246 Thaumaturg.
505 2165 539 2231 in
553 2163 675 2244 Pcneg.
695 2162 825 2245 origen.
841 2163 950 2226 statim
969 2163 1011 2226 ab
1029 2163 1135 2228 initio
1163 2172 1202 2234 Οἱ
1217 2171 1303 2231 θαυ-

50 2277 162 2353 μαστοὶ
179 2273 263 2358 ἡμῶν
281 2277 340 2336 τῶν
358 2275 462 2354 σοφῶν
478 2268 576 2354 νόμοι,
592 2271 636 2345 οἷς
653 2274 706 2338 νῦν
725 2268 763 2334 τὰ
781 2267 903 2336 πάντων
920 2274 980 2336 τῶν
998 2271 1060 2338 ὑπὸ
1081 2271 1136 2358 τὴν
1148 2274 1306 2358 Ῥωμαίων
1350 2349 1355 2362 .

51 2378 146 2464 ἀρχὴν
172 2377 345 2460 ἀνθρώπων
366 2375 590 2444 κατευθύνεται
611 2379 783 2462 πράγματα.
808 2377 966 2458 Mirificae
988 2382 1165 2460 supremum
1185 2390 1305 2444 nostro·

52 2511 122 2550 rum
138 2491 237 2573 leges,
255 2487 364 2570 quibus
383 2491 517 2550 omnium
533 2505 627 2559 nuno,
642 2490 700 2566 qui
713 2486 854 2548 Romano
869 2490 997 2568 rirrperio
1008 2497 1137 2570 parent,
1150 2489 1307 2550 hmrrinum

55 2619 101 2657 res
123 2603 294 2678 reguntur.
323 2593 443 2665 Claud.
463 2593 609 2659 Rutilius
625 2593 814 2656 Numatian.
834 2594 983 2655 Itinerar.
998 2594 1066 2658 Lib.
1084 2597 1110 2659 Ι.
1130 2615 1157 2658 c.
1175 2594 1227 2660 63.
1242 2615 1305 2678 sqq.

46 2704 97 2792 ad
114 2703 274 2766 Romam:

292 2809 412 2874 Fecisti
416 2813 558 2892 patriam
574 2811 703 2872 diversis
716 2809 862 2892 gentius
876 2829 992 2872 onom:
1044 2793 1049 2802 ’

332 2918 462 2997 Profuit
475 2920 610 3002 injustis,
626 2927 656 2980 te
670 2919 860 2990 manante,
875 2921 960 2998 copi.-

292 3025 436 3108 Dumque
450 3029 543 3108 offers
559 3029 646 3087 ostiis
656 3029 783 3108 proprii
793 3026 949 3088 consortio
956 3024 1053 3104 juris,

341 3131 452 3195 Urbem
456 3134 577 3214 fecisti,
593 3133 675 3214 quod
682 3137 777 3214 prius
798 3133 889 3194 Orbis
904 3139 984 3193 erut.

60 3253 156 3320 Plura
176 3256 341 3341 ejusmodi
362 3257 553 3321 testimonia
575 3255 784 3340 collegerunt
803 3255 938 3320 Juretus
959 3253 1131 3334 symmach.
1153 3254 1253 3335 Epist.
1275 3255 1310 3317 V.

60 3363 104 3424 m.
118 3366 180 3444 Eu.
195 3364 374 3448 Spanhem.
395 3366 467 3428 Ori.
483 3367 572 3428 Rom.
585 3366 700 3426 lisere.
717 3363 743 3424 Ι.
761 3385 786 3424 c.
800 3362 848 3436 7.,
863 3363 920 3447 qui
937 3361 1035 3425 etiam
1050 3359 1180 3424 erudite
1196 3359 1311 3422 obser-

62 3479 120 3552 vat,
136 3479 215 3556 post
231 3493 274 3535 ea
293 3493 427 3557 quoque
451 3482 603 3558 tempora
618 3471 728 3535 multis
750 3470 939 3534 civitatibus
958 3467 1145 3552 αὐτονομίαν
1161 3468 1310 3532 relictam
1350 3534 1353 3538 ,
1402 3524 1410 3542 ,

62 3577 154 3644 fuisse
172 3581 215 3646 ab
230 3581 500 3665 Imperatoribus.

649 3792 657 3807 .
678 3743 749 3807 105.

118 3863 281 3917 Provinciae
296 3861 428 3933 parebant
445 3863 488 3915 ael
508 3746 690 3928 Praetorius,
708 3859 750 3913 cel
770 3855 934 3920 Ocamlibor,
951 3857 994 3910 aci
1011 3855 1246 3927 Propraetcribor,

545 3947 588 4000 cel
604 3943 821 4000 Proconsulibor.

142 4051 312 4131 Alterum,
332 4049 421 4133 quod
442 4071 613 4114 commune
632 4049 696 4118 fuit
714 4048 864 4112 omnibus
886 4043 1083 4129 provinciis,
1104 4043 1139 4106 iu
1161 4063 1202 4106 eo
1225 4043 1315 4126 posi-

65 4165 125 4220 tum
143 4167 204 4240 est,
221 4158 313 4242 quod
326 4158 407 4250 iliae
423 4179 491 4222 uon
506 4157 587 4236 suis,
603 4164 640 4220 ut
664 4158 747 4220 socii
768 4165 803 4221 et
817 4151 929 4218 Latini
947 4151 1098 4232 nominis,
1116 4150 1175 4215 sed
1188 4150 1313 4214 Roma·

67 4265 109 4327 uis
130 4265 394 4351 magistratibus,
412 4274 577 4350 parerent.
599 4264 678 4328 Duo
693 4283 774 4328 vero
797 4263 831 4326 in
847 4260 993 4344 singulas
1007 4259 1193 4344 provincias
1210 4257 1315 4341 magi·

67 4382 179 4438 stratus
190 4373 276 4438 mitti
293 4374 456 4453 solebant,
467 4395 603 4459 quorum
618 4371 704 4437 alter
718 4366 869 4456 generali
881 4368 1014 4434 nomine
1026 4367 1165 4430 Praenes
1181 4363 1315 4428 dicitur:

68 4481 99 4544 L.
113 4483 143 4544 1.
161 4493 195 4546 et
210 4483 260 4545 11.
273 4484 314 4542 D.
331 4484 370 4546 de
389 4485 476 4568 Offio.
492 4485 606 4546 Prusa.
623 4480 708 4545 alter
727 4483 881 4558 Quaestor
902 4475 1099 4562 adpellatur.
1121 4473 1315 4538 Praesidum

69 4589 176 4654 officio
201 4590 297 4654 initio
319 4591 423 4656 suncti
440 4601 514 4658 suut
532 4592 719 4656 Praetores.
742 4579 833 4653 Hinc
854 4577 952 4672 quum
975 4585 1072 4650 initio
1094 4581 1159 4646 dno
1181 4582 1214 4646 in
1237 4584 1317 4656 urbe
1360 4595 1363 4600 ’

1082 4684 1124 4747 20
