3122 5162
264 387 338 460 782
682 378 764 454 qu-
782 377 843 451 lv.
868 378 948 451 Tim
973 379 1101 451 xviii.

263 557 335 625 siro
351 561 579 641 praemortuo,
601 554 716 622 babitu
731 555 913 624 monastico
937 575 1009 622 eam
1025 555 1169 638 amiciri,
1192 563 1225 622 ot
1238 579 1293 641 per
1303 579 1411 624 onnam
1422 562 1456 624 ri·

263 674 331 731 tam
352 664 386 728 in
410 662 611 729 monasterio
631 665 764 726 manere
788 664 978 747 praecepit:
1000 664 1133 729 Noua
1157 665 1326 731 CXXXIV.
1337 666 1379 730 10.
1389 673 1423 747 t).

838 836 866 918 s.
891 835 941 900 ss.

373 956 504 1012 Quaestus
522 952 685 1018 meretricius
704 952 817 1020 impunis
835 953 905 1014 olim,
924 953 948 1004 si
961 939 1096 1022 professio¹
1103 955 1188 1021 fieret
1205 955 1274 1022 apud
1289 954 1386 1008 Aediles.

346 1071 457 1134 Tanta
472 1070 585 1152 itaque
608 1069 786 1132 severitate
802 1069 836 1132 in
860 1069 1028 1133 adulteros
1052 1069 1280 1156 adulterasque
1302 1071 1457 1136 animadver-

263 1180 379 1244 tebant
400 1177 553 1241 Romani.
576 1175 666 1254 Quid
688 1196 768 1239 vero
792 1176 833 1237 de
857 1176 1101 1240 meretricibus?
1116 1178 1263 1242 Moribus
1283 1179 1459 1242 Romanorum

262 1289 397 1371 impune
414 1292 502 1365 erat,
519 1294 688 1369 quaestum
706 1304 846 1368 corpore
869 1285 998 1366 facere,
1015 1284 1192 1350 dummodo
1215 1285 1361 1371 ejusmodi
1379 1284 1462 1346 nulia-

262 1416 315 1457 res
335 1393 469 1455 nomina
492 1391 579 1474 apud
601 1389 740 1453 Aediles
755 1391 788 1472 ¹¹)
807 1392 1051 1476 profiterentur.
1074 1393 1142 1476 Ipsi
1165 1395 1252 1457 enim
1273 1394 1342 1455 huic
1360 1391 1463 1473 turpitu-

264 1503 348 1565 dinis
364 1499 563 1586 professioni
579 1499 655 1561 satis
676 1499 783 1562 inesse
799 1519 931 1582 poenae
947 1498 1199 1562 arbitrabantur.
1222 1501 1275 1564 Dc
1294 1497 1407 1564 Vistilia
1419 1497 1463 1558 Ta·

166 1619 169 1625 '
263 1611 346 1674 citus
362 1610 479 1671 Annul.
496 1608 537 1667 II.
552 1605 603 1668 85.
625 1607 763 1678 Vistilio,
779 1607 948 1670 Praetoria
960 1607 1090 1684 samnito
1102 1613 1227 1688 genita,
1243 1610 1383 1668 licentium
1395 1606 1466 1683 stupri
1511 1667 1512 1674 χ

264 1693 350 1801 apud
371 1717 498 1778 Aediles
519 1715 721 1794 vulgaverat,
743 1734 836 1774 noun
857 1703 971 1774 anans
994 1712 1151 1776 nnnnnns
1172 1735 1335 1787 nanneno,
1355 1716 1399 1796 qui
1413 1714 1465 1771 sntt't
1511 1697 1512 1706 ἵ

259 1841 437 1910 poenarum
459 1821 626 1881 aduersum
647 1821 820 1900 impudicus
841 1824 874 1882 in
895 1824 964 1904 apsa
987 1821 1181 1902 prafessr'une
1199 1823 1320 1902 flagitii
1336 1818 1466 1880 credebant.
1511 1845 1512 1858 κ

263 1931 364 2018 Apud
383 1927 576 1993 Reinesium
609 1928 767 2008 [necarint.
798 1927 895 1988 Closs.
925 1927 993 1988 VH.
1019 1948 1053 2008 p.
1075 1926 1145 1988 489.
1174 1950 1206 1989 a.
1233 1929 1304 1989 XX.
1326 1923 1465 1988 convicanis

264 2039 414 2104 omnibus
429 2035 537 2098 locum
555 2032 742 2117 sepulturae
756 2034 911 2116 praeberi
929 2034 1091 2116 videmus,
1114 2041 1339 2122 praeterquam
1360 2035 1400 2112 iis,
1412 2045 1466 2106 tuti

264 2161 447 2225 Qunnsnuu
462 2157 619 2206 sennenn
635 2157 793 2204 nnonnssr
809 2157 947 2220 assarta,
962 2140 996 2203 id
1020 2151 1088 2225 est,
1111 2142 1287 2208 lenonibus
1310 2150 1342 2205 et
1361 2137 1468 2202 meretri·

265 2256 366 2318 cibus.
381 2252 417 2314 Si
434 2271 498 2334 qua
514 2270 594 2332 ergo
611 2247 763 2312 venalem
779 2247 919 2312 haberet
935 2248 1137 2332 pudicitiam,
1155 2273 1242 2335 quae
1261 2257 1399 2338 quaestus
1410 2245 1469 2307 illius

263 2358 501 2446 turpitudinem
518 2357 667 2441 professa
682 2355 768 2418 baud
785 2357 909 2438 fuerat,
931 2355 1101 2420 Aedilium
1119 2368 1206 2436 erat,
1228 2359 1302 2422 illas
1317 2357 1425 2424 deiene
1442 2349 1469 2414 ad

263 2467 432 2558 populum,
448 2464 637 2550 mulctaque
653 2463 708 2528 vel
726 2465 845 2528 exsilio
862 2485 1026 2529 coercere.
1038 2466 1137 2552 Cujus
1152 2467 1203 2530 rei
1220 2449 1368 2552 exempla
1378 2465 1470 2526 exstant

264 2575 352 2662 apud
374 2574 502 2640 Livium
527 2573 567 2636 X.
588 2571 635 2676 [*
651 2571 717 2654 31.]
739 2580 774 2634 et
790 2573 895 2635 XXV.
916 2573 945 2636 2.
968 2573 1027 2636 sub
1039 2578 1103 2658 fin.

841 2747 870 2828 §-
891 2748 943 2810 54.

460 2865 530 2916 Ante
544 2862 737 2932 professionem
756 2863 862 2914 nomina
879 2862 1017 2916 mutabunt
1033 2871 1060 2916 et
1075 2871 1163 2931 aqam
1179 2863 1325 2918 sumebant.

346 2965 535 3048 Antequam
559 2981 638 3026 vero
660 2963 746 3028 bunc
769 2973 939 3048 quaestum
966 2938 1202 3048 profiterentirr
1230 2964 1380 3028 mulieres
1400 2960 1474 3039 impr-

265 3072 378 3154 dicae‚
402 3072 593 3156 plerumque
617 3071 787 3136 mutabant
809 3072 950 3134 nomina.
963 3149 967 3160 .
981 3072 1071 3135 Hinc
1092 3094 1282 3148 nonnemo
1305 3069 1385 3158 apud
1403 3063 1475 3128 Plan-

265 3189 330 3244 tum
357 3182 498 3242 Poenulo
518 3162 593 3244 Act.
617 3180 652 3240 V.
674 3201 715 3244 sc.
737 3180 768 3244 3.
790 3202 817 3242 a.
839 3179 889 3242 19.
912 3201 975 3261 sqq.

399 3345 403 3353 .
433 3297 502 3357 Tuo
518 3300 622 3378 pietas
643 3295 730 3356 nobis
748 3299 846 3377 plane
867 3295 1078 3374 quantusue,

316 3445 323 3452 ν
434 3403 537 3479 Quum
558 3405 618 3465 buc
640 3403 797 3464 advenisti
814 3403 902 3463 bodie
922 3405 955 3464 in
976 3407 1043 3482 tirso
1064 3409 1209 3484 tempore.

428 3511 575 3592 Namque
598 3511 685 3572 budae
709 3531 819 3570 earum
840 3530 1077 3572 nunnnnnnnn
1097 3499 1261 3587 monzun.

427 3619 643 3697 Facerentqne
663 3617 827 3696 indignum
848 3635 966 3697 genere
986 3625 1149 3698 quaestum
1171 3637 1309 3697 corpore.

265 3733 468 3817 Quamquam
485 3717 566 3815 ergo
581 3731 713 3815 impune
730 3729 996 3793 committebatur
1010 3730 1074 3792 boc
1089 3730 1221 3793 vitium:
1242 3729 1379 3794 infames
1398 3733 1478 3788 tamti

309 4045 313 4054 ,
331 3983 363 4049 g)
383 3980 507 4047 Bigamia
515 3981 579 4046 jure
589 3981 716 4032 Romano
724 3979 806 4032 vetita
817 3995 824 4032 τ
838 3981 871 4032 L.
879 3983 905 4032 2.
917 3979 945 4034 0.
955 3979 987 4030 do
994 3979 1179 4046 attenuatas.
1190 3974 1393 4029 Atheniensium
1402 3966 1479 4034 iugibus

264 4065 421 4130 permissam
439 4064 524 4116 tuisse
540 4065 651 4129 volunt,
672 4065 804 4118 Romanis
822 4065 944 4117 moribus
962 4077 1017 4115 noa
1034 4064 1060 4115 ei
1076 4063 1235 4124 dumtaxat,
1254 4059 1305 4129 qui
1321 4058 1387 4109 duas
1404 4055 1480 4103 ⁰1⁰¹ss

168 4135 174 4144 ¹
264 4152 358 4204 codem
375 4156 498 4215 tempore
512 4147 630 4214 duxerit,
649 4151 697 4201 sed
715 4155 743 4202 et
758 4149 792 4213 ei,
813 4150 860 4218 qui
872 4150 915 4201 vei
934 4147 1098 4230 biaa'mpdo
1115 4147 1256 4214 sponsatis
1272 4145 1370 4198 eodem
1386 4144 1481 4224 tempore

264 4237 409 4288 consutus
425 4232 557 4295 habuerit,
575 4233 686 4286 infamia
703 4234 853 4300 irrogatur:
871 4234 905 4285 n.
920 4239 942 4285 1.
960 4234 992 4284 n
1007 4233 1071 4292 aa,
1086 4234 1132 4300 qu
1144 4239 1198 4284 mr.
1214 4229 1263 4296 as.
1281 4227 1361 4280 nun.
1376 4215 1482 4283 Quart*-

263 4323 367 4386 gamiae
381 4334 470 4387 poena
484 4317 565 4376 tuerit
578 4319 641 4384 jure
654 4317 789 4377 Romano,
802 4317 885 4382 digua
895 4331 939 4368 res
956 4321 998 4370 est
1011 4315 1181 4368 adcuratiore
1194 4310 1404 4379 pertractatione.
1421 4305 1483 4356 Cant·

331 4406 363 4471 ir)
382 4401 519 4456 Aedilium
536 4401 608 4452 caim
625 4413 707 4451 curae
728 4401 809 4453 etiam
828 4402 967 4465 ‘fornicem
991 4399 1122 4476 popinas,
1147 4398 1268 4468 atiasquc
1287 4390 1398 4449 Venerit
1413 4386 1482 4452 9⁸¹²*

263 4485 333 4540 atras
350 4489 434 4541 tuisse
455 4485 649 4548 demandatus,
675 4485 825 4538 luculenter
842 4485 964 4539 ostendit
980 4483 1091 4551 Lipsius
1109 4483 1234 4536 meum
1250 4482 1287 4533 aa
1307 4475 1390 4533 Taciti
1406 4461 1483 4524 nand

262 4569 304 4619 11.
322 4573 363 4620 85.
381 4569 416 4637 [⁸
435 4570 464 4620 T.
483 4570 523 4619 II.
540 4587 567 4636 p.
585 4573 644 4621 ⁷⁷³.
662 4585 699 4637 tq.
718 4571 758 4621 ed.
781 4568 889 4638 OberL]
915 4571 995 4624 Han.
