3080 5154
231 381 300 446 124
418 415 420 420 ,
678 433 681 438 .
703 377 778 444 Lm.
805 377 831 446 l.
856 376 937 444 Tm.
963 379 1005 446 X.

228 551 338 614 eonius
357 551 449 615 libris
469 553 508 614 de
525 553 603 615 Ritu
624 557 807 633 nuptiarum
822 562 852 615 et
868 555 948 635 jure
967 557 1198 617 connubiorum.
1220 551 1299 616 Ant.
1313 552 1477 616 Hotoma-

228 679 287 720 nus
305 660 344 720 de
358 669 461 720 cetere
476 663 541 721 ritu
552 663 749 740 nuptiarum,
767 666 811 741 et,
833 661 889 744 qui
906 662 978 725 fere
995 661 1140 725 omnium
1159 661 1352 725 industriam
1367 679 1476 743 super-

229 767 313 848 avit,
332 766 543 848 Thomasius,
564 764 699 832 laudata
715 767 940 830 dissertatione.
957 770 992 850 ¹⁸³)
1519 763 1520 766 '

809 918 838 1000 ς.
861 918 890 980 1.

665 1025 773 1086 Diuersi
788 1037 940 1103 nuptiarum
957 1037 1034 1088 ritem.

310 1136 453 1200 Fiebant
471 1137 606 1220 nuptiae
631 1135 718 1218 apud
740 1133 909 1199 Romanos
932 1136 988 1199 vel
1014 1136 1078 1217 ita,
1096 1141 1132 1198 ut
1154 1153 1248 1198 Uxon
1268 1153 1474 1200 couvnrunur

226 1259 264 1304 m
276 1258 418 1323 usuuu,
438 1253 473 1307 et
487 1245 583 1307 fieret
603 1258 898 1317 usrnnmmmrm,
910 1242 966 1306 vel
988 1251 1024 1307 ut
1041 1260 1118 1324 smn
1133 1262 1170 1307 m
1190 1259 1314 1306 nsuon
1331 1259 1473 1306 conven-

227 1366 331 1412 rronn
360 1349 488 1414 dotalia
515 1352 694 1414 conficeret
720 1349 952 1432 instrumenta,
978 1359 1011 1414 et
1034 1370 1102 1414 non
1131 1349 1397 1430 materfamilias,
1422 1349 1473 1412 sed

227 1472 394 1520 meritoris
418 1457 584 1521 diceretur
603 1457 757 1543 proprie:
780 1456 869 1521 Gell.
889 1458 993 1521 Nocti.
1009 1461 1076 1522 Att.
1097 1459 1134 1519 X
1134 1458 1223 1519 Vnt.
1235 1457 1266 1520 6.
1295 1457 1392 1520 Prius
1413 1479 1471 1520 non

228 1562 299 1626 sola
321 1563 424 1628 fiebat
444 1581 749 1629 comsmnsmonn
773 1572 807 1627 et
834 1582 1046 1646 conurroun,
1068 1564 1180 1628 sedet
1202 1581 1278 1646 nso,
1301 1573 1338 1627 ut
1359 1564 1471 1627 diserte

226 1671 328 1734 tradit
344 1671 462 1736 Cicero
478 1693 539 1753 pro
559 1673 673 1735 F'tocco
685 1694 711 1734 c.
726 1671 777 1734 34.
792 1673 836 1752 h).
862 1671 982 1755 ltaque
1001 1679 1067 1736 tres
1089 1673 1169 1735 istos
1188 1671 1305 1734 modos
1326 1671 1471 1735 distincte

226 1786 401 1841 recensent
418 1779 546 1842 Arnob.
566 1781 636 1840 odo.
655 1789 740 1861 gent.
758 1781 782 1839 I
782 1779 816 1840 V.
825 1801 859 1860 p.
872 1777 923 1840 83.
946 1778 1038 1842 Serv.
1050 1780 1094 1840 od
1113 1779 1200 1860 Virg.
1217 1781 1334 1861 Georg,
1350 1782 1412 1841 Lo.
1427 1779 1470 1841 31.

144 1903 147 1908 ’
226 1885 346 1949 Boeth.
364 1889 408 1948 ort
424 1887 529 1958 Cicer,
547 1887 647 1968 Topic.
663 1885 693 1947 3.
715 1893 750 1948 et
768 1906 787 1947 e
806 1885 1046 1948 recentioribus
1063 1885 1249 1948 Brissonius
1265 1893 1300 1947 et
1316 1885 1471 1948 Hotoma-

228 2015 287 2058 nus
302 1995 387 2058 iibris
407 1994 555 2056 laudatos.
577 1990 625 2056 At
643 2013 710 2056 non
728 1994 863 2075 desunt,
881 1995 938 2078 qui
954 1993 1253 2056 confarreationem
1271 1999 1306 2054 et
1323 1992 1470 2055 coemtio-

228 2121 303 2163 nem
319 2121 380 2184 pro
396 2093 462 2162 unc
484 2100 669 2186 eodemque
685 2101 751 2166 ritu
766 2102 906 2177 habent3
923 2102 983 2182 (de
1001 2123 1067 2187 quo
1084 2101 1179 2185 plura
1193 2100 1380 2164 videbimus
1394 2098 1470 2161 inira

228 2209 262 2270 in
278 2215 347 2271 not.
363 2208 406 2272 ad
424 2208 452 2290 §.
469 2206 541 2290 10).

814 2327 844 2408 g,
865 2325 894 2388 2.

714 2439 902 2506 Conferreotio
920 2441 1000 2509 quid?

312 2539 590 2618 Commissum,
610 2561 629 2600 a
644 2537 790 2602 Romulo
807 2541 945 2603 inventa
959 2547 1002 2622 ο),
1021 2541 1084 2604 fuit
1100 2541 1181 2603 ritus
1193 2541 1381 2629 nuptiarum
1395 2537 1469 2601 anti·
1519 2535 1520 2546 ³

229 2646 410 2731 quissimus,
425 2667 490 2729 quo
510 2646 606 2707 certis
621 2647 742 2728 verbis,
761 2654 796 2710 et
812 2649 950 2712 testibus
966 2649 1082 2712 decem
1102 2648 1344 2732 praesentibus,
1360 2653 1393 2709 et
1412 2643 1469 2706 sol·

228 2753 331 2817 lemni
354 2753 442 2815 facto
470 2753 648 2830 sacrificio,
670 2753 793 2839 inquo
819 2757 914 2839 panis
947 2776 1080 2842 quoque
1102 2755 1228 2818 ferreus
1249 2755 1468 2830 adhibebatur,
1519 2815 1520 2842 3

228 2883 314 2924 uxor
341 2860 562 2924 conveniebat
590 2861 624 2922 in
650 2883 780 2926 manum
809 2864 934 2927 mariti:
964 2865 1101 2947 Dionys.
1129 2860 1240 2924 Halic.
1259 2864 1301 2924 II.
1323 2863 1374 2924 25.
1402 2859 1468 2941 Ulp.

228 2971 358 3050 Fragor.
374 2970 433 3030 IX.
444 2967 474 3028 l.
487 2969 544 3028 XI.
558 2967 609 3032 13.
627 2969 735 3031 XXII.
748 2968 797 3030 14.
813 2969 904 3054 (Gaj.
923 2973 1002 3032 Inst.
1017 2970 1044 3032 I.
1057 2969 1159 3058 1129.

814 3139 843 3219 §-
865 3137 895 3200 a.

494 3253 539 3304 An
557 3270 588 3305 eo
601 3253 664 3305 solis
681 3251 856 3322 Pontificibus
873 3261 899 3305 et
917 3253 1081 3307 Fluminibus
1094 3255 1217 3324 proprio.

310 3354 393 3415 Erat
414 3375 494 3416 vero
511 3354 574 3417 hoc
596 3355 676 3417 ritus
704 3374 771 3416 non
789 3354 1007 3419 Pontificibus
1026 3354 1296 3437 Flaminibusque
1317 3352 1466 3442 proprius,

297 3603 328 3672 *)
348 3606 493 3671 superavit
503 3609 626 3660 omnium
637 3606 799 3660 industriam
812 3609 968 3675 Grupenius
984 3608 1013 3660 in
1026 3608 1096 3662 libro
1108 3609 1140 3660 de
1152 3626 1235 3663 uxore
1248 3603 1381 3662 Romana.
1395 3605 1467 3658 Coun

229 3691 356 3744 Hannov.
370 3695 445 3744 1727.
457 3693 481 3742 8.
497 3695 524 3742 et
540 3688 673 3759 inprimis,
692 3708 762 3760 quae
779 3693 841 3745 Alb.
859 3693 930 3745 Dici.
949 3693 1058 3744 Trekell
1070 3693 1104 3745 ad
1123 3693 1212 3745 Bora.
1230 3693 1354 3746 Brisson.
1371 3689 1412 3743 iii.
1423 3688 1468 3740 sir-
1519 3697 1520 3702 ’

226 3774 315 3842 putor.
335 3774 366 3826 de
388 3777 441 3826 m'tu
459 3775 575 3842 nuptiae.
594 3782 620 3825 et
643 3776 751 3844 dejure
775 3774 925 3830 connubior.
952 3775 1109 3830 doctissime
1132 3777 1286 3842 adnotavit,
1307 3769 1336 3828 in
1356 3773 1467 3828 Brisson.

229 3875 293 3926 opp.
310 3859 375 3912 min.
394 3875 419 3925 p.
438 3862 602 3912 285-338.
624 3859 713 3913 Houb.
806 3855 808 3862 ’
1519 3919 1520 3924 ¹

297 3944 330 4011 b)
350 3942 478 4008 Inprimis
495 3943 550 3995 vid.
568 3943 630 4010 an.
648 3945 1183 4013 Inst1.§.110-·113.-Singnlarum
1200 3961 1360 4008 causarum,
1378 3939 1466 4010 quibus
1519 3961 1520 4010 j

225 4028 317 4100 justae
347 4024 458 4092 nuptiae
479 4031 714 4102 contraherentur,
732 4045 865 4098 quaenam
889 4030 970 4091 suerit
992 4031 1071 4098 origo
1094 4037 1176 4098 atque
1203 4030 1273 4082 inter
1290 4029 1365 4095 ipsas
1388 4021 1467 4078 ratiot
1519 4049 1520 4056 .

230 4111 371 4178 diligenter
389 4111 568 4180 inquisivere:
586 4116 621 4166 K.
636 4115 767 4167 Wiichter
784 4111 850 4164 iiber
861 4115 1093 4185 Etescteidunpen
1111 4114 1153 4167 bei
1169 4117 1219 4168 den
1232 4113 1361 4169 Ro'mern.
1379 4111 1465 4170 Silili·

231 4201 306 4250 1822.
325 4214 350 4263 p.
373 4201 415 4248 32.
434 4211 494 4266 sqq.
509 4197 801 4264 Bethmann·Hollweg
817 4198 883 4250 diss.
904 4200 935 4252 de
953 4219 1047 4253 casune
1061 4197 1139 4268 prob.
1152 4215 1178 4264 p.
1191 4203 1216 4251 2.
1229 4215 1288 4266 sqq.
1307 4199 1333 4250 J.
1345 4197 1375 4248 C.
1387 4193 1466 4246 nasse

231 4283 279 4334 dor
306 4277 467 4334 Giiurrectt
488 4277 536 4334 de'r
559 4281 716 4349 Eteputten.
740 4281 812 4335 Berl.
837 4285 912 4336 1824.
936 4285 957 4351 ξ.
984 4288 1110 4337 13-24.
1133 4314 1161 4323 -
1182 4283 1223 4335 Ci.
1248 4287 1276 4334 et
1293 4279 1422 4334 Schrader
1442 4270 1466 4323 lu

230 4364 358 4431 lingonis
376 4365 427 4417 civ.
446 4366 522 4433 Mag.
540 4369 572 4418 Τ.
590 4367 624 4418 V.
643 4367 691 4418 Nr.
709 4365 771 4418 Vll.
792 4372 814 4418 1.
833 4365 920 4419 Mitti.

297 4450 327 4516 c)
348 4452 380 4502 ln
398 4449 511 4502 dubium
528 4448 558 4500 id
574 4457 654 4502 vocat
671 4451 729 4502 Jac.
748 4451 882 4504 Raevard.
899 4452 935 4503 ed
954 4451 1023 4504 XII
1036 4450 1116 4507 Taso.
1131 4451 1262 4520 XX1.p.·
1273 4453 1314 4504 stu
1333 4449 1368 4500 ob
1385 4447 1464 4497 locum

230 4532 314 4587 Plinii
332 4535 403 4588 Htst.
421 4535 484 4587 Not.
505 4534 707 4588 xristau
731 4551 786 4603 quo
809 4551 876 4588 usus
897 4535 976 4592 serris
1002 4535 1030 4589 in
1056 4533 1194 4590 sacrificiis
1218 4550 1239 4587 a.
1253 4534 1343 4588 Numa
1368 4530 1464 4582 demon
