3030 5160
279 385 333 454 lla
359 341 575 458 Frnmconrs.
601 383 770 457 Usnuns.
795 383 850 459 Er
874 383 1017 460 &scon
1042 379 1119 460 eto.
1249 393 1322 464 488

61 563 126 628 sed
142 569 219 648 post
234 559 318 632 illud
332 559 405 646 ipse
419 559 515 629 heres
538 580 641 624 onera
661 557 864 630 hereditaria
880 564 1080 630 sustinebat:
1104 565 1134 628 d.
1150 565 1179 648 5.
1192 566 1223 628 ὁ
1243 567 1323 630 Istat.

61 673 93 734 la.
110 681 136 732 t.
159 670 252 752 Opus
274 689 357 755 ergo
382 677 454 738 erat
470 666 568 732 certis
587 666 874 753 stipulationibus,
888 671 978 737 inter
998 671 1155 738 heredem
1172 681 1206 738 et
1227 673 1324 740 fidei-

61 777 324 852 commissarium
340 775 602 862 interponendis,
613 784 649 840 ut
664 775 789 843 lucrum
802 786 838 842 et
847 777 1001 846 damnum
1011 779 1247 846 hereditarium
1261 801 1322 865 pro

60 893 140 952 rata
162 893 259 970 parte
283 886 372 952 inter
400 906 458 950 eos
480 905 652 950 commune
673 871 770 950 esset.
792 885 888 963 Quae
910 887 1141 972 stipulationes
1164 889 1267 974 partis
1289 899 1324 955 et

61 1016 127 1080 pro
153 1002 250 1078 parte
274 993 483 1061 dicebantur:
509 991 647 1076 Ulpiani
668 993 799 1076 nragm.
818 994 923 1058 XXV.
940 995 991 1058 15.
1005 995 1052 1076 ¹¹).
1083 997 1172 1062 Hinc
1193 997 1324 1082 quoties

61 1102 187 1168 heredi
202 1101 374 1170 fiduciario
399 1108 516 1187 quarta
539 1121 583 1164 ex
597 1108 796 1168 testamento
818 1110 890 1168 erat
910 1102 1018 1184 salva,
1034 1104 1135 1170 toties
1154 1104 1325 1171 beredita-

62 1220 136 1276 tem
151 1209 352 1274 restituebat
366 1231 410 1276 ex
425 1208 515 1274 soto
530 1206 759 1273 Trebelliano.
782 1207 840 1272 Sin
855 1209 931 1295 plus
946 1209 1108 1276 dodrante
1127 1220 1214 1278 esset
1228 1213 1323 1276 resti·

64 1318 248 1398 tuendum,
262 1325 411 1404 quartam
426 1338 469 1383 ex
484 1315 574 1383 scio
589 1315 778 1400 Pegasiano
800 1315 1013 1402 detrahebat,
1029 1327 1064 1384 et
1079 1321 1121 1384 de
1144 1319 1323 1406 obligatio·

62 1426 165 1492 nibus
191 1425 255 1488 sibi
278 1428 418 1492 cavebat
441 1423 646 1508 interpositis
671 1423 953 1508 stipulationibus:
981 1427 1010 1508 ς.
1033 1427 1063 1491 6.
1085 1430 1210 1492 brath.
1232 1438 1254 1494 t.
1276 1428 1324 1493 A:

63 1555 167 1621 quum
185 1532 416 1618 stipulationes
436 1531 516 1598 illae
533 1530 643 1598 multis
665 1530 859 1596 viderentur
878 1533 1061 1618 captiosae:
1077 1535 1203 1622 placuit
1220 1535 1325 1600 Justi-

64 1643 182 1725 niano,
203 1641 343 1726 exploso
367 1641 456 1708 scm
479 1641 679 1725 Pegasiano,
696 1638 914 1705 Trebelliano
936 1661 1066 1708 omnem
1092 1643 1323 1709 auctoritatem

64 1759 255 1835 praestare,
271 1747 325 1814 rel
348 1749 458 1836 potius
479 1767 523 1814 ex
545 1746 675 1814 duobus
697 1747 971 1833 sammonicum,
993 1749 1095 1836 idque
1114 1750 1325 1816 Trebelliani

68 1858 207 1922 nomine
222 1857 392 1942 insignire,
407 1856 456 1921 ita
470 1855 619 1940 quidem,
635 1863 671 1918 ut
687 1866 834 1939 quartam
850 1855 945 1919 heres
961 1878 1090 1942 semper
1104 1858 1243 1926 haberet
1258 1858 1325 1926 sal·-

63 1988 160 2046 vam,
176 1965 394 2050 actionesque
408 1964 496 2027 inter
514 1983 587 2026 eum
610 1971 645 2025 et
665 1945 999 2028 fideicommissarium
1017 1987 1079 2049 pro
1098 1974 1172 2030 rata
1194 1964 1325 2030 divide·

64 2081 193 2156 rentur,
208 2071 326 2137 heredi
340 2093 421 2136 vero
445 2069 539 2135 simul
559 2069 705 2136 adeundi
724 2069 945 2136 hereditatem
968 2073 1194 2157 imponeretur
1207 2095 1324 2138 neces-

64 2182 167 2245 sitas:
186 2182 215 2264 5.
230 2179 351 2244 alna.
368 2181 400 2242 lt.
415 2189 439 2242 t.
461 2180 534 2243 Imo
547 2179 626 2263 jure
648 2177 837 2260 novissimo,
860 2179 885 2242 si
907 2179 1004 2244 heres
1024 2179 1116 2246 adire
1140 2192 1323 2266 quartaque
1385 2239 1388 2247 .

65 2295 245 2352 contentus
262 2307 333 2352 esse
349 2287 473 2364 nollet,
490 2286 720 2352 deficientibus
734 2286 954 2351 coheredibus
971 2295 1029 2351 aut
1044 2287 1237 2372 substitutis,
1251 2291 1323 2374 ipse

65 2396 387 2464 fideicommissarius
402 2395 495 2462 adire
510 2403 622 2480 potest
637 2415 698 2479 per
713 2394 834 2458 Novell.
849 2394 874 2456 1.
889 2415 916 2458 c.
934 2395 963 2458 1.
979 2396 1008 2478 §.
1022 2397 1052 2458 1.
1067 2395 1110 2479 ¹).

676 2607 684 2624 .
705 2561 735 2624 8.

460 2563 720 2736 massadam
737 2679 932 2749 Apronianum.

149 2783 208 2848 Ad
232 2780 483 2846 fideicommissa
506 2781 653 2865 pertinet
681 2799 814 2864 quoque
841 2779 961 2844 SCtum
984 2797 1220 2846 assemanum.
1250 2780 1323 2844 Nec

66 2890 248 2974 municipia
264 2889 351 2952 enim
367 2889 459 2971 olim,
473 2909 535 2952 nec
551 2888 743 2972 municipes,
757 2885 898 2950 heredes
912 2887 1039 2951 institui
1055 2895 1222 2972 poterant,
1239 2908 1324 2973 quo-

65 2999 157 3064 niam
180 2998 340 3062 incertum
364 3017 481 3081 corpus
501 3003 590 3078 erat,
606 3002 642 3058 ut
662 3015 771 3082 neque
791 3016 927 3058 cernere
948 2995 1109 3080 universi,
1130 3017 1240 3084 neque
1261 3017 1322 3081 pro

66 3105 195 3169 herede
211 3126 329 3190 gerere
345 3113 495 3188 possent:
511 3102 647 3186 Ulpiani
662 3105 793 3185 Fragm.
808 3103 915 3166 XXII.
933 3103 962 3164 5.
981 3103 1086 3168 Plinii
1101 3106 1216 3186 Epistt.
1238 3103 1274 3168 V.
1292 3101 1322 3166 7.

65 3213 390 3278 Fideioommissaria
409 3219 522 3276 tamen
536 3209 703 3274 hereditas
724 3211 941 3296 municipibus
956 3209 1161 3276 restituenda
1176 3219 1247 3274 erat
1262 3232 1323 3295 per
1341 3258 1342 3263 η

65 3321 190 3386 SCtum
208 3320 453 3405 Apronianum,
470 3320 559 3404 cujus
576 3317 617 3380 de
634 3325 744 3382 aetate
760 3320 831 3404 jam
847 3318 913 3381 Lib.
929 3320 971 3380 ΙΙ.
990 3319 1047 3383 itt.
1064 3319 1153 3382 XIV.
1167 3318 1197 3400 ἕ.
1210 3317 1240 3378 2.
1256 3316 1323 3380 dis-

66 3429 226 3494 seruimus
241 3429 287 3510 1ί).

652 3541 681 3622 ς.
703 3539 733 3604 s.

303 3657 469 3728 Differentiae
485 3659 555 3711 inter
573 3657 660 3726 lepata
678 3665 704 3708 et
712 3657 918 3724 fideicommissa
935 3657 1089 3728 angularia.

151 3761 249 3826 Haec
265 3759 307 3828 de
320 3777 616 3824 rrnnrconnrssss
631 3759 867 3822 unibersnb’bus.
879 3758 935 3824 Ad
951 3760 1128 3842 singularia
1139 3758 1228 3844 quod
1245 3759 1321 3822 atti-

138 3975 171 4041 b)
192 3973 320 4028 Partiarii
344 3969 416 4024 enim
439 3968 561 4036 legatarii
589 3971 651 4024 loco
674 3969 790 4036 inerat,
808 3971 853 4026 cui
871 3988 907 4025 ex
928 3973 1002 4028 scto
1021 3971 1175 4040 Pegasiano
1197 3970 1322 4026 testinata

67 4067 110 4112 est
127 4057 279 4121 hereditas:
299 4060 360 4125 Gaj.
378 4057 398 4124 t.
416 4059 476 4108 254.
495 4059 521 4106 et
539 4053 602 4120 Ulp.
622 4054 639 4108 l.
658 4056 677 4110 l.
694 4055 782 4110 Mill.

138 4143 163 4213 i)
185 4144 329 4198 Caeterum
343 4141 534 4196 novella'baec
551 4139 708 4194 constitutio
727 4141 762 4194 de
779 4157 812 4194 eo
829 4139 959 4211 loquitur,
977 4141 1041 4210 qui,
1055 4144 1113 4209 jam
1131 4142 1207 4194 heres
1226 4141 1321 4205 iactus,

67 4216 160 4285 taimen
186 4227 264 4284 iutra.
281 4245 383 4284 annum
409 4225 546 4292 suscipere
566 4229 648 4292 atque
670 4224 783 4294 implere
800 4229 930 4284 detractat
956 4241 1041 4282 onera
1066 4225 1243 4288 hereditaria:
1273 4215 1321 4281 W.

66 4316 195 4370 Franoke
212 4315 340 4383 Beitriipa
360 4331 386 4368 n.
404 4328 426 4366 s.
446 4327 478 4364 w.
495 4327 523 4377 p.
544 4311 785 4380 158.sqq.(§.7.)
805 4311 1007 4366 Mirhlenbruoh
1025 4311 1054 4364 in
1072 4312 1167 4364 sonan.
1185 4319 1322 4366 comment.

71 4398 215 4456 Gliiclsian.
233 4401 381 4454 XXXIX.
398 4415 426 4466 p.
443 4403 486 4452 51.
505 4410 565 4464 sqq.
583 4393 669 4448 Miidl.

139 4487 175 4553 k)
195 4482 272 4540 Rau:
292 4485 411 4538 Historia
424 4483 485 4552 jur.
504 4482 571 4536 civil.
590 4482 621 4534 de
638 4479 760 4550 personis
779 4479 884 4534 incertis
902 4499 934 4532 ex
953 4488 1104 4534 testamento
1124 4479 1239 4534 herediis.
1257 4482 1278 4548 ξ,
1295 4485 1320 4534 6.

68 4587 95 4636 p·
116 4573 244 4626 27-at.
263 4567 352 4621 Haub.
