3062 5156
386 370 441 440 Ds
465 370 561 440 June
586 371 726 455 Qumrr.
752 371 807 440 Er
830 371 942 442 Grvm.
1072 455 1076 462 .
1221 381 1292 448 241

66 550 157 629 barba,
171 544 332 626 lacrimis,
350 545 506 630 cultuque
527 545 672 610 tristiore
689 549 846 632 populum
866 548 910 612 od
931 549 1188 614 misericordiam
1214 551 1294 616 flec-
1322 565 1326 570 ’
1413 605 1422 620 ,

27 689 29 694 ·
66 668 133 736 tere,
158 673 265 738 eoque
293 655 393 718 modo
414 654 562 736 effugere
581 653 773 736 periculum.
801 655 959 740 Denique
980 656 1065 720 nulli
1087 659 1292 742 magistratui

65 765 165 828 licebat
182 763 287 825 civem
305 761 492 824 Romanum
509 760 564 824 vel
578 761 783 844 verberibus,
799 763 854 826 vel
871 763 1034 846 supplicio
1055 764 1208 828 adficere.
1225 769 1293 831 Im-

66 870 240 934 manissimas
255 869 355 934 etiam
371 889 485 932 eorum
501 869 681 932 sententias
695 889 763 932 vox
782 869 841 932 illa
860 869 1086 953 quiritantium
1103 893 1294 957 compesce-

67 981 122 1042 bat:
140 991 223 1040 mvrs
250 991 412 1040 Romanus
435 991 514 1038 sum.
542 975 651 1060 Saepe
679 997 721 1038 eo
748 976 884 1058 respicit
905 976 1025 1040 Cicero
1048 980 1082 1040 ia
1110 981 1199 1041 orat.
1224 983 1294 1044 ado.

70 1085 177 1144 Verrem
195 1083 231 1143 V.
246 1083 297 1146 54.
319 1083 434 1164 Plaga
451 1085 625 1161 consectum
639 1084 705 1144 dico
721 1104 741 1144 a
758 1083 916 1146 imorum
929 1089 993 1146 tm'e
1007 1089 1102 1146 mem
1115 1087 1296 1150 Romanum

66 1202 121 1252 cmc
139 1193 240 1252 oculos
262 1198 332 1252 tuos
351 1191 528 1250 committite.
558 1191 609 1251 Ob·
623 1210 716 1271 quam
735 1209 897 1261 caussam,
917 1193 976 1256 Do·
986 1195 1198 1254 mmortales?
1214 1201 1295 1256 cam-

66 1302 112 1360 eto·
126 1299 271 1379 injuriam
285 1297 375 1374 facio
396 1299 551 1358 commum
563 1315 697 1359 caussae
719 1304 750 1358 ct
774 1315 857 1358 ruer
876 1315 1068 1358 crrzrurrs.
1096 1298 1199 1374 Quart·
1213 1302 1296 1362 mm

62 1407 141 1484 punt
159 1423 227 1467 esse
249 1405 314 1464 ulla
339 1423 471 1482 causeo,
492 1423 551 1466 cor
575 1405 632 1466 boc
655 1408 801 1486 cuiquam
818 1407 880 1465 cici
899 1405 1041 1466 Romano
1056 1407 1135 1486 jure
1160 1405 1296 1468 adesum.

66 1512 99 1574 Et
113 1509 222 1574 eadem
246 1509 395 1572 Oratione
416 1510 451 1570 V.
466 1508 518 1573 57.
540 1511 682 1574 Cervices
700 1513 733 1572 r'm
749 1529 876 1572 carcere
883 1511 1125 1592 frangebantur
1143 1513 1296 1594 indignio-

66 1621 125 1678 o'mc
140 1621 249 1678 mbr'um
267 1617 498 1695 Romanorum,
517 1627 555 1680 ut
571 1620 641 1698 jam
662 1619 717 1679 silo
735 1625 843 1678 occet
861 1619 1053 1698 emptorem:
1073 1637 1173 1680 ems
1191 1638 1297 1682 rour-

67 1744 120 1785 uus
138 1744 221 1796 suu,
242 1745 323 1806 quae
345 1744 440 1806 coepe
458 1726 563 1788 molto
579 1725 612 1786 in
634 1727 752 1789 ultimis
770 1729 865 1788 terrie
885 1745 971 1806 opem
992 1727 1074 1786 inter
1098 1726 1250 1788 barbaros
1267 1736 1300 1788 ct

68 1833 175 1894 rabiem
187 1833 270 1902 tulit,
291 1851 330 1891 ea
349 1839 478 1892 mortem
492 1834 553 1894 dm
567 1832 754 1896 acerbiorem
770 1840 800 1893 et
816 1833 999 1914 supprb'm'um
1013 1835 1170 1894 mutarim
1180 1832 1298 1909 ferret.

68 1937 149 2002 Plura
166 1939 237 2022 ejus
260 1938 392 2020 generis
411 1945 542 2001 exstant
561 1939 649 2022 apud
668 1938 864 2002 Ciceronem
889 1939 1011 2001 Vernis.
1037 1937 1072 1998 V.
1086 1936 1137 2000 62.
1150 1957 1196 2018 sq.
1223 1938 1297 2002 Nec

69 2044 163 2126 ignota
183 2055 256 2110 sunt
278 2046 435 2134 exempla
454 2044 550 2108 Pauli
569 2044 727 2129 Apostoli
748 2050 817 2110 Act.
837 2046 944 2108 XXII.
963 2044 1014 2106 25.
1031 2064 1096 2126 sqq.
1116 2052 1151 2106 et
1174 2055 1297 2128 marty-

68 2172 121 2214 mm
139 2151 268 2216 Galliae
290 2154 379 2238 apud
399 2154 521 2217 Euseb.
544 2154 725 2216 holcama.
748 2154 869 2217 Hieron.
896 2151 932 2212 V.
944 2151 975 2211 1.
998 2151 1054 2234 qui
1073 2171 1108 2212 se
1133 2149 1193 2214 illa
1212 2173 1296 2214 voce

68 2275 135 2322 mus
148 2277 308 2326 romarus
330 2277 448 2339 suma
467 2261 631 2344 virgarum
648 2248 847 2346 ignomibia,
862 2257 918 2320 vel
939 2257 981 2322 ab
1001 2263 1151 2322 extremo
1172 2259 1298 2344 suppli-

68 2365 108 2427 cio
128 2368 321 2454 eripuerunt

618 2503 647 2584 s.
667 2501 719 2564 ao.

459 2615 637 2670 rutenorum
650 2615 736 2686 plebr‘r
754 2617 889 2670 auxilium.

134 2719 194 2784 Sed
220 2740 288 2782 non
313 2718 417 2782 solum
441 2719 475 2781 in
498 2718 630 2804 legibus
652 2717 810 2781 Romanis
834 2715 958 2779 civibus
976 2713 1151 2777 maximum
1174 2711 1300 2795 praesi-

68 2823 139 2888 dium
153 2835 221 2891 erat
233 2825 378 2913 positum
393 2826 548 2889 adversus
566 2825 811 2909 magistratuum
826 2820 1053 2886 insolentiam:
1069 2840 1181 2884 verum
1198 2819 1298 2882 etiam

67 2932 93 2994 in
106 2925 272 2998 tribunicia
290 2939 467 3016 potestate.
490 2934 525 2996 Si
542 2934 614 3019 quis
636 2933 724 2996 enim
745 2950 857 2993 eorum
877 2928 1064 2990 libertatem
1081 2926 1209 2989 violare
1232 2947 1299 2988 non

67 3051 233 3105 vereretur:
263 3041 431 3104 Tribunos
459 3041 567 3125 plebis
593 3039 828 3125 adpellabant‚
863 3035 920 3120 qui
949 3034 1027 3118 ipsis
1054 3053 1183 3094 omnem
1211 3031 1300 3096 fere-

65 3146 131 3211 bant
150 3171 266 3233 opem‚
283 3169 392 3231 neque
414 3148 642 3232 patiebantur,
667 3146 732 3210 civi
753 3145 903 3227 cuiquam
924 3139 995 3203 fieri
1017 3138 1117 3200 ullam
1138 3139 1299 3222 injuriam.

64 3251 155 3319 Plena
176 3257 339 3342 ejusmodi
355 3255 582 3340 exemplorum
606 3262 655 3316 est
675 3254 828 3317 Romana
849 3246 1000 3322 historia;
1023 3253 1058 3307 et
1078 3244 1226 3329 quamvis
1242 3265 1299 3306 ne-

64 3351 130 3442 gari
147 3363 232 3427 haud
254 3363 376 3446 possit,
402 3362 466 3426 ista
488 3370 656 3446 potestate
676 3378 743 3422 nou
769 3354 872 3420 semei
896 3357 1014 3418 abusos
1037 3373 1108 3416 esse
1132 3351 1300 3414 Tribunos

63 3466 171 3548 plebis:
189 3491 290 3554 saepe
314 3478 424 3532 tamen
446 3471 544 3532 etiam
566 3467 710 3550 insignia
724 3463 874 3550 justitiae
898 3471 997 3545 atque
1023 3459 1201 3544 aequitatis
1224 3481 1301 3542 spe-

63 3575 167 3639 cimina
187 3576 351 3659 edebnnt,
368 3576 478 3676 qualia
495 3583 586 3655 sunt,
608 3594 693 3657 quae
713 3571 827 3639 Valet.
844 3570 935 3631 Max.
953 3569 1017 3631 bo.
1037 3569 1090 3636 Vl.
1105 3589 1130 3631 c.
1148 3568 1177 3631 ⁵.
1197 3567 1301 3668 refert

62 3683 288 3767 quamplurima
302 3689 344 3766 ¹).

622 3815 652 3898 §.
672 3813 723 3878 30.

331 3927 454 3982 Libertas
471 3931 565 3984 civium
583 3931 663 4010 Rpm.
682 3949 699 3982 o
716 3928 824 3982 saevitia
842 3926 1010 3978 creditorum.

132 4030 236 4093 Porro
261 4038 297 4093 et
318 4029 472 4094 adversus
499 4031 698 4094 creditorum
725 4025 895 4090 saevitiam
918 4024 982 4090 tuti
1006 4028 1099 4084 erant
1120 4018 1208 4081 cives
1230 4016 1302 4079 Ro-

63 4135 146 4197 mani.
166 4137 321 4200 Immanis
343 4145 414 4200 erat
433 4136 490 4200 lex
513 4137 587 4200 XII
611 4136 815 4214 tabularum,
835 4154 920 4217 quae
944 4131 1032 4194 cives
1050 4127 1219 4192 &menos
1243 4125 1304 4188 ob-

63 4251 178 4305 aeratos
192 4243 415 4308 creditoribus
431 4244 620 4324 addicebat,
632 4267 652 4306 a
669 4242 786 4326 quibus
803 4248 837 4303 et
851 4239 979 4319 vinciri,
996 4247 1156 4300 eteorum
1174 4252 1304 4314 corpus,

120 4448 150 4514 z)
170 4449 291 4504 Gonmdi
309 4449 383 4504 Dies
405 4451 479 4504 laud.
497 4449 549 4502 Jm
568 4449 785 4517 prosecutionum
812 4439 1305 4503 em.c.3.sect.1.1.l.p.2es-
1397 4487 1399 4493 ,

61 4529 111 4580 bin.
131 4534 189 4598 (ap.
207 4531 340 4586 Pernice:
357 4549 384 4598 p.
403 4537 446 4584 39.
464 4533 540 4602 sqq.)
562 4529 651 4583 Houb.
1069 4604 1112 4667 16
