3056 5168
252 410 325 476 678
702 400 778 472 Lm.
803 397 863 469 lv.
888 399 968 468 Trr.
993 399 1052 472 vl.

256 601 341 644 mum
356 599 438 663 ergo
456 579 640 663 quaerebat
655 585 765 642 actor:
783 593 924 652 Qusuno
939 595 983 640 rs
997 593 1035 642 ru
1052 591 1138 642 tulta
1150 593 1326 660 conspicio,
1342 593 1457 644 rourum

254 705 348 752 annu
374 702 446 752 slus
469 691 626 749 aaaron?
653 687 751 750 Hanc
777 686 864 750 enim
892 683 1066 750 formulam
1097 684 1238 748 totidem
1268 686 1365 750 verbis
1385 686 1458 748 babet
1490 717 1491 736 r

256 795 375 858 Cicero
389 794 424 856 in
441 803 521 856 orat.
536 814 599 875 pro
613 798 653 856 A.
673 795 807 858 Gaeor'rm
823 816 850 857 c.
865 793 916 854 19.
931 799 966 856 et
979 793 1027 856 Μ.
1043 791 1198 857 Valerius
1214 792 1335 856 Probus
1348 795 1376 854 in
1388 795 1459 854 labello

254 905 294 966 de
314 907 397 964 notr‘e
417 901 586 964 Romanor.
610 900 896 983 interpretante).
923 899 1054 964 Auctor
1077 921 1158 964 vero
1180 901 1209 964 is
1230 921 1299 964 ease
1319 900 1458 977 dicebatur,
1490 903 1491 948 l

255 1009 344 1074 unde
361 1008 433 1092 quis
443 1009 601 1092 jussuum
617 1018 749 1094 poterat
767 1017 941 1092 repetere:
952 1008 1071 1074 Jacob.
1085 1008 1278 1072 Raevardus
1291 987 1458 1070 Procedant.
1490 1049 1491 1058 .

255 1139 281 1181 c.
296 1119 326 1178 5.
340 1139 375 1198 p.
391 1115 464 1179 889.
488 1117 553 1193 ραι·
568 1117 654 1180 enim
669 1121 815 1199 petitoria
829 1119 950 1198 jode'cab
970 1118 1129 1192 atebatm,
1146 1137 1188 1178 ne
1198 1118 1325 1195 frastra
1344 1115 1458 1196 erp'm'a-
1490 1101 1491 1166 i

166 1310 170 1317 ⁵
255 1235 320 1298 tar,
339 1228 500 1306 reqm‘rere
520 1225 665 1298 mdabat,
681 1244 725 1285 on
742 1228 784 1297 r'e,
803 1245 875 1286 cam
893 1245 954 1306 qao
972 1226 1155 1287 instituebat
1171 1229 1456 1303 embammatum
1490 1279 1491 1286 ,

255 1339 307 1408 ott,
321 1335 371 1395 cel
383 1332 452 1395 dolo
466 1332 596 1394 deer'err't
603 1333 789 1414 poenum?
800 1336 835 1394 L.
849 1330 900 1393 36.
908 1351 962 1414 pr.
979 1334 1023 1394 D.
1037 1333 1077 1392 de
1089 1331 1154 1394 mr·
1162 1332 1247 1392 m'nd.
1267 1329 1402 1412 Negante
1413 1349 1458 1406 reo,
1490 1333 1491 1386 ἱ

255 1442 399 1506 Praetor
424 1438 574 1502 dicebat:
601 1456 741 1515 canuno
770 1455 900 1515 uacnr,
926 1452 1152 1504 monensuro
1178 1453 1353 1513 comatre.
1378 1437 1459 1498 soor·

256 1558 360 1612 mento
373 1548 403 1630 i)
422 1567 502 1610 vcro
518 1567 670 1628 quaerere
685 1557 757 1612 erat
780 1548 822 1612 ad
842 1553 963 1610 certam
986 1545 1213 1630 spondendam
1231 1544 1385 1630 pecuniam
1397 1563 1458 1604 reon
1490 1543 1491 1602 l

220 1665 222 1672 '
256 1674 459 1742 provocare,
481 1655 515 1717 ni
542 1656 590 1719 ita
609 1665 705 1719 esset.
733 1657 853 1740 Itaque
874 1656 998 1741 petitor
1026 1655 1204 1738 pergebat:
1228 1669 1359 1729 Qusuno
1376 1665 1459 1726 usca,
1490 1699 1491 1746 ,

257 1861 440 1916 vindicatione
449 1860 715 1925 bericonsueverint,
725 1878 760 1913 ex
769 1860 957 1927 superioribus
971 1865 1068 1926 sponte
1077 1859 1233 1926 apparebit;
1251 1859 1297 1910 ofr.
1308 1855 1458 1921 aetiten
1490 1861 1491 1880 ³

257 1955 285 2001 et
302 1962 374 2014 quae
391 1947 425 1998 ad
452 1947 474 2011 t.
489 1950 531 1998 28.
548 1951 604 1998 not.
623 1961 647 1998 a.
664 1951 692 1997 et
709 1961 735 1998 a.
752 1962 769 1998 a
787 1946 867 1998 nobis
891 1951 956 1997 sunt
973 1946 1124 1997 observata.
1148 1947 1185 1996 At
1202 1959 1239 1995 ne
1256 1941 1389 1994 sexcenties
1397 1939 1458 1989 orden

258 2030 404 2097 repetendo
412 2031 582 2083 molestiores
596 2030 690 2094 simus,
709 2030 767 2082 sine
779 2031 966 2083 emendatione
975 2029 1163 2099 relinquimus,
1173 2044 1245 2098 quae
1256 2029 1290 2079 de
1302 2025 1385 2093 agendi
1390 2024 1460 2076 ratione

258 2119 286 2169 b.
304 2118 333 2169 in
352 2119 370 2170 l.
387 2117 478 2168 retulit
494 2117 607 2169 Auctor.
625 2113 712 2169 Mitti.

327 2203 361 2271 h)
381 2203 437 2258 Sed
455 2204 545 2255 denuo
563 2201 706 2254 intercedit
723 2201 758 2252 V.
771 2201 802 2253 C.
816 2201 849 2254 Β.
861 2201 991 2254 Branclru
1007 2198 1036 2254 in
1053 2197 1200 2252 Obseroott.
1223 2197 1325 2252 moll.
1336 2214 1357 2248 c.
1369 2199 1401 2247 lb
1409 2193 1461 2261 pit·

257 2303 356 2356 meque
374 2303 436 2338 oum
448 2286 509 2338 aliis
527 2303 617 2338 errare
628 2289 736 2350 clamat,
757 2288 922 2354 quambene
936 2287 1080 2339 formulam
1094 2285 1130 2336 ad
1142 2283 1265 2336 actiones
1282 2282 1309 2336 in
1319 2299 1369 2334 rem
1378 2281 1461 2336 relano,

258 2390 329 2441 quae
346 2373 438 2438 potius
457 2372 491 2424 ad
510 2371 629 2424 actiones
648 2373 676 2424 in
695 2385 839 2438 personam
851 2370 993 2437 pertineat,
1012 2370 1147 2439 siquidem
1158 2369 1187 2422 in
1201 2369 1247 2420 bis
1265 2370 1300 2420 ob
1312 2373 1396 2419 metum
1407 2360 1462 2429 pluris

180 2465 187 2472 ‘
257 2457 396 2524 petitionis
416 2473 526 2509 necesse
544 2457 626 2509 fuerit
643 2457 748 2525 aliquid
765 2456 834 2508 scire
852 2456 886 2508 de
905 2457 1060 2510 conditione
1075 2457 1143 2522 ejus,
1163 2454 1211 2522 qui
1226 2453 1300 2506 litem
1313 2457 1461 2504 contestatura
1490 2469 1491 2480 ¹

257 2547 337 2595 esset.
355 2542 508 2604 Crederem,
528 2541 551 2592 si
568 2541 610 2593 vir
627 2543 734 2605 doetus,
753 2542 827 2609 quod
845 2548 921 2595 tanta
938 2542 1038 2595 fiducia
1048 2543 1182 2604 adfirmat,
1194 2541 1329 2606 probaret.
1345 2537 1390 2590 Sed
1398 2535 1418 2586 id
1428 2545 1461 2583 nor

257 2629 328 2680 lacit.
347 2627 427 2680 Dabo
446 2642 511 2692 ergo
529 2642 649 2692 operam,
667 2634 698 2677 ut
714 2643 758 2679 me
775 2627 918 2694 intelligat.
936 2629 1040 2682 Notum
1058 2633 1107 2691 est,
1126 2625 1192 2680 olim
1211 2641 1269 2678 non
1286 2625 1394 2677 habitum
1408 2620 1462 2671 laisa

220 2779 224 2786 Ι
256 2728 308 2781 pro
327 2726 486 2776 possessore
504 2727 576 2774 curn,
594 2711 642 2779 qui
657 2712 721 2763 dolo
736 2711 854 2765 desierat
871 2714 1020 2779 possidere.
1039 2715 1072 2766 Id
1083 2711 1155 2764 enim
1169 2711 1192 2764 si
1204 2713 1309 2774 fuisset,
1321 2707 1462 2761 frustratae

258 2801 302 2847 tor
320 2794 469 2847 invexisset
483 2795 681 2848 restitutionem
700 2797 728 2850 in
748 2797 883 2866 integram
901 2802 936 2852 ob
957 2800 1147 2852 alienationem
1162 2797 1264 2864 judicii
1281 2793 1391 2848 mutandi
1400 2801 1462 2842 orosa

258 2883 365 2936 iactam.
384 2883 435 2934 Jus
451 2881 528 2946 illud,
547 2882 581 2933 dc
600 2898 654 2949 quo
672 2885 704 2934 L.
722 2889 779 2937 1³1.
797 2886 833 2937 D.
853 2887 885 2937 de
904 2887 971 2954 Rep.
980 2887 1040 2955 jar.
1059 2901 1114 2936 non
1133 2901 1168 2936 ex
1182 2884 1247 2950 jure
1265 2882 1369 2948 antiquo
1384 2883 1420 2936 cst.
1435 2869 1462 2923 tei

259 2985 294 3020 ex
306 2967 404 3030 edicto,
423 2969 547 3036 adeoque
560 2983 576 3019 a
589 2969 757 3035 temporibus
775 2969 919 3034 Hadriani,
931 2971 978 3040 qui
990 2971 1122 3036 singulari
1135 2969 1209 3022 scta
1221 2971 1255 3022 A.
1267 2969 1300 3021 U.
1310 2968 1463 3020 Quaerunt·

260 3052 295 3114 Q.
312 3052 387 3106 Julio
397 3054 485 3105 Balbo
497 3059 524 3104 et
538 3055 570 3107 P.
582 3054 711 3108 Juveatio
724 3058 805 3110 Celso
818 3057 895 3108 Coss.
907 3056 1005 3108 sanciri
1014 3056 1106 3124 jussit,
1120 3063 1157 3114 nt,
1173 3056 1219 3124 qai
1227 3055 1352 3122 fecerint,
1362 3068 1402 3120 qao
1411 3047 1464 3098 otim

254 3137 430 3205 possiderent,
445 3139 558 3206 perinde
575 3142 822 3201 condemnarentur,
845 3142 921 3209 qnasi
932 3143 1108 3210 possiderent.
1133 3141 1269 3208 Legitima
1286 3139 1362 3191 verba
1380 3131 1463 3187 serier-
1490 3179 1491 3206 ,

260 3225 333 3273 stant
350 3223 381 3274 L.
393 3226 436 3275 20.
454 3224 475 3290 t.
490 3228 515 3276 6.
533 3225 568 3276 D.
588 3227 619 3276 de
637 3227 705 3280 Her.
719 3228 795 3295 petit.
814 3229 859 3278 Ex
876 3227 928 3278 hoc
944 3242 1009 3278 vero
1029 3227 1102 3279 SCto
1120 3227 1149 3279 id
1169 3225 1341 3292 principiam,
1359 3220 1421 3290 quod,
1435 3211 1463 3281 qn'
1490 3225 1491 3288 l

260 3307 324 3360 dolo
337 3310 408 3360 malo
422 3308 561 3374 possidere
574 3311 662 3376 desiit,
680 3325 731 3378 pra
745 3326 904 3376 possessore
916 3313 1055 3374 habeatur,
1074 3318 1168 3364 natum
1180 3327 1250 3375 esse,
1268 3309 1341 3362 testis
1352 3313 1387 3359 cst
1396 3299 1462 3354 Paulas
1490 3295 1491 3370 l

260 3395 292 3446 L.
306 3398 349 3446 27.
366 3395 387 3460 t.
399 3398 424 3445 3.
443 3395 479 3447 D.
492 3394 523 3445 de
540 3397 594 3448 Rei
604 3398 696 3448 vindic.
716 3397 808 3460 Quum
825 3413 890 3462 ergo
908 3402 1064 3449 vererentur
1081 3398 1220 3464 petitores,
1238 3410 1274 3448 ne
1287 3395 1462 3460 possessoraret
1490 3411 1491 3468 q

259 3475 392 3542 litigiosas
410 3477 566 3544 alienarent,
587 3487 736 3550 posteaque
753 3500 816 3535 oum
834 3484 888 3536 alio
906 3484 1059 3551 potentiore
1077 3483 1129 3536 sibi
1147 3487 1219 3536 esset
1244 3480 1388 3548 negotium:
1401 3467 1464 3525 merita
1490 3471 1491 3496 ³

260 3563 470 3629 interrogabant,
484 3583 518 3618 an
535 3585 597 3618 rene
614 3567 648 3619 eit
665 3579 765 3631 auctor,
782 3569 811 3621 id
831 3576 880 3633 est,
898 3585 933 3623 an
947 3570 1006 3636 jam
1019 3569 1166 3636 possideat,
1185 3574 1212 3620 et
1229 3567 1257 3619 in
1273 3572 1404 3634 posterum,
1416 3551 1465 3608 tiit

262 3649 411 3721 secundnm
430 3656 548 3704 actorem
566 3653 685 3718 daretur,
705 3671 761 3706 rem
773 3662 910 3721 praestare
921 3656 1005 3710 veliti
1027 3657 1061 3708 Id
1079 3670 1189 3724 qnoque
1207 3654 1316 3706 disertis
1327 3647 1465 3702 ratisten-
1490 3655 1491 3712 l

261 3739 306 3786 tur
324 3735 411 3801 Gajus
428 3737 461 3788 L.
472 3742 515 3790 36.
532 3756 575 3806 pr.
593 3740 629 3792 D.
647 3741 703 3792 eod.
736 3741 859 3808 Negante
877 3743 933 3806 illo,
952 3741 1116 3810 sequebatur
1139 3740 1267 3806 sponsio:
1291 3740 1408 3791 sionem
1419 3729 1466 3779 eno,

260 3819 288 3873 id
309 3826 358 3884 est,
378 3821 402 3872 si
420 3822 581 3886 possideret,
599 3831 626 3876 et
643 3826 706 3878 hinc
724 3844 780 3878 rem
794 3833 932 3893 praestare
943 3809 1087 3879 teneretur.
1108 3826 1183 3890 Quid
1195 3841 1298 3894 quaeso
1312 3838 1375 3891 opus
1386 3813 1467 3870 erata

261 3905 474 3972 interrogatione
491 3907 519 3959 in
537 3909 689 3964 actionibus
707 3913 736 3964 in
754 3915 917 3978 personam?
935 3913 971 3964 Et
989 3911 1057 3980 quid
1068 3913 1115 3965 illa
1126 3929 1189 3964 cum
1204 3909 1290 3978 pldbis
1302 3908 1467 3978 peritonae-

262 4007 345 4043 mune
362 3990 496 4043 babebat?
520 3993 599 4047 Heio.
1126 4013 1130 4020 ’

332 4076 356 4143 i)
377 4077 474 4128 Festus
492 4079 542 4129 sub
560 4095 626 4131 voce
653 4080 852 4136 Sacramentum
870 4101 901 4152 p.
919 4087 979 4136 469.
999 4085 1199 4138 Sacramentum
1226 4099 1271 4134 aee
1289 4077 1411 4148 donnicato
1425 4061 1469 4137 tm

258 4177 362 4230 poenae
380 4163 483 4214 nomine
497 4165 632 4230 penditur,
650 4167 702 4218 aiae
715 4187 744 4221 eo
757 4169 803 4237 qai
816 4171 1005 4236 interrogentur,
1024 4171 1075 4222 aiae
1088 4169 1262 4222 contenditur.
1280 4167 1316 4218 Id
1325 4167 1351 4217 in
1361 4149 1468 4214 aldani*

263 4247 450 4316 quinquaqinta
468 4249 564 4310 mium
582 4259 627 4311 θεῖ,
646 4253 673 4304 in
692 4255 750 4306 aliia
766 4253 845 4306 rebar
859 4257 1059 4325 qainyenmrnm
1077 4255 1147 4306 inter
1164 4271 1215 4314 eae,
1233 4253 1279 4321 qni
1286 4250 1382 4322 jndicio
1395 4246 1468 4295 interr

263 4334 455 4385 contenderent.
470 4333 510 4386 Cf.
528 4335 616 4388 Varro
639 4339 670 4407 de
690 4340 779 4406 linquo
795 4342 854 4392 Lat.
870 4341 920 4392 IV.
940 4339 1051 4410 [*p.49.
1063 4337 1235 4407 edBr'pont]
1257 4337 1335 4390 Heia.
1357 4325 1469 4395 Quaerat

264 4415 364 4480 Gajurn
376 4423 510 4484 repertam
526 4421 589 4487 (IV.
604 4423 625 4488 t.
641 4426 763 4491 13-17.)
778 4424 812 4476 de
826 4429 993 4478 sacramento
1005 4430 1032 4476 et
1044 4425 1205 4478 sacramenti
1221 4422 1327 4474 actione
1338 4417 1395 4472 sciri
1405 4415 1469 4496 poll?

263 4505 334 4562 lunt,
353 4504 457 4570 egregie
475 4509 630 4574 explanavit
648 4510 692 4562 Jo.
704 4509 778 4563 Frid.
797 4511 931 4564 Schreiter
944 4510 1050 4563 Diral.
1065 4511 1106 4564 ΙΙ.
1126 4511 1354 4564 Sacramentomr
1368 4503 1392 4554 in
1406 4503 1469 4548 nrm

264 4581 367 4637 Romae
375 4589 486 4655 judiciis
493 4593 656 4648 sollemnium
666 4595 848 4666 Aretiqar'tatcs,
858 4596 933 4662 Lips.
947 4599 1051 4652 1740.4.
1067 4596 1156 4650 Hanln
1170 4595 1210 4650 Cl.
1217 4610 1300 4664 supra
1306 4593 1326 4659 t.
1335 4593 1373 4644 23.
1383 4579 1449 4637 Mili·
