3080 5154
212 385 281 450 140
684 377 760 444 Lus.
786 377 812 444 l.
839 375 921 461 Ter.
948 376 990 442 X.

210 563 245 618 et
260 554 310 638 ll.
327 555 359 616 0.
373 554 439 617 aod.
459 552 555 617 Conf.
569 554 597 634 §.
610 551 641 614 2.
656 554 734 614 Inst.
749 553 789 614 de
805 551 924 614 Herod.
937 571 1018 633 quaa
1031 553 1070 614 ab
1088 557 1194 614 s'ntest.
1207 551 1329 612 Nooall.
1347 547 1416 610 XII.
1426 550 1451 610 4.

95 736 105 754 .
209 659 336 723 XVIII.
350 658 401 721 ll.
414 661 568 722 LXXIV.
591 658 845 736 Quamvis'vero
865 655 915 718 his
931 656 1002 719 lere
1026 659 1179 722 omnibus
1201 657 1285 720 locis
1307 655 1451 720 Justinia-

209 789 269 832 nus
285 768 399 852 exigat
414 767 630 829 instrumenta
646 764 772 827 dotalia
787 764 842 829 vel
857 764 1037 848 nuptialia:
1062 787 1104 829 ea
1116 775 1232 829 tamen
1248 785 1315 827 non
1331 762 1371 826 ad
1386 763 1452 824 sub-

208 876 360 939 stantiam
380 873 475 960 hujus
497 873 748 958 legitimationis
770 874 958 956 pertinere,
982 873 1040 936 sed
1055 894 1116 956 pro
1141 893 1258 937 eorum
1272 881 1450 954 temporum

209 983 401 1046 conditione
423 990 549 1045 tantum
572 982 700 1066 signum
724 979 824 1042 fuisse
848 978 990 1065 legitimi
1011 979 1188 1063 connubii,
1204 980 1277 1064 jam
1299 977 1364 1042 alio
1384 977 1449 1040 loco

209 1090 425 1170 ostendimus,
449 1096 483 1152 et
505 1089 633 1172 pridem
660 1087 896 1150 demonstravit
917 1087 1028 1172 Cujac.
1050 1089 1177 1149 Obsero.
1194 1087 1291 1148 XIII.
1307 1107 1333 1147 e.
1346 1085 1375 1145 4.
1392 1083 1450 1162 (cf.

91 1178 98 1183 ’
208 1198 375 1260 zammer„
390 1197 429 1256 s.
444 1199 482 1258 a.
497 1196 527 1276 §-
541 1196 613 1258 219.
629 1217 661 1279 p.
675 1193 746 1258 sos.
763 1202 832 1257 not.
848 1193 919 1274 12).

782 1348 810 1428 a.
832 1345 883 1408 aa

354 1464 459 1529 Leonis,
474 1463 610 1516 Anthemii
626 1472 653 1515 et
668 1461 813 1514 Justr'ninni
829 1461 1030 1514 Constitutiones
1048 1461 1080 1512 ds
1097 1460 1176 1512 modo
1194 1460 1318 1512 secando.

195 1625 197 1629 ,
290 1563 421 1626 Eodem
443 1563 542 1627 modo
567 1571 601 1625 et
624 1563 763 1626 alterum
785 1561 995 1646 legitimandi
1020 1561 1152 1624 modum
1176 1582 1239 1645 per
1262 1559 1446 1624 oblationem

209 1671 320 1734 curiae
337 1671 435 1734 variis
457 1670 746 1734 constitutionibus
768 1670 972 1733 illustrarunt
986 1669 1230 1753 Imperatores,
1247 1690 1275 1731 e.
1292 1691 1322 1753 g.
1337 1669 1403 1730 Leo
1421 1675 1447 1727 et

207 1777 421 1841 Anthemius:
438 1779 480 1839 L.
496 1778 526 1839 4.
544 1778 576 1839 0.
598 1779 638 1839 da
656 1778 775 1840 Natar.
791 1780 840 1841 lib.
856 1786 890 1841 et
905 1777 1125 1841 Justinianus:
1149 1777 1188 1840 L.
1204 1775 1235 1838 9.
1254 1776 1286 1837 O.
1303 1777 1366 1838 eod.
1380 1776 1446 1835 Nan

209 1885 399 1947 LXXXIX.
414 1907 439 1947 o.
454 1883 504 1946 ll.
521 1906 584 1967 sqq.
599 1885 644 1966 k).
1043 1893 1046 1898 ’

809 2083 816 2098 .
836 2037 887 2102 27.

401 2153 567 2222 Lepiuirratr'o
584 2152 643 2207 III.
656 2171 711 2222 per
728 2039 927 2222 astrictionem
945 2157 1051 2206 inventa
1069 2151 1102 2204 ab
1119 2152 1274 2204 Anastasio.

291 2253 447 2318 Adcessit
462 2254 577 2317 tertius
592 2254 707 2317 modus
728 2253 939 2338 legitimandi
951 2254 1014 2318 ΙΙΙ.
1030 2271 1095 2316 Pan
1115 2268 1392 2330 annosarrounu,
1413 2247 1446 2309 ab

208 2362 385 2426 Anastasio
407 2363 574 2425 inventus:
597 2362 635 2424 L.
657 2363 687 2424 6.
708 2362 740 2423 0.
760 2364 798 2424 da
812 2365 889 2425 Nat.
912 2365 960 2425 tis.
989 2363 1034 2442 ¹).
1057 2360 1164 2438 Quum
1193 2361 1280 2424 enim
1298 2355 1445 2422 naturales

207 2469 307 2532 liberi
330 2491 396 2532 non
419 2475 529 2532 essent
552 2468 587 2530 in
609 2468 717 2550 patria
740 2476 926 2552 potestate,
942 2468 1000 2532 sed
1022 2469 1191 2553 suijuris:
1215 2473 1368 2553 poterant
1381 2483 1446 2547 pro-

209 2578 299 2641 fecto
320 2601 340 2640 a
361 2583 500 2660 parente
523 2567 666 2637 naturali
687 2574 854 2659 adrogari:
876 2578 913 2638 L.
935 2580 992 2639 alt.
1011 2577 1050 2640 D.
1065 2579 1104 2638 da
1119 2579 1238 2660 Adopt.
1259 2577 1359 2638 Facta
1377 2589 1444 2634 vero
1505 2617 1506 2620 ,

210 2706 251 2748 ea
275 2684 495 2767 adrogatione
518 2682 661 2766 legitimi
685 2683 915 2747 censebantur.
945 2683 1013 2750 Sed
1042 2689 1116 2748 eum'
1143 2685 1278 2748 modum
1302 2703 1366 2746 non
1386 2678 1444 2740 sine

209 2793 340 2856 ratione
361 2791 492 2855 sustulit
514 2792 677 2855 Justinus:
701 2793 738 2853 L.
754 2792 784 2854 7.
803 2793 835 2853 0.
848 2795 888 2854 de
901 2792 979 2855 Nat.
999 2795 1048 2856 lib.
1071 2791 1279 2876 adprobante
1301 2790 1335 2853 id
1355 2784 1443 2853 Justi-

208 2900 326 2962 niano:
341 2898 421 2960 Noa.
437 2899 625 2961 LXXXIX
639 2898 669 2960 7.
684 2901 764 2962 Νου.
778 2899 897 2962 LXXI
897 2901 931 2962 V.
946 2899 977 2963 3.

781 3052 810 3132 §-
831 3050 883 3114 as.

270 3169 436 3237 Lepitr'mmio
454 3168 506 3222 IV.
521 3185 573 3238 per
589 3167 902 3237 ramittam-Princeps
919 3177 946 3220 et
969 3168 996 3222 V.
1011 3187 1064 3236 per
1081 3178 1264 3223 testamentum
1280 3163 1381 3220 macuta
1479 3171 1482 3176 '

736 3270 752 3305 a
769 3251 930 3305 Jants'as'ano.

212 3311 215 3316 Ι
291 3347 448 3430 Denique
462 3346 667 3410 Justinianus
683 3343 806 3429 adjecit
819 3345 880 3409 IV.
896 3349 1146 3427 leginirrats‘onsm
1162 3363 1227 3408 run
1242 3347 1441 3408 nascnrrruu

208 3469 388 3518 Pffluclrrs:
410 3455 489 3516 Noa.
505 3453 692 3514 LXXXIX.
707 3452 738 3513 9.
755 3453 906 3531 LXXIV.
920 3453 950 3515 2.
973 3460 1193 3537 acpostremo
1209 3451 1443 3536 lagitrbsationem

277 3707 311 3775 k)
331 3708 374 3760 De
386 3705 579 3773 legitimatione
592 3713 647 3760 tam
661 3724 709 3773 per
723 3710 893 3777 subsequens
906 3705 1124 3773 matrimonium,
1140 3705 1283 3776 quam‘per
1294 3697 1442 3756 oblationem

207 3791 311 3845 curiae:
339 3792 475 3845 Gebaucri
493 3791 590 3843 Exere.
608 3792 659 3844 IV.
678 3794 715 3844 ad
736 3792 802 3845 Ord.
819 3794 907 3847 Instit.
924 3810 951 3859 p.
969 3798 1021 3847 263
1035 3821 1069 3848 -,-
1081 3796 1141 3846 303.
1159 3798 1187 3845 et
1205 3794 1239 3858 da
1256 3793 1307 3843 hac
1323 3788 1393 3840 sola:
1405 3779 1442 3830 5⁰·

210 3877 390 3930 Wunderlich
409 3875 470 3928 Lib.
488 3874 558 3942 sing.
577 3876 638 3929 Jen.
658 3882 733 3931 1759.
751 3884 776 3932 4.
800 3878 888 3932 Hand.

277 3963 301 4029 l)
319 3963 382 4015 Non
394 3961 440 4015 illc
452 3962 486 4013 ab
501 3961 645 4014 Anastasio
657 3963 792 4029 inventus,
806 3965 855 4016 scd
867 3962 1028 4017 Anastasius
1037 3963 1085 4031 jus
1096 3967 1174 4015 vetus
1184 3961 1377 4015 Pandeotaram
1387 3961 1442 4000 0⁰11·

161 4068 164 4072 ·
208 4047 342 4099 firmavit:
369 4048 505 4099 naturales
530 4047 596 4101 olim
623 4048 735 4101 nonnisi
757 4037 934 4115 adrogatione
956 4049 1061 4115 patriae
1084 4045 1212 4115 potestati
1231 4039 1442 4110 subjiciebantur,

207 4131 378 4184 Justinianns
396 4130 468 4184 etin
494 4134 560 4186 Noa.
576 4134 690 4185 LXXI
693 4134 720 4185 V.
738 4153 760 4186 c.
777 4139 803 4186 3.
823 4140 850 4186 et
870 4136 935 4187 Noa.
953 4133 1080 4186 LXXX
1085 4132 1179 4185 VIIII.
1197 4151 1219 4186 c.
1239 4136 1279 4183 ll.
1296 4129 1317 4194 §-
1333 4128 1357 4176 2·
1373 4117 1441 4171 ³⁶¹⁰·

207 4217 344 4283 gationem
356 4216 519 4270 naturalium
532 4233 548 4268 a
560 4216 697 4286 prioribus
709 4218 922 4285 Immratoribus
935 4215 1109 4286 adprobatam
1121 4233 1181 4270 esse
1192 4216 1239 4270 ait.
1259 4213 1339 4266 Cana.
1360 4205 1442 4256 Caele·

207 4318 268 4354 rum
293 4319 377 4370 qaum
401 4303 454 4354 fine
478 4319 510 4354 ac
531 4303 647 4374 consilio
670 4303 818 4368 plurimum
838 4303 907 4356 inter
923 4319 952 4355 sc
970 4302 1108 4354 differrent
1125 4300 1274 4354 liberorum
1294 4284 1440 4347 naturalium

200 4385 350 4451 'adrogatio
369 4393 396 4438 et
413 4385 588 4454 legitimae,
607 4403 749 4452 perperam
773 4388 816 4440 hic
833 4387 1009 4440 confunditur
1027 4392 1142 4454 utraque
1159 4385 1228 4438 ratio
1248 4372 1386 4452 quaerendi
1402 4380 1442 4433 Pl·

208 4470 287 4523 triam
306 4475 474 4535 potestatem.
499 4472 562 4524 Vid.
585 4472 728 4540 (Hdbncr)
751 4473 868 4525 Bericht.
887 4473 944 4523 und
963 4471 1081 4524 Zusiitae
1099 4487 1135 4524 zu
1153 4471 1291 4538 prluers
1309 4453 1441 4515 comment

208 4571 235 4621 p.
253 4559 296 4608 77.
315 4570 376 4622 sqq.
394 4561 422 4608 et
439 4555 576 4608 Zimmern
596 4557 631 4610 R.
653 4557 687 4609 G.
705 4557 729 4622 ξ.
748 4560 808 4610 219.
827 4573 853 4624 p.
871 4561 931 4612 803.
959 4555 1048 4610 Ma'll.
