3080 5154
332 323 403 406 Qun
427 323 482 391 Er
506 322 560 390 Ex
585 323 689 408 Qum.
715 321 837 394 Canes.
862 323 1012 394 Manum.
1230 331 1300 398 loa

60 501 136 564 enim
162 499 298 562 domino
321 499 481 562 obaerato
500 519 629 562 servum
645 517 737 562 suurn
756 521 827 562 cunr
853 499 1012 564 libertate
1029 499 1186 566 heredem
1208 502 1301 566 insti-

59 620 152 688 tuere,
168 627 208 670 ea
227 607 324 693 lege,
347 617 382 672 ut
398 609 430 670 ci
449 607 545 670 beres
565 616 652 671 esset
667 607 756 670 solua
772 615 808 670 et
821 609 1034 674 necessarius.
1055 611 1107 674 Eo
1124 609 1198 694 ipso
1213 611 1300 673 enim

60 715 130 779 nihil
145 716 321 780 admodum
337 716 534 780 amittebant
550 715 742 778 creditores.
759 716 826 780 Sed
839 717 990 781 dominus
1005 725 1131 782 tantum
1145 719 1179 782 id
1194 718 1302 784 lucra·

61 826 153 904 batur,
167 832 204 887 ut
217 846 262 886 ne
280 827 368 888 bona
390 846 448 887 suo
466 824 601 886 nomine
620 824 869 908 possiderentur
885 847 904 889 a
920 826 1160 908 creditoribuS,
1177 827 1302 911 quippe

64 933 137 1016 quod
152 933 321 996 veteribus
338 932 591 1016 ignominiosum
608 931 801 996 videbator:
814 931 882 996 Cic.
888 954 951 1016 pro
964 937 1000 998 P.
1011 937 1135 1013 Quinct.
1148 935 1199 999 15.
1212 933 1301 998 Con-

65 1040 103 1102 fer
115 1039 197 1103 infra
213 1041 282 1102 Lib.
297 1042 341 1101 II.
361 1041 418 1103 tit.
435 1040 486 1103 18.
502 1040 553 1102 19.
570 1062 602 1103 n.
617 1038 668 1102 11.

623 1207 652 1286 g.
674 1204 724 1266 12.

277 1306 333 1357 Lea·
347 1304 426 1357 Aelio
446 1305 537 1358 Sentio
556 1305 645 1357 ordini
660 1311 686 1356 et
703 1305 849 1372 intem-itari
864 1322 928 1357 auae
945 1306 1076 1359 restituta.

132 1397 371 1484 scripseramus
393 1398 476 1460 haec
500 1395 589 1460 olim.
618 1397 666 1460 At
690 1405 807 1480 postea
832 1398 958 1483 majora
975 1397 1070 1480 'ausi,
1092 1397 1194 1482 ipsius
1217 1397 1304 1484 legis

66 1507 236 1590 fragmenta
250 1527 319 1571 non
337 1505 437 1570 modo
454 1505 636 1590 diligenter
653 1505 926 1590 conquisivimu8‚
943 1507 1171 1572 verumetiam
1189 1528 1229 1570 ea
1244 1528 1303 1570 suo

67 1616 156 1678 ordini
171 1635 319 1700 suaeque
336 1614 523 1700 integritati
538 1616 714 1686 restituere
732 1614 843 1680 conati
859 1636 983 1697 eumue,
1001 1615 1102 1680 ductu
1123 1615 1302 1700 praecipue

66 1741 198 1804 uurrnnr,
217 1733 252 1785 et
269 1739 358 1786 suun
378 1739 489 1804 enum,
509 1744 647 1806 quorum
667 1723 728 1786 ille
748 1731 899 1807 quatuor,
916 1717 973 1786 hic
987 1723 1092 1788 tribus
1106 1723 1200 1788 libris
1219 1722 1306 1788 hanc

66 1831 156 1915 legero
174 1830 424 1895 celeberrimam
441 1829 627 1894 illustravit.
643 1831 750 1917 Hujus
763 1832 959 1917 diligentiae
972 1839 1152 1900 nostraeut
1163 1830 1302 1894 fructum

68 1940 158 2024 capiat
174 1938 298 2020 lector,
315 1946 418 2001 totam
433 1936 543 2023 legem
559 1959 625 2002 una
641 1940 978 2025 comprobationibus
993 1937 1047 2004 bic
1064 1935 1272 2004 exhibemuae

135 2048 213 2111 Sex.
229 2063 363 2112 muros.
379 2081 423 2094 ·-
436 2081 475 2094 --
488 2083 527 2094 -
544 2061 663 2111 onnus.
678 2067 722 2111 nr
741 2067 770 2110 o.
786 2064 940 2112 scurrus.
955 2065 984 2110 o.
1000 2066 1028 2112 r.
1045 2065 1074 2112 c.
1088 2066 1122 2112 u.
1136 2063 1304 2112 susumu-

67 2171 130 2220 nus.
148 2155 223 2218 coS.
242 2171 414 2219 porosum.
432 2171 526 2218 tona.
545 2171 740 2219 nocerentur.
759 2171 988 2232 Poeonosoun.
1006 2171 1100 2219 runa.
1117 2171 1235 2220 scitor.
1257 2171 1303 2218 nu.

67 2281 147 2326 nono.
162 2281 235 2328 eno.
258 2279 402 2328 Rosrnrs
404 2308 563 2326 ......
586 2280 708 2328 Tereus
709 2310 871 2328 ......
892 2279 1099 2328 peremerunt.
1120 2279 1209 2326 nom.
1229 2280 1303 2327 eno.

66 2387 151 2436 ranno
154 2415 315 2436 ......
338 2387 473 2438 PRIMUS.
495 2388 604 2436 servu·

591 2525 672 2578 CAP.
691 2525 713 2578 1.
728 2537 743 2568 a

196 2626 263 2690 DE
279 2624 351 2706 lIS,
368 2625 452 2702 QUI
467 2625 730 2690 MANUMISSI
743 2525 983 2690 llEDITITII
997 2625 1155 2690 FlUNT.

139 2743 197 2819 Qui
207 2761 329 2826 semus,
345 2759 462 2822 quaeve
476 2743 593 2802 coctile
598 2740 743 2822 ‚poenae
760 2743 920 2822 conssul)
941 2744 1097 2805 adornabo
1111 2746 1140 2824 ο)
1160 2755 1305 2805 umcros

63 2865 212 2912 t'rrtcrnvu
235 2849 266 2930 (ἲ)
293 2858 350 2911 cot
377 2851 409 2910 in
441 2849 614 2926 custodiam
646 2851 758 2924 dotus,
790 2851 909 2911 dolove
923 2853 953 2930 ο)
964 2895 974 2924 ,
998 2851 1146 2932 qutidrteoe
1173 2853 1304 2932 vestigio

62 3095 104 3145 pro
119 3083 174 3148 lege
194 3079 286 3134 Sena·
304 3078 448 3145 legendum
469 3076 573 3138 cuasa
588 3079 646 3146 jam
664 3081 772 3134 monuit
788 3077 983 3133 Gotbolredus.
1001 3079 1080 3130 Heia
1108 3080 1151 3132 Ite
1165 3079 1224 3146 jam
1242 3084 1305 3132 ante

62 3163 118 3218 uidit
131 3165 275 3233 trajectus,
293 3165 445 3232 probatque
463 3163 640 3216 Brammerus
659 3166 695 3217 ad
711 3167 743 3219 L.
766 3166 883 3219 oseam
900 3181 923 3218 c.
943 3168 983 3216 lo.
999 3179 1026 3230 p.
1041 3168 1101 3216 255.
1123 3163 1207 3216 Cana.

118 3254 147 3319 a)
167 3252 259 3316 Caput
275 3252 329 3302 hoc
346 3249 464 3316 primum
481 3249 534 3301 tuit
550 3253 645 3317 procul
664 3249 766 3314 dubio,
783 3251 882 3317 partim
901 3249 966 3319 quia
983 3247 1177 3315 praecipuum,
1196 3247 1306 3312 partlm,

62 3337 123 3402 quod
139 3337 280 3390 Uerrunos
306 3335 429 3388 La'lroI.
450 3334 593 3388 Commeat.
619 3336 655 3387 ed
671 3337 704 3388 L.
727 3336 787 3389 Διί.
813 3337 885 3390 sent.
907 3337 941 3388 de
962 3349 995 3388 eo
1017 3332 1072 3401 egit
1089 3335 1122 3386 L.
1140 3335 1200 3386 216.
1218 3331 1254 3385 D.
1273 3333 1306 3385 de

67 3420 90 3473 V.
105 3421 129 3474 S.
146 3423 227 3474 Heio.
371 3424 376 3436 '

119 3508 147 3574 b)
166 3507 233 3560 Non
252 3519 317 3572 ergo
330 3505 366 3557 ab
384 3503 465 3556 aliam
491 3519 616 3558 caussam
634 3504 741 3558 uinctos
759 3505 896 3572 vincture,
915 3505 998 3559 veluti
1016 3503 1052 3558 ob
1076 3506 1207 3558 turonem:
1226 3503 1305 3558 Paul.

62 3589 167 3660 Receptt.
189 3593 307 3645 Sonant
324 3589 376 3642 IV.
397 3595 437 3642 12.
455 3595 479 3644 7.
499 3591 579 3644 Hae.

117 3679 144 3744 c)
165 3677 218 3731 Vel
236 3675 296 3742 ejus
311 3675 393 3742 jussu
412 3691 428 3726 a
445 3677 644 3728 Procuratore:
667 3675 738 3728 Paul
754 3673 818 3729 ibid.
835 3677 856 3743 ξ.
873 3679 899 3730 8.
924 3691 979 3728 non
1005 3675 1030 3728 si
1054 3679 1175 3729 soluturm
1196 3691 1306 3728 servum

63 3759 174 3814 dominus
192 3761 338 3827 adprobet,
358 3765 504 3829 antequam
522 3761 643 3814 vinctum
668 3761 765 3814 sciret:
784 3763 863 3814 Paul.
881 3760 943 3815 ibid.
960 3777 1010 3814 nec
1028 3761 1052 3814 ai
1070 3760 1208 3814 communi
1226 3773 1305 3812 servo

62 3860 132 3911 unus,
150 3849 237 3898 altero
259 3861 316 3898 non
333 3845 511 3912 adprobante,
530 3845 666 3910 irajeolaset
682 3847 807 3900 vincula:
830 3847 907 3900 Idem
924 3846 985 3900 itta.
1001 3847 1022 3914 ξ.
1041 3852 1068 3900 ὁ.
1086 3863 1137 3900 nec
1154 3842 1179 3897 ai
1196 3855 1306 3896 aereum

60 3930 258 3996 oppignoratam
280 3929 400 3982 vinxerit
415 3931 547 3985 creditor:
565 3932 608 3984 Id.
626 3932 648 3998 ξ.
666 3936 692 3984 6.
704 3933 737 3984 L.
753 3937 795 3985 24.
813 3934 835 3999 ξ.
850 3929 898 3986 alt.
917 3933 953 3984 D.
971 3931 1003 3984 de
1021 3931 1134 4000 Pipaor.
1149 3939 1199 3982 art.
1211 3945 1261 3981 neo
1281 3930 1305 3982 sl

61 4027 137 4078 servo,
149 4029 231 4082 quem
248 4015 439 4082 manumittere
453 4016 550 4083 Jnssur
568 4021 633 4081 erat,
644 4017 754 4070 vincula
765 4016 894 4084 injecerat
905 4019 1000 4070 heres:
1018 4018 1096 4070 Paul.
1107 4015 1140 4068 td.
1153 4016 1174 4082 t.
1186 4019 1212 4067 4.
1225 4014 1306 4068 Hos.

119 4101 150 4168 d)
169 4100 336 4168 Legitimum
353 4102 406 4154 boc
425 4102 510 4154 luisse
526 4105 690 4157 vocabulum
707 4102 838 4155 discimus
856 4119 892 4155 ex
910 4117 1015 4156 osenna.
1033 4101 1091 4154 Lib.
1109 4101 1179 4153 I.L.
1193 4103 1254 4151 216.
1274 4099 1306 4153 de

66 4182 87 4236 V.
105 4185 133 4237 S.
149 4183 197 4238 nbi
214 4186 244 4239 id
261 4201 317 4240 non
334 4186 540 4254 intelligendum
558 4203 618 4242 esee
636 4193 729 4242 mouet
747 4188 781 4239 de
798 4203 848 4251 eo,
867 4189 916 4256 qui
932 4186 1033 4239 carceri
1051 4185 1238 4250 mancipatus,
1256 4188 1305 4239 aed

60 4269 99 4333 qai
116 4269 153 4321 ibi
169 4271 288 4342 meotis
306 4273 469 4325 constrictus
493 4273 557 4338 fuit,
578 4274 703 4342 quamvis
721 4274 802 4339 alias,
821 4273 869 4326 ubi
893 4275 927 4324 de
945 4274 1037 4326 lavore
1054 4269 1140 4321 vincti
1158 4269 1305 4336 quaeritur,

61 4353 129 4405 etin
153 4370 288 4408 carcerem
310 4358 450 4425 conjectus
476 4374 527 4425 pro
550 4359 641 4412 vincto
665 4359 811 4413 habeatur:
839 4361 871 4412 L.
888 4364 914 4411 9.
934 4358 969 4410 D.
988 4355 1030 4408 Ex
1054 4354 1123 4424 quib.
1141 4366 1225 4410 caasa.
1243 4357 1306 4425 maj.

63 4435 150 4493 XXV.
164 4459 225 4494 ono.
243 4443 273 4493 in
290 4443 338 4494 iat.
355 4451 421 4496 rect.
436 4439 516 4496 Helm

120 4525 148 4594 a)
163 4527 204 4580 Ita
221 4528 358 4594 Ulpianus
377 4530 486 4598 Fraqm.
514 4530 551 4582 tit
570 4527 594 4582 1.
615 4536 655 4583 ll.
673 4529 728 4583 Sed
755 4545 845 4582 antron
870 4527 923 4582 sibi
949 4527 1009 4595 ipse
1035 4526 1202 4593 contrarius,
1221 4539 1307 4594 quom
