3040 5164
228 458 298 522 374
688 448 764 514 Lm.
789 447 834 514 11.
860 447 940 514 Trr.
967 445 1027 512 ΙΙΙ.

230 627 331 712 Cujus
352 628 401 692 rei
427 627 590 691 rationem
612 624 724 688 reddit
746 624 858 709 Cujac.
882 625 1058 685 Otreroott.
1081 621 1191 683 XXII.
1213 618 1266 682 35.
1288 617 1373 702 quod
1399 617 1463 680 viae

231 737 297 799 iter
317 747 351 799 et
368 745 459 800 actus
475 737 643 817 propalam
661 734 764 813 inest,
781 733 869 797 actui
892 741 1000 793 autem
1023 731 1089 793 iter
1109 739 1236 793 tautum
1260 732 1352 790 tuelle
1366 734 1396 788 et
1415 747 1465 808 per

231 843 511 928 consequentiam.
532 843 631 906 Unde
651 861 718 904 non
730 842 863 922 mirum,
879 859 980 923 saepe
996 839 1059 902 sibi
1082 837 1233 900 homines
1248 843 1352 898 actum
1368 841 1398 896 et
1413 835 1465 895 iter

231 951 327 1014 simul
341 951 525 1035 stipulatas.
547 951 599 1012 Ex
616 950 734 1013 eodem
751 971 831 1012 vero
853 947 966 1031 lapide
985 948 1084 1010 etiam
1099 955 1210 1030 patet,
1230 943 1399 1006 servitutes
1417 942 1464 1004 has

198 1100 203 1108 ,
231 1081 299 1122 non
313 1060 496 1140 homiuum,
519 1060 578 1122 sed
600 1059 809 1142 praediorum
826 1077 915 1135 esse,
932 1055 1020 1139 quod
1045 1063 1080 1117 et
1095 1055 1151 1138 jus
1166 1058 1311 1116 nostrum
1328 1051 1463 1113 inculcat:

232 1169 271 1230 L.
288 1168 340 1228 20.
358 1169 386 1248 §.
407 1169 462 1228 ult.
484 1169 525 1227 I).
549 1168 588 1228 de
604 1167 692 1228 Sero.
711 1167 821 1247 proed.
842 1173 924 1264 rust.
941 1168 976 1224 t.
997 1162 1049 1225 86.
1070 1166 1111 1224 I).
1133 1163 1172 1223 de
1194 1162 1284 1222 Vert.
1298 1159 1402 1242 signif.
1420 1157 1463 1218 ubi

233 1273 309 1338 addi
326 1284 471 1338 meretur
485 1274 563 1336 Ger.
580 1274 695 1336 Noodt
712 1273 845 1334 Probat.
860 1274 885 1332 Ι.
899 1271 930 1333 2.
941 1293 975 1354 p.
990 1273 1020 1332 4.
1035 1293 1080 1354 sq.

834 1518 841 1531 .
861 1471 913 1532 Il.

695 1587 757 1639 Viae
775 1597 801 1638 et
812 1473 892 1638 {etus
910 1585 1028 1639 latitudo.

319 1706 408 1769 Vrnn
422 1704 564 1767 latitudo
584 1705 616 1767 in
636 1712 825 1787 porrectum
841 1712 918 1767 octo
937 1705 1058 1787 pedum
1081 1697 1164 1785 erat,
1182 1704 1216 1765 iu
1232 1703 1407 1766 anfractum
1422 1721 1462 1762 se·

233 1815 357 1879 decim:
372 1818 407 1873 L.
422 1813 453 1874 8.
469 1813 510 1872 1).
523 1812 660 1874 desero.
672 1813 878 1894 praeornat.
893 1812 1002 1876 Varro
1016 1815 1055 1874 de
1069 1815 1195 1895 Lingua
1207 1812 1280 1872 Lot.
1298 1813 1350 1873 VI.
1357 1811 1384 1872 2.
1391 1833 1417 1892 p.
1423 1809 1463 1870 48.

233 1925 286 1986 Ex
302 1920 420 2004 quibus
444 1919 526 1982 locis
547 1920 718 2000 discimus,
733 1918 819 1981 hunc
835 1920 910 1982 viae
934 1921 1065 1985 modum
1088 1919 1282 2003 exlegibus
1303 1917 1459 1982 Xlltabu-

232 2029 336 2092 larum
353 2049 439 2103 esse,
463 2025 581 2111 quibus
600 2034 731 2089 cautum
748 2027 871 2090 tuerat:
893 2045 951 2090 ns
971 2047 1008 2091 ns
1026 2045 1200 2094 nonuncro
1224 2045 1294 2090 nn.
1316 2045 1341 2088 r.
1355 2043 1386 2088 ns
1409 2041 1460 2086 sn-

233 2152 364 2200 nnscro
391 2153 458 2198 xri.
486 2154 513 2198 r.
543 2151 635 2197 narn
661 2150 766 2198 nsro:
799 2133 952 2198 Gothosr.
979 2139 1023 2198 od
1040 2137 1113 2197 XII
1137 2137 1226 2197 Tell.
1250 2138 1314 2196 tot.
1344 2131 1462 2210 Vlll1).

234 2260 343 2307 AcTUS
358 2242 500 2305 latitudo
517 2252 660 2327 quatuor
674 2245 795 2326 pedum
812 2250 894 2322 erat,
910 2253 995 2306 teste
1012 2246 1130 2307 eodem
1147 2245 1299 2308 Varrone
1313 2244 1463 2322 delinget

233 2353 308 2414 ἰαί.
331 2351 387 2411 IV.
409 2349 439 2411 4.
456 2373 489 2433 p.
508 2349 539 2413 6.
558 2360 592 2414 et
614 2353 715 2414 Festo
744 2350 803 2414 sub
824 2373 907 2414 voce
932 2363 1023 2415 octus
1038 2375 1073 2436 p.
1092 2352 1165 2414 243.
1187 2352 1324 2414 Itineris
1346 2346 1462 2413 latitudo
1509 2427 1510 2432 η

154 2445 182 2537 ,’
233 2480 347 2544 parum
369 2467 538 2543 comperta
560 2469 619 2522 est.
641 2460 794 2523 Potuisse
817 2466 926 2523 tamen
945 2483 1006 2544 pro
1027 2461 1261 2544 paciscentium
1280 2459 1412 2522 arbitrio
1425 2453 1462 2517 rel

233 2565 387 2629 latiorem
407 2566 462 2629 vel
477 2568 698 2650 angustiorem
724 2569 877 2631 constitui
895 2569 980 2632 viam
1003 2568 1059 2632 vel
1080 2579 1205 2650 actum,
1221 2577 1317 2653 patet
1332 2590 1374 2631 ex
1388 2571 1416 2628 I.
1427 2561 1462 2624 21

233 2696 283 2756 pr.
301 2677 342 2736 D.
357 2676 423 2736 eod.
440 2673 592 2758 adeoque
608 2675 696 2739 idem
714 2677 756 2740 de
771 2677 892 2740 itinere
909 2676 974 2739 dici
992 2699 1089 2760 posse
1104 2677 1245 2742 videtur.

836 2925 842 2938 .
864 2878 915 2940 12.
1022 2895 1025 2902 ’

701 2879 832 3048 servitu?
839 2997 1027 3066 aquaeductus.
1508 3007 1509 3072 p

317 3109 576 3186 AQUAnDucrUS
596 3121 668 3177 erat
678 3114 734 3198 jus
762 3135 879 3197 aquam
903 3114 1045 3178 ducendi
1071 3137 1133 3199 per
1155 3114 1290 3178 alterius
1309 3110 1464 3196 praediun,

236 3217 326 3302 quod
342 3218 397 3281 vel
415 3217 494 3281 rivis
508 3240 570 3302 per
584 3222 717 3285 canales
740 3222 916 3302 structiles,
932 3222 986 3286 vel
1002 3223 1117 3286 fistulis
1132 3221 1308 3306 plumbeis,
1324 3220 1379 3283 vel
1392 3219 1465 3281 tubu-

235 3325 277 3387 lis
293 3324 448 3388 fictilibus
465 3328 583 3404 fiebat,
599 3337 684 3391 teste
700 3329 831 3393 Vitruv.
847 3333 1018 3394 Aroltteot.
1040 3332 1126 3392 VIII.
1144 3332 1174 3393 7.
1190 3330 1311 3416 quibus
1335 3338 1425 3392 tamen
1438 3328 1464 3382 et
1507 3335 1508 3384 ἒ

237 3433 368 3496 canales
389 3435 519 3519 ligneos
541 3437 634 3499 addit
655 3436 827 3500 Palladius
850 3439 907 3499 IX.
920 3438 970 3499 11.
994 3440 1099 3502 Erant
1119 3439 1174 3503 isti
1192 3439 1412 3522 aquaeductus
1426 3428 1465 3494 vel

238 3542 443 3605 runnrcluel
464 3558 608 3607 Parvum.
631 3545 670 3608 In
686 3544 753 3606 illis
773 3546 979 3609 exstruendis
1002 3553 1066 3608 tam
1087 3546 1253 3630 splendidi
1272 3556 1404 3631 tamque
1418 3561 1467 3604 na·

239 3648 351 3732 gnifici
370 3660 464 3741 erant
481 3651 643 3732 Romani,
659 3661 695 3716 ut
713 3676 837 3738 pauca,
858 3674 943 3737 quae
962 3652 1039 3715 hinc
1061 3654 1140 3717 inde
1160 3663 1352 3738 supersunt,
1373 3652 1467 3716 rudera

238 3759 379 3840 posteris
399 3759 463 3822 sint
483 3761 703 3823 admirationi.
726 3761 889 3826 Solebant
905 3763 992 3824 enim
1009 3770 1179 3824 exstruere
1197 3762 1353 3842 fornices,
1370 3771 1402 3825 et
1417 3755 1468 3822 vel·
1506 3843 1507 3852 ἵ

238 3865 288 3927 uti
304 3873 441 3949 pontes,
466 3888 527 3950 per
548 3889 630 3952 quos
653 3891 738 3955 aqua
753 3877 917 3955 tamquam
936 3870 1059 3933 flumen
1081 3869 1217 3955 aliquod
1243 3871 1279 3932 in
1300 3869 1411 3933 urbem
1427 3865 1467 3927 du-

240 3981 387 4055 ceretur,
409 3982 445 4037 ut
470 3974 569 4039 docet
595 3999 681 4062 aqua
707 3979 853 4062 Trajana
879 3976 1013 4062 depicta
1037 3979 1071 4042 in
1099 3998 1197 4040 numo
1221 3976 1310 4060 apud
1333 3975 1469 4040 Vaillsnt·

239 4081 338 4144 Num.
359 4085 437 4165 Imp.
453 4105 487 4164 p.
506 4084 557 4146 47.
579 4086 633 4148 De
661 4087 823 4172 ejusmodi
844 4087 1103 4170 aquaeductibus
1127 4084 1259 4150 Claudii
1277 4083 1400 4149 Rutilii
1420 4079 1468 4142 Nu·

241 4189 377 4252 matiani
393 4192 595 4256 Itr'oerarium
609 4197 635 4258 Ι.
650 4217 679 4256 o.
694 4194 745 4256 97.
760 4215 824 4278 sqq.
1505 4247 1506 4278 ,

311 4455 336 4520 l)
356 4455 501 4508 Caeterum
518 4456 685 4522 disputatur:
704 4472 796 4510 annon
813 4458 849 4510 ad
867 4457 991 4525 publicas
1005 4457 1066 4510 rias
1082 4458 1133 4510 hoc
1150 4457 1209 4510 ΧΠ
1228 4456 1301 4508 labb.
1318 4455 1468 4520 praeceptat1

241 4539 416 4604 pertinuerit,
437 4544 463 4592 et
481 4546 577 4606 postea
594 4542 702 4594 demum
721 4542 832 4595 adrias
851 4542 979 4608 privatas,
997 4557 1047 4594 sen
1064 4543 1101 4594 ad
1118 4542 1293 4608 praediorum
1310 4541 1380 4608 juro,
1398 4532 1469 4589 uadu-

242 4625 315 4672 ctum
334 4621 385 4674 sitt
402 4623 466 4678 Vid.
483 4625 567 4691 nugo
587 4625 622 4680 R.
644 4625 677 4678 G.
695 4641 722 4691 p.
743 4631 800 4680 teo.
818 4641 860 4694 sq.
880 4627 986 4680 Puohta
1004 4627 1022 4680 l.
1039 4626 1057 4681 l.
1075 4643 1102 4694 p.
1120 4631 1162 4680 8&
1181 4642 1242 4694 sqq.
1263 4625 1348 4679 rutile.

1499 4775 1505 5124 l
