3130 5148
549 343 751 414 Panararro
776 344 899 414 Paron.
1233 367 1351 418 xxvsr
1464 423 1467 440 ¹

97 519 163 602 ipse
179 517 265 600 dixi,
282 526 320 582 nt
333 540 466 604 semper
480 519 521 584 ad
542 519 653 584 fontes
669 539 891 584 recurrerem:
913 541 1021 606 eaque
1036 543 1074 584 re
1090 519 1211 587 factum
1234 531 1295 600 est,
1316 529 1352 586 ut

96 625 180 689 haud
203 645 314 710 pauca
336 628 565 708 observarem,
582 647 668 712 quae
691 626 764 692 aliis
785 629 818 692 in
837 637 978 692 mentem
998 627 1087 694 haud
1112 629 1241 694 venisse
1264 628 1351 692 arbi·

97 744 171 797 tror.
192 732 307 810 Quum
322 734 452 797 veroin
468 734 760 818 praelectionibus,
779 755 914 818 quarum
931 736 1074 818 memini,
1092 735 1243 822 publicis,
1260 734 1352 798 ordi-

96 862 168 904 nem
191 839 444 905 Institutionum
466 850 623 927 sequutus
646 860 766 904 essem:
789 841 882 906 nolui
906 850 1023 924 postes
1045 846 1086 909 ab
1110 843 1229 908 eodem
1258 864 1353 907 rece-

97 948 186 1029 dere,
200 946 261 1010 sed
278 947 430 1010 eumdem
447 949 480 1010 in
495 955 568 1012 toto
588 947 748 1035 opusculo
761 947 955 1012 servandum
972 950 1168 1031 existimavi,
1184 972 1225 1015 ea
1241 959 1351 1014 tamen

96 1054 183 1136 lege,
202 1062 240 1117 ut
261 1055 422 1138 potiores,
438 1076 523 1140 quae
546 1056 580 1118 in
595 1055 775 1119 Pandectis
791 1064 975 1137 occurrunt,
992 1057 1145 1123 materias
1161 1059 1252 1142 justo
1272 1057 1352 1120 loco

98 1160 336 1246 atqueordine
358 1161 553 1243 insererem,
577 1162 762 1247 multaque,
786 1162 921 1248 quaein
945 1164 1091 1249 utrisque
1113 1165 1352 1242 deriderentur,

95 1267 268 1332 hincinde
291 1269 488 1353 supplerem.
510 1269 566 1334 Sic
581 1292 680 1354 quum
702 1269 795 1332 verbi
815 1290 927 1332 caussa
949 1269 1176 1336 distinctiones
1195 1292 1353 1356 persona·
1381 1309 1384 1314 ·

97 1399 164 1440 rum
187 1396 305 1440 omnes
327 1397 436 1462 neque
453 1377 487 1442 in
505 1376 790 1456 institutionibus,
813 1395 922 1460 neque
946 1378 979 1440 in
1001 1377 1121 1448 latiore
1137 1378 1352 1464 Digestorum

98 1505 198 1567 opere
216 1481 409 1566 explicatae
425 1485 505 1548 sint:
525 1483 567 1547 de
583 1483 910 1548 illis'adcuratissime
926 1485 982 1569 egi
1000 1485 1032 1548 in
1049 1483 1247 1569 Adpendice
1259 1483 1353 1546 Libri

98 1592 208 1676 primi,
226 1590 285 1654 ubi
308 1590 401 1654 simul
417 1591 496 1655 dedi
517 1613 671 1676 operam,
687 1599 738 1668 ut,
754 1611 839 1676 quae
862 1614 882 1655 a
902 1608 976 1656 oss.
995 1607 1131 1656 sroonro
1149 1593 1183 1656 in
1205 1591 1299 1655 libris
1315 1591 1354 1652 ds

99 1703 226 1780 antiquo
243 1700 322 1779 jure
339 1701 450 1762 cirrium
464 1700 553 1762 Rom.
571 1699 684 1762 liuline
704 1707 734 1762 ct
750 1703 1000 1779 presenciarum,
1016 1709 1053 1764 ut
1067 1709 1101 1764 et
1118 1717 1235 1764 nzscn.
1250 1715 1355 1764 sran-

100 1824 205 1868 nnnro
223 1805 259 1868 in
279 1805 361 1866 Ordo
377 1806 519 1868 Romano
540 1805 641 1890 paulo
659 1804 821 1890 prolixius
843 1805 1034 1889 traduntur,
1050 1815 1214 1892 tamquam
1235 1806 1268 1870 in
1292 1827 1354 1870 uu·

100 1912 170 1975 cleo
186 1911 393 1975 exhiberem.
414 1912 540 1976 Eadem
560 1933 638 1976 cura
662 1920 697 1976 et
718 1912 912 1976 divisionem
931 1913 1023 1978 illam
1045 1934 1152 1977 rerum
1169 1916 1308 1996 mancipi
1319 1920 1354 1976 et

99 2041 152 2082 aec
166 2023 314 2102 moncbrr',
331 2019 374 2082 de
397 2041 462 2104 qua
477 2019 577 2084 cltum
601 2019 700 2082 estin
715 2020 794 2104 jure
809 2027 922 2084 nostro
944 2019 1129 2101 silentium,
1146 2020 1285 2105 exposui
1301 2021 1354 2082 la·-

100 2129 150 2190 lro
164 2129 209 2190 ΙΙ.
229 2127 288 2190 tn.
303 2126 329 2188 1.
350 2125 459 2190 Multa
481 2147 616 2210 quoque
639 2126 726 2190 dicta
748 2125 962 2191 inveniende
978 2128 1213 2212 jurisdictione
1238 2135 1272 2190 et
1294 2126 1353 2188 im-

100 2235 210 2318 perio,
227 2233 271 2298 de
288 2233 405 2298 ordine
423 2233 646 2317 judiciorum,
663 2233 704 2296 de
728 2233 819 2296 feriis
835 2244 870 2298 et
889 2233 1123 2316 dilationibus,
1143 2233 1186 2296 de
1209 2233 1353 2314 edendo,

99 2340 311 2424 postulando,
329 2340 608 2424 procuratoribus,
628 2340 671 2404 de
685 2342 762 2424 jure
779 2340 917 2424 dotium,
933 2341 1095 2423 divortiis,-
1111 2341 1253 2426 aliisque
1268 2340 1353 2425 juris

99 2448 278 2533 capitibus,
298 2470 385 2533 quae
407 2449 494 2514 sicco
510 2447 597 2531 pede
620 2448 653 2511 in
671 2447 938 2513 institutionibus
960 2448 1203 2532 praetereunda
1225 2447 1354 2531 putavit

99 2573 338 2622 rmnonranus.
360 2556 407 2620 Ut
432 2534 683 2640 paucissimus,
705 2555 752 2620 ite
771 2555 805 2620 in
827 2555 891 2621 hoc
913 2573 1017 2640 opere
1039 2566 1186 2622 versatus
1208 2577 1295 2636 suro,
1318 2563 1355 2620 ut

97 2661 195 2728 liceat
213 2663 295 2726 milri
309 2663 450 2728 fructum
466 2663 663 2728 uberrimum
679 2664 721 2728 ad
738 2665 973 2729 conscientiam
990 2685 1095 2728 meam
1113 2665 1250 2730 referre.
1265 2662 1356 2728 Illud

98 2791 191 2834 unum
214 2771 332 2852 doleo,
357 2773 444 2835 inter
462 2779 697 2836 concatenatos
719 2770 852 2836 labores
872 2793 938 2836 non
957 2771 1089 2836 licuisse
1108 2773 1185 2836 mibi
1202 2791 1273 2836 esse
1289 2779 1353 2834 tam

97 2878 203 2956 felici,
230 2888 267 2942 ut
283 2878 384 2962 paulo
403 2879 570 2947 severiore
592 2878 670 2944 limo
696 2878 815 2946 menda
832 2879 944 2944 omnin
965 2879 1130 2944 tollerem.
1152 2881 1202 2944 Ea
1219 2895 1276 2960 τυ,
1295 2895 1356 2942 ns·

97 3004 184 3050 oron
206 3003 402 3066 nnnsvonn,
428 2987 589 3070 tantisper
607 3008 715 3072 aequo
735 2985 844 3050 animo
867 2983 972 3070 feras,
989 3009 1090 3071 rogo,
1106 2987 1183 3050 dum
1205 2987 1238 3050 in
1262 2985 1355 3050 calce

98 3094 290 3178 posterioris
308 3097 410 3178 partis
431 3093 573 3158 indicem
591 3115 715 3176 eorum,
734 3094 898 3190 inquibus
914 3113 1038 3176 operae
1054 3095 1257 3170 aberrarunt,
1274 3115 1355 3158 con-

98 3203 220 3265 fecero.
242 3201 381 3266 Interim
403 3201 512 3266 fruere
534 3201 928 3282 his,etsr1r1ourrsrns
950 3216 1181 3279 onnmsnrcas,
1202 3221 1289 3283 quae
1313 3201 1356 3264 ad

97 3309 326 3375 illustrandum
345 3310 400 3394 jus
416 3309 648 3374 Germanicum
670 3311 866 3376 hodiernum
885 3309 1030 3388 faciunt,
1046 3313 1080 3370 et
1102 3327 1182 3391 quas
1204 3327 1269 3390 ego
1285 3307 1356 3391 jam

99 3440 117 3482 a
138 3417 288 3500 plurimis
310 3416 405 3480 annis
428 3417 611 3501 perpoliri,
637 3418 754 3482 eadem
785 3417 942 3482 methodo
971 3417 1160 3501 expositas,
1188 3415 1298 3497 brevi,
1330 3415 1357 3478 si

98 3523 172 3588 Deo
191 3526 294 3588 visum
318 3524 436 3604 fuerit,
452 3534 619 3609 exspecto.
643 3544 737 3590 rann.
760 3528 812 3590 Ex
828 3525 1013 3590 Academia
1034 3523 1262 3588 Friderioiana
1280 3524 1358 3608 ipsis

100 3649 172 3696 aar..
195 3647 292 3698 surr.
315 3631 547 3698 ololoooxvrn.
