2890 5162
234 378 307 446 448
525 374 602 442 Lm.
628 373 673 442 ll.
693 372 780 442 ·Trr.
808 373 920 444 xvlr.
947 371 1076 444 XVlll.
1101 373 1193 444 XIX.

234 552 308 616 aliis
329 551 462 632 ritibus,
488 569 585 635 quam
604 549 663 613 illa
684 549 863 614 testatione
879 549 1014 631 mentis,
1032 551 1120 616 t'acta
1138 551 1263 616 ridetur
1280 551 1421 614 hereditatis

233 659 348 724 aditio.
371 659 454 722 Sunt
470 657 641 744 equidem,
658 658 714 742 qui
730 657 836 720 editas
850 657 1053 722 hereditates
1070 660 1253 724 existimant
1266 660 1421 743 percussione

233 768 429 851 digitorum:
440 765 568 850 Cujacii
585 767 758 828 Observatt.
773 765 842 828 VII.
854 765 904 828 19.
922 765 1060 830 Merillii
1076 768 1246 830 Obseroott.
1254 768 1305 828 IV.
1315 766 1355 828 34.
1366 766 1422 849 quod

234 877 360 959 signum
382 873 520 937 dominii
541 873 629 956 apud
650 881 781 936 veteres
797 873 896 936 fuisse
919 882 1046 957 putant.
1067 873 1138 938 Alii
1161 876 1256 938 etiam
1270 873 1420 938 saltatiorcn

233 983 369 1063 addunt,
386 982 479 1066 quasi
494 981 645 1044 laetitiae
661 980 803 1065 signum:
818 980 897 1045 Ant.
914 981 1035 1046 Dedin.
1049 981 1221 1048 Alteserra
1236 983 1420 1064 depictionis.

237 1091 339 1153 lieet.
350 1090 409 1150 III.
420 1089 470 1152 19.
486 1088 554 1152 Sed
571 1097 744 1171 utrumque
759 1089 855 1152 ritum
871 1089 1042 1172 collegere
1059 1111 1102 1153 ex
1117 1089 1203 1154 male
1218 1088 1366 1153 intellecto
1377 1087 1417 1148 loco

234 1198 405 1261 Ciceronis
422 1198 462 1258 de
485 1198 574 1278 Osfio.
594 1197 653 1258 111.
670 1197 720 1260 19.
742 1195 784 1260 ad
800 1217 897 1280 quem
921 1198 1095 1262 addendae
1112 1200 1260 1263 eruditae
1274 1196 1420 1260 observatio

233 1325 292 1369 nes
303 1305 358 1368 Jo.
374 1303 436 1368 Ge.
450 1303 596 1368 Graevii.
620 1302 758 1368 Addunt
773 1303 830 1366 alii
845 1303 999 1369 Ambros.
1013 1307 1052 1367 de
1070 1309 1150 1388 offic.
1167 1308 1226 1368 III.
1243 1306 1271 1368 2.
1291 1303 1345 1368 Sed
1360 1311 1383 1365 et
1391 1302 1420 1362 lio

235 1413 429 1477 Ciceronem
446 1433 511 1476 uon
527 1407 735 1474 intellectum
750 1412 925 1476 manifesto
942 1413 1115 1498 exscripsit
1129 1418 1176 1494 ΙΙ).

828 1610 835 1626 .
857 1564 909 1628 16.

676 1680 749 1740 Quid
763 1565 826 1750 ρνοὃ
833 1681 929 1733 herede
944 1685 1046 1751 pastro?

318 1783 385 1862 Qui
412 1785 482 1846 sine
509 1782 657 1845 cretione
681 1780 822 1844 heredes
848 1792 941 1848 erant
969 1783 1101 1869 scripti,
1132 1783 1156 1848 ii
1189 1784 1284 1846 etiam
1308 1782 1358 1843 sine
1377 1775 1416 1840 ali·

234 1892 338 1973 tione,
354 1891 425 1953 sola
445 1909 510 1954 eno
529 1908 664 1954 uenena
683 1906 847 1952 ensrroua
867 1892 1008 1954 heredes
1023 1892 1094 1956 fieri
1108 1899 1266 1976 poterant
1279 1893 1314 1970 ο).
1330 1889 1372 1950 Pro
1382 1884 1416 1942 lc-

233 1999 314 2063 rede
332 2020 410 2062 vero
427 2001 583 2082 gerebat,
605 1997 662 2082 qui
679 1997 775 2060 rebus
796 1996 1022 2082 hereditariis,
1039 2009 1205 2084 tamquam
1223 1998 1355 2073 dominus,
1367 1999 1412 2051 ote-

233 2109 339 2182 batur,
362 2105 465 2169 veluti
488 2106 545 2190 qui
568 2105 753 2168 auctionem
774 2127 882 2168 rerum
905 2107 1179 2172 hereditariarum
1201 2096 1415 2184 sacietatem

232 2213 440 2277 hereditariis
456 2213 580 2276 cibaria
596 2213 696 2277 dabat
713 2223 774 2276 eto.
797 2213 933 2300 Ulpiani
949 2217 1082 2300 Fragor.
1098 2215 1207 2281 XXII.
1222 2215 1272 2278 26.

812 2369 842 2450 ς.
858 2367 914 2430 ’17.

655 2485 730 2542 Quid
746 2484 873 2536 immixtio
891 2493 917 2536 st
935 2485 1067 2552 adpositio?

316 2587 484 2649 Iumrxrro
501 2584 543 2648 ad
559 2584 761 2649 necessarios
777 2593 812 2647 et
829 2605 903 2648 suos
924 2585 1064 2648 heredes
1080 2587 1277 2669 pertinebat
1298 2589 1414 2646 susurru

235 2711 322 2773 usu,
339 2692 467 2754 sublata
482 2691 630 2755 cretione
646 2691 815 2770 sollemni,
834 2693 926 2776 ajunt
941 2691 1133 2756 invaluisse:
1153 2695 1182 2775 §.
1199 2697 1253 2756 ult.
1268 2694 1334 2752 Inrt.
1349 2679 1411 2746 delle

233 2802 298 2862 νεά.
313 2802 394 2881 qual.
410 2810 440 2861 et
455 2801 606 2881 different.
620 2800 650 2880 ᾖ.
666 2801 721 2862 ult.
740 2802 817 2862 Inst.
837 2803 875 2862 de
892 2803 970 2862 Bon.
980 2823 1064 2882 poss.
1080 2800 1148 2864 Sed
1164 2803 1211 2864 sic
1230 2823 1269 2864 ea
1282 2796 1327 2861 vel
1341 2794 1369 2856 ab
1379 2783 1415 2850 ali·

233 2909 326 2970 tione
351 2928 418 2969 non
442 2905 571 2987 differt,
592 2906 646 2969 vel
664 2899 709 2969 'ad
731 2908 890 2970 bonorum
916 2909 1154 2992 possessionem
1175 2911 1296 2994 potius,
1316 2887 1414 2986 quamsi

233 3013 451 3078 hereditatem
478 3015 632 3098 pertinet.
660 3015 799 3078 Sustulit
827 3038 906 3079 vero
933 3019 1114 3079 cretionem
1141 3017 1176 3078 in
1205 3017 1296 3080 bonis
1322 2997 1415 3072 nasonis

178 3199 181 3206 ,
234 3121 484 3185 Constantinus:
506 3122 543 3184 L.
558 3124 587 3184 1.
605 3122 637 3184 C.
657 3123 766 3184 rteod.
783 3125 822 3184 de
837 3124 973 3186 Matern.
990 3126 1057 3186 boo.
1080 3147 1142 3188 nec
1165 3147 1232 3188 non
1258 3109 1416 3184 Constantius:

232 3231 272 3294 L.
292 3230 322 3292 4.
345 3231 417 3292 Cod.
446 3231 555 3291 lheod.
576 3231 640 3292 eod.
662 3236 697 3291 et
716 3228 986 3314 Valentinianus:
1011 3233 1048 3294 1..
1072 3253 1124 3293 un.
1152 3233 1185 3292 0.
1213 3231 1316 3292 Theod.
1335 3225 1360 3284 de
1375 3217 1413 3274 oe·

233 3343 323 3401 tione.
341 3337 464 3400 Postea
484 3337 631 3400 eamdem
648 3337 777 3420 penitus
795 3335 942 3401 abolevit
958 3360 1023 3400 non
1040 3339 1214 3420 Arcadius,
1230 3347 1264 3402 ut
1278 3337 1309 3398 in
1322 3315 1415 3392 Mil·

233 3446 273 3506 ds
287 3445 366 3506 Jure
382 3447 470 3508 deliis.
490 3446 620 3528 dicitur,
641 3445 698 3512 sed
713 3444 933 3526 iustinianus‚
949 3447 1086 3509 invento
1108 3447 1270 3510 beneficio
1291 3421 1415 3504 inventarii

238 3551 304 3630 (de
328 3571 393 3634 quo
413 3553 449 3612 L.
459 3558 521 3634 fin.
543 3554 574 3614 C.
594 3555 633 3614 de
654 3554 731 3614 Jure
749 3554 836 3646 derit.
859 3553 939 3640 Nou.
963 3553 1035 3615 Ῑ.2.
1053 3554 1099 3634 1.)
1127 3554 1278 3632 Quilibet
1297 3537 1417 3610 eoinluo

234 3657 325 3722 adire
342 3678 385 3718 ex
401 3679 442 3719 eo
457 3659 571 3742 potuit
586 3659 752 3723 hereditat
739 3669 823 3740 tem,
840 3680 937 3743 quum
962 3680 1002 3722 eo
1025 3661 1097 3746 ipso
1114 3664 1202 3725 bona
1221 3655 1338 3722 heredis
1355 3639 1417 3708 etde

233 3767 337 3830 suncti
352 3774 554 3849 separentur,
570 3769 741 3852 omnisque
757 3765 957 3851 impediatur
971 3769 1135 3833 actionum
1152 3766 1304 3834 confusio

297 3974 334 4041 u)
354 3973 398 4024 De
416 3970 543 4024 cretionis
560 3971 658 4024 ritibus
676 3972 730 4026 vid.
749 3974 815 4025 Otto
833 3971 861 4024 in
879 3971 1035 4042 Joroprod.
1051 3975 1141 4043 Symb.
1159 3975 1211 4028 Eo.
1225 3973 1264 4026 II.
1280 3988 1299 4022 a.
1314 3966 1346 4017 1³.
1359 3943 1421 4007 stliti-

105 4119 109 4126 ,
232 4058 331 4110 noldus
356 4055 678 4154 Variorumc.14.[·*in
698 4059 809 4126 Operae.
823 4075 853 4126 p.
873 4061 966 4110 113-
931 4059 1046 4130 -·.117]
1069 4061 1151 4113 Goon.
1428 4035 1429 4116 l

301 4142 334 4209 ο)
301 4140 456 4195 ohddidi
475 4141 565 4200 strom,
584 4140 649 4207 quie
668 4146 694 4192 et
712 4143 740 4194 bi
758 4159 867 4194 cernere
885 4150 1010 4208 poterant
1028 4145 1217 4205 hereditatem,
1234 4139 1257 4192 si
1274 4129 1381 4190 volebant,
1393 4125 1429 4168 11⁸⁰

232 4231 323 4278 mmen
340 4227 518 4292 cogebantur:
537 4225 610 4276 Petr.
627 4224 710 4278 Febri
726 4227 850 4281 Semestr.
868 4227 910 4279 ΙΙ.
921 4233 964 4282 22.
982 4231 1097 4284 Averau.
1116 4231 1236 4296 Interpp.
1244 4225 1300 4294 jur.
1315 4214 1348 4269 ll·
1364 4200 1421 4261 122

227 4327 258 4377 p.
278 4316 335 4364 151.
354 4313 433 4365 Heio.
