3130 5148
216 373 317 426 xxrv
669 353 719 422 ..L
745 351 790 423 G.
815 353 1004 424 Hsrrsccu

217 529 289 594 aaa
309 551 330 594 a
351 529 537 608 dessiccando
551 529 598 610 i),
621 537 656 594 et
676 529 939 593 libertisorcs‘m's
963 531 1113 594 anescio
1131 551 1198 614 quo
1220 528 1353 594 Graeco
1374 549 1473 604 moos,
1552 563 1553 570 .

216 636 310 720 quod
324 645 444 700 rectam
456 636 621 719 significet
634 637 681 718 ¹¹),
697 636 832 700 nomina
847 653 1022 700 arcessere.
1038 637 1159 721 Neque
1170 634 1293 721 religio
1308 645 1473 717 tumeret,

219 763 260 807 ea
276 764 361 828 quae
377 743 420 806 de
435 741 573 826 antiqua
586 743 684 828 injus
699 743 876 808 vocatione
895 744 929 806 in
945 745 1022 828 jure
1037 745 1191 808 Romano
1206 754 1412 829 repererant,
1429 744 1473 807 ad

217 849 411 914 hodiernam
437 850 646 926 citationem3
673 857 709 914 et
732 872 817 936 quae
840 851 882 914 de
905 850 989 916 albis
1012 853 1209 918 Praetorum
1231 851 1403 936 legerant,
1429 850 1474 914 ad

219 957 329 1024 edicta
343 957 493 1042 judicum
515 965 699 1022 nostrorum
720 959 857 1022 referre.
882 957 991 1040 Quin,
1010 980 1053 1021 ne
1075 961 1155 1045 quid
1178 960 1309 1024 deesset
1330 959 1474 1042 ineptia-

217 1085 298 1140 rum,
314 1086 356 1128 ex
372 1065 539 1128 veteribus
560 1065 631 1128 istis
645 1051 859 1129 Praesidibus
882 1075 916 1130 et
935 1066 1120 1131 Praefectis
1138 1068 1314 1131 Praetorio
1336 1067 1475 1150 Imperii

218 1171 323 1236 nostri
343 1172 516 1255 Principes
538 1179 638 1256 atque
661 1173 834 1237 Electores
857 1173 1009 1268 derivare
1032 1174 1120 1238 baud
1145 1174 1352 1238 dubitabant.
1381 1173 1474 1250 Quas

215 1278 373 1342 ridiculas
394 1279 688 1363 interpretationes
706 1301 872 1344 exorasse
894 1280 1124 1364 antiquitatum
1140 1281 1363 1345 Romanarum
1382 1273 1488 1346 *intess

219 1385 383 1471 riorisque
404 1386 612 1452 litteraturae
626 1388 814 1472 ignorantia
836 1387 991 1452 subnatas
1009 1409 1108 1471 quum
1130 1391 1272 1474 posteri,
1287 1389 1383 1473 nugis
1403 1390 1474 1452 istis

219 1501 383 1578 tamquam
400 1493 522 1578 glebae
538 1495 711 1580 adscripti,
732 1503 858 1560 tantum
876 1517 943 1558 non
959 1505 1207 1571 consecrarent3
1229 1505 1338 1560 tantus
1353 1496 1473 1560 sensim

218 1603 381 1666 succrevit
397 1623 541 1666 errorum
558 1604 821 1685 gravissimorum
843 1613 1032 1688 proventus,
1049 1613 1085 1668 ut
1101 1602 1314 1690 exstirpando
1330 1602 1406 1668 huie
1422 1604 1475 1668 lu-

142 1787 145 1800 ι
218 1709 363 1774 xurianti
384 1709 468 1774 lolio
492 1729 534 1772 ne
558 1711 886 1775 eminentissimorum
908 1711 1041 1796 quidem
1056 1711 1364 1776 Jureconsultorum
1386 1713 1476 1776 saffi·
1555 1761 1556 1786 2

218 1826 311 1886 ceret
326 1817 513 1902 diligentia.
1523 1806 1539 1908 ¹¹
1553 1801 1556 1830 ⁴

302 1926 500 2006 Enimvero,
518 1926 769 1990 condonandum
793 1926 827 1989 id
846 1928 957 1990 forsan
980 1926 1080 1990 fuerit
1099 1927 1201 2010 magis
1222 1927 1306 2008 illis,
1327 1927 1384 2012 qui
1402 1935 1475 1990 tam
1522 1960 1527 2017 ¹.

124 2073 129 2079 ·
219 2032 348 2098 infelici
370 2032 483 2097 seculo
506 2033 741 2116 adoleverant,
758 2035 909 2118 ingeniis.
931 2035 1019 2098 Illud
1043 2034 1099 2098 vix
1121 2035 1309 2115 ferendum,
1326 2035 1416 2119 quod
1439 2035 1475 2097 in
1525 2020 1530 2045 ³

219 2139 312 2204 felici
329 2139 389 2204 illa
411 2146 594 2225 temporum
608 2143 831 2226 reparatione,
846 2163 945 2227 quum
961 2143 1085 2230 ubique
1101 2142 1270 2205 ferverent
1285 2140 1476 2226 elegantio-

219 2269 290 2312 rum
311 2247 496 2312 litterarum
515 2248 634 2331 studia,
651 2270 716 2313 non
734 2249 898 2332 deessent,
916 2251 972 2334 qui
990 2250 1024 2312 in
1046 2249 1107 2312 illa
1122 2249 1339 2333 glossatorum
1355 2250 1476 2314 barba-

219 2357 270 2419 rie
302 2365 501 2441 quaererent
529 2356 682 2439 delicias,
715 2358 878 2443 frugeque
906 2366 1056 2441 reperta,
1086 2357 1209 2442 glande
1237 2345 1363 2420 tamen'
1386 2357 1476 2420 vesci

221 2462 369 2526 mallent.
385 2464 494 2527 Nemo
510 2465 653 2548 ignorat,
669 2474 825 2550 quantum
842 2465 876 2528 in
892 2463 1154 2548 jurisprudentia
1167 2464 1377 2549 repurganda
1396 2463 1477 2526 illu-

221 2570 421 2657 strandaque
441 2571 676 2636 desudaverint
697 2571 977 2656 praestantissima
994 2572 1198 2655 superiorum
1214 2580 1408 2656 temporum·
1424 2573 1478 2634 in-

222 2683 333 2768 genia,
348 2697 497 2759 Auernas,
520 2695 655 2760 nunant,
674 2696 819 2760 autnon,
838 2696 1018 2761 assumto,
1041 2697 1239 2762 noromsnr,
1257 2695 1477 2759 ousnouosu,

222 2804 555 2869 conrrr,earsson11,
577 2803 687 2868 aseer,
701 2803 904 2868 decusatur,
925 2804 1097 2868 urrunnu,
1116 2804 1272 2867 arraona,
1294 2803 1479 2868 nnuvnnur,

221 2912 480 2976 Murensnusrr,
503 2896 560 2979 qui
576 2915 690 2959 omnes
714 2917 784 2958 curn
801 2895 1028 2979 jurisperitis
1052 2895 1280 2959 admirabilem
1302 2893 1480 2979 quamdam

222 3017 324 3089 atque
342 3003 528 3067 inusitatam
546 3003 752 3088 antiquitatis
768 3003 1194 3087 notitiamconjunxerant:
1216 3002 1274 3066 sed
1293 3023 1406 3064 eorum
1427 3009 1480 3064 ta-

223 3134 300 3178 men
320 3111 453 3175 labores
476 3111 561 3174 adeo
578 3106 775 3174 sorduerunt
797 3110 974 3194 plerisque,
990 3118 1026 3173 ut
1044 3111 1095 3175 vir
1113 3109 1252 3200 quidam·
1262 3108 1480 3192 doctissimus,

170 3269 173 3279 ,
223 3221 282 3307 qui
296 3219 452 3284 Balduini
468 3241 573 3303 opera
589 3207 790 3302 conjunctim
807 3218 910 3282 edere
927 3219 1129 3300 instituerat,
1145 3240 1212 3281 non
1228 3218 1405 3304 reperiret,
1422 3217 1481 3301 qui

124 3357 128 3364 *
225 3337 347 3394 sumtus
375 3328 486 3392 facere
508 3327 693 3392 sustineret.
725 3325 761 3388 Si
785 3327 841 3411 qui
864 3328 982 3409 etiarn,
1006 3347 1119 3390 eorum
1151 3323 1287 3390 excitati
1310 3324 1480 3407 exemplo,

226 3436 375 3500 eamdem
399 3435 542 3498 docendi
570 3433 731 3498 rationem
762 3444 979 3520 sequerentur
1002 3433 1036 3497 in'
1066 3434 1257 3515 academiis,
1280 3433 1320 3496 iis
1342 3431 1480 3516 publico

226 3541 386 3628 expositis
402 3542 489 3621 odio,
505 3543 714 3627 barbaroque
731 3544 997 3606 Humanistarum
1012 3543 1145 3605 nomine
1167 3540 1334 3622 traductis,
1351 3548 1481 3604 tantum

226 3673 294 3716 non
316 3671 403 3735 aqua
423 3659 458 3713 et
479 3651 549 3735 igni
568 3651 829 3716 interdicebatur
844 3653 889 3732 ¹).
912 3650 1070 3713 Certatim
1093 3671 1173 3735 ergo
1196 3659 1264 3714 tum
1279 3649 1423 3734 juvenes
1445 3646 1481 3710 in

225 3758 374 3840 Italiam,
395 3766 561 3844 tamquam
584 3760 626 3823 ad
642 3758 925 3848 jurisprudentiae
947 3767 1124 3824 mercatum
1142 3754 1483 3844 quemdamconflue-

298 4017 322 4084 i)
343 4017 442 4068 Glossa
460 4015 496 4066 od
508 4016 596 4083 princ.
616 4015 682 4068 Inrt.
701 4017 732 4068 de
750 4017 821 4083 Lapa
839 4015 942 4068 Falcid.
965 4014 1105 4075 „Falcidia
1122 4014 1160 4066 sic
1177 4013 1262 4075 dicta,
1288 4011 1405 4081 quodam
1412 4009 1483 4078 solz

219 4100 352 4168 foenum,
371 4101 408 4150 sic
426 4108 452 4150 et
470 4099 512 4150 lex
532 4099 764 4170 lepataresccat.“

297 4187 331 4251 k)
354 4186 453 4237 Glossa
472 4185 508 4236 ad
525 4185 546 4252 ξ
558 4190 583 4236 2.
603 4186 669 4238 last.
688 4187 719 4238 de
733 4187 804 4254 δίης.
820 4184 874 4238 reb.
887 4203 939 4253 par
947 4185 1109 4252 fideicomm.
1122 4183 1170 4234 rol.
1188 4181 1325 4244 „Orciaus
1342 4182 1379 4234 sic
1398 4181 1484 4232 dictus

229 4269 261 4324 ab
276 4288 354 4329 orco,
373 4271 443 4338 quod
460 4278 630 4332 ostreatum,
648 4272 718 4324 unde
731 4271 851 4332 oreiam,
869 4272 960 4331 idest,
980 4271 1078 4321 directo
1095 4269 1281 4330 manumisero,
1299 4265 1342 4318 nel
1358 4263 1391 4318 ab
1410 4280 1483 4322 orco,

12 4333 14 4400 i
228 4356 257 4407 id
274 4365 327 4413 est,
347 4357 450 4423 capio.“

12 4409 14 4502 l
246 4443 249 4452 ’
298 4441 322 4506 1)
342 4441 507 4506 Exemplum
525 4446 567 4492 est
587 4439 616 4494 in
634 4456 731 4494 uaccu.
752 4457 806 4494 von
828 4454 909 4494 ossas
928 4441 1102 4492 Testamenta
1128 4439 1207 4492 Part.
1224 4437 1266 4490 ΙΙ.
1291 4453 1348 4504 cap.
1366 4438 1392 4488 8.
1416 4434 1437 4500 ᾗ.
1456 4437 1483 4486 2.

12 4559 14 4635 ,
224 4542 255 4594 p.
272 4529 331 4579 aas.
351 4527 378 4578 et
396 4527 417 4594 t.
438 4533 477 4581 14.
495 4545 523 4596 ρ.
541 4531 599 4580 403.
