3062 5164
263 415 335 482 348
492 449 495 457 ι
734 410 808 478 Lm.
834 410 876 478 ll.
903 408 981 478 Tm.
1004 411 1034 476 l.
1067 428 1071 435 ’

261 588 384 674 singuli
399 607 441 650 ex
458 585 673 652 universitate
688 588 871 668 habehant,
889 595 926 650 ut
943 585 1059 661 stadia,
1080 587 1223 671 theatra,
1237 588 1361 669 balnea,
1377 589 1468 651 curias:

262 698 291 778 9.
304 695 334 759 6.
349 700 429 759 Inst.
441 695 470 756 h.
486 705 507 758 t.
522 700 567 778 v).
595 697 789 758 Universitas
808 715 889 759 vero
906 699 1088 762 vocabatur
1102 717 1320 782 unaquaeque
1328 696 1424 786 ‘civilis
1435 719 1467 759 su-

263 805 376 887 cietas,
390 809 532 888 excepta
549 804 675 868 familia
687 804 861 890 liberaque
874 804 1054 888 republica.
1072 804 1242 890 Adeoque
1258 825 1364 868 omues
1377 810 1467 886 tturptn

263 925 298 977 et
317 913 512 994 societates,
528 935 642 993 omnes
662 913 783 995 trihus,
808 914 918 977 omnia
940 925 1081 998 corpora
1104 915 1277 999 opificum,
1297 918 1467 978 undositate

263 1032 371 1085 erant:
390 1021 518 1086 Huber.
541 1001 712 1086 Praelectt.
737 1023 781 1084 ad
800 1025 881 1084 Inst.
905 1023 946 1084 ΙΙ.
966 1022 997 1085 8.
1028 1023 1209 1108 Postquam
1230 1044 1309 1086 vero
1331 1022 1361 1085 in
1377 999 1466 1084 monar-

164 1136 167 1140 ’
263 1131 368 1194 chiam
384 1130 648 1216 degeneraverat
663 1128 865 1213 respublica,
881 1129 1005 1194 invisae
1026 1131 1160 1194 fuerunt
1176 1128 1377 1213 Principibus
1390 1151 1466 1192 onnes

263 1228 456 1304 sodalitates
478 1248 513 1302 et
532 1243 676 1319 ἑταιρίαι,
696 1261 759 1302 nec
781 1237 866 1302 aliae
881 1239 937 1322 jus
956 1239 1199 1323 universitatis,
1219 1259 1312 1304 arcae
1335 1237 1465 1300 communis

264 1356 299 1412 et
323 1346 460 1433 collegii
489 1346 676 1429 habebant,
703 1369 799 1432 quam
828 1368 913 1431 quae
940 1346 1096 1431 singulari
1123 1346 1314 1431 Principum
1334 1345 1464 1431 privilegio

264 1466 359 1522 erant
373 1456 528 1520 munitae.
551 1455 663 1534 Quare
683 1478 749 1520 non
769 1477 843 1519 raro
860 1455 895 1519 in
910 1455 1184 1539 Inscriptionihus
1200 1455 1351 1541 legimus:
1364 1453 1398 1532 Q.
1409 1455 1435 1517 h.
1445 1453 1463 1514 S.

264 1565 301 1630 c.
316 1544 354 1628 Ι..
368 1567 486 1643 maus
506 1586 545 1626 ω
561 1565 645 1627 scu
661 1571 743 1628 sose
758 1567 839 1637 uest,
860 1563 916 1626 ver
931 1563 1060 1628 simma.
1082 1564 1160 1628 viu.
1180 1564 1271 1628 run.
1288 1564 1378 1646 mar.
1394 1559 1462 1624 nu.

265 1682 299 1738 et
323 1673 374 1736 94.
396 1677 441 1736 tit.
464 1673 497 1734 0.
525 1675 564 1736 de
586 1672 698 1754 Colleg.
719 1681 752 1734 et
772 1693 891 1754 corpor.
921 1672 1032 1757 Cujac.
1056 1674 1184 1737 otnero.
1214 1673 1284 1734 VII.
1301 1671 1348 1736 30.
1368 1680 1396 1734 et
1411 1670 1459 1730 liu.

264 1793 361 1846 nostr.
378 1784 418 1844 de
435 1781 549 1863 Colleg.
563 1791 596 1844 et
612 1782 701 1862 Corp.
719 1780 801 1861 ⁰Plf·
817 1801 842 1842 c.
858 1779 886 1841 1.
902 1784 944 1862 ²).

838 1934 866 2017 ς.
888 1933 938 1998 n.
1200 2017 1204 2024 Ι

801 2053 858 2104 Res
874 2052 980 2104 nullius.

348 2153 506 2240 Nolanos
522 2152 667 2238 denique
685 2161 794 2234 erant,
813 2175 899 2238 quae
914 2152 1039 2217 nullum
1060 2153 1169 2238 reipsa
1190 2153 1382 2237 adgnoscunt
1393 2143 1462 2209 doni-

265 2287 360 2348 num,
377 2263 524 2350 quamvis
544 2283 603 2326 sua
624 2270 742 2326 natura
765 2262 799 2325 in
821 2260 968 2325 dominio
991 2283 1063 2325 esse
1087 2263 1226 2347 possint.
1248 2260 1344 2326 Tales
1361 2263 1416 2320 sunt
1429 2271 1460 2313 res

265 2371 504 2454 hereditariae,
526 2379 701 2455 antequam
724 2370 843 2454 aliquis
865 2369 962 2434 heres
986 2371 1128 2434 exstitit:
1148 2369 1188 2433 L.
1204 2373 1234 2433 1.
1244 2389 1295 2452 pr.
1309 2369 1345 2430 Β.
1358 2363 1460 2428 dslltlt't·

266 2505 329 2545 rer.
352 2481 422 2546 Per
441 2479 608 2542 fictionem
627 2487 738 2541 tamen
760 2479 933 2563 quamdam
956 2478 1122 2544 hereditas
1138 2481 1257 2566 jacens
1273 2471 1401 2543 defuncti
1416 2487 1461 2552 per·

147 2595 149 2600 ’
255 2607 379 2652 'sonam
394 2594 646 2670 repraesentare
658 2586 795 2672 ejusque
811 2587 845 2650 in
862 2585 1008 2650 dominio
1028 2609 1099 2650 esse
1116 2587 1252 2652 dicitur:
1266 2587 1302 2649 L.
1313 2582 1357 2647 31.
1373 2579 1396 2660 ἕ.
1408 2576 1458 2638 11·
1491 2573 1494 2718 p

266 2699 307 2759 de
319 2697 399 2758 Her.
415 2699 488 2757 inst.
502 2697 540 2757 L.
555 2693 605 2757 61.
617 2717 668 2777 pr.
685 2698 727 2757 D.
742 2697 782 2758 de
796 2696 929 2776 Adquir.
942 2715 1005 2758 rer.
1017 2697 1096 2758 dom.
1118 2695 1364 2779 Nonnumquam
1377 2695 1404 2748 et
1415 2701 1459 2766 pu-

267 2825 378 2868 sonam
403 2801 536 2866 heredis
557 2803 680 2888 sperati
701 2803 851 2866 sustinet:
873 2803 909 2866 L.
924 2804 974 2866 24.
992 2805 1033 2868 D.
1048 2805 1218 2868 de‘Nooat.
1232 2805 1268 2867 L.
1282 2789 1461 2864 16111181

263 2915 329 2996 pul.
346 2933 427 2975 sero.
441 2911 479 2972 L.
495 2911 525 2982 1.
543 2910 573 2993 5.
589 2911 617 2972 1.
634 2914 674 2975 D.
692 2914 730 2973 St
741 2917 777 2985 r's,
793 2916 850 2994 qui
861 2921 930 2975 test.
945 2913 995 2975 lid.
1012 2913 1049 2974 L.
1064 2912 1115 2975 68.
1131 2914 1172 2973 D.
1189 2915 1229 2976 de
1243 2913 1331 2973 Fert.

843 3067 871 3148 §.
892 3067 943 3130 17.

572 3184 628 3237 Res
643 3184 764 3252 priuatae
782 3183 824 3234 uel
840 3184 955 3250 mancipi
972 3183 1014 3234 uel
1030 3201 1079 3235 nec
1096 3184 1219 3252 mancipi.

352 3287 447 3366 Quae
467 3287 501 3349 in
521 3286 722 3370 privatorum
746 3282 894 3346 dominio
918 3276 1029 3365 erant,
1051 3284 1248 3352 dicebantur
1262 3295 1321 3345 Rus
1338 3275 1458 3340 vasrll

267 3396 385 3458 Festus
405 3395 463 3458 sub
483 3415 567 3459 voce
580 3399 688 3476 privos
701 3415 736 3474 p.
752 3391 823 3454 378.
846 3393 959 3455 Prinos
971 3399 1143 3476 priuasque
1164 3381 1461 3474 antiquirebantur

268 3505 416 3584 singulis:
441 3504 476 3563 ob
499 3523 592 3583 quom
617 3521 762 3563 caussam
784 3510 815 3562 et
832 3504 961 3583 privato
986 3503 1144 3574 dabuntur,
1169 3521 1251 3584 quac
1272 3485 1463 3566 uniuscujtllll

268 3619 356 3684 stunt,
376 3612 448 3673 heito
469 3620 517 3672 est
533 3611 741 3692 privilegium.
767 3608 855 3673 Add.
879 3608 966 3671 Non.
982 3609 1133 3674 Marcell.
1154 3610 1193 3672 de
1214 3609 1278 3691 diff&
1291 3599 1365 3666 oerd.
1378 3575 1464 3652 11694·

40 3775 41 3778 ,
147 3725 163 3808 ε’
268 3717 337 3782 Res
355 3717 435 3815 illae
456 3719 605 3802 privatae
629 3715 716 3800 apud
740 3723 871 3780 veteres
891 3715 947 3782 vel
967 3734 1108 3780 Manem
1128 3725 1241 3797 erant,
1262 3708 1314 3775 vel
1334 3718 1388 3770 nuc
1405 3701 1464 3758 ull·

269 3841 333 3890 orer
352 3830 397 3909 ⁸).
430 3826 533 3911 Apud
558 3833 689 3888 veteres
719 3825 805 3888 dico.
835 3825 1039 3890 Justinianus
1071 3825 1157 3888 enim
1183 3823 1268 3888 hanc
1295 3797 1464 3879 differentiam

338 4005 372 4086 y)'
391 4018 508 4070 Theatra
521 4015 645 4069 Romana
657 4016 765 4083 publicu
777 4018 866 4068 luere:
880 4016 901 4082 ξ.
909 4021 934 4068 2.
947 4016 1013 4069 Inst.
1031 4016 1063 4067 de
1076 4015 1167 4068 quat.
1179 4012 1291 4083 stipulat.
1303 4009 1327 4060 et
1337 3995 1398 4055 alibi·
1412 3985 1465 4040 cll*

338 4103 369 4170 z)
389 4103 475 4155 Plora
492 4117 524 4154 ae
541 4102 654 4156 meliora
672 4103 707 4154 de
723 4101 930 4154 universitatum
944 4102 1008 4169 jure
1021 4099 1141 4153 invenies
1159 4099 1187 4151 in
1200 4090 1332 4152 Dirksenii
1348 4071 1466 4140 „mearat

268 4187 335 4240 iiber
352 4189 402 4239 den
421 4188 543 4240 Zustnnd
558 4189 607 4240 der
615 4189 709 4258 jurio.
728 4189 868 4239 Personen
885 4187 953 4239 nach
972 4186 1051 4239 Rem.
1070 4187 1107 4240 R.
1122 4184 1150 4238 in
1169 4184 1263 4254 Ejusd.
1281 4173 1370 4232 ciuilirt.
1385 4155 1435 4215 All
1461 4179 1465 4192 ’

268 4273 305 4326 ll.
322 4287 396 4326 num.
419 4278 440 4325 l.
459 4271 546 4324 Miill.
1453 4311 1465 4348 ·.

339 4359 371 4424 a)
392 4359 520 4423 Constat,
538 4360 627 4412 locum
647 4360 718 4410 huno
735 4359 771 4410 de
788 4358 869 4411 rchus
886 4355 1016 4424 mancipi,
1031 4363 1095 4425 post
1112 4355 1251 4412 Heineccii
1265 4348 1367 4404 sentem
1383 4323 1466 4446 adm,

243 4434 407 4508 omis‘viris
425 4443 590 4498 doctissimis
603 4445 695 4496 denuo
712 4457 773 4496 esse
785 4445 836 4496 suh
849 4459 963 4497 examen
980 4449 1118 4509 vocatum,
1133 4444 1217 4512 quod,
1235 4435 1383 4509 quamquam
1393 4413 1466 4528 diesin

271 4531 364 4594 modo,
382 4531 482 4582 lactum
506 4529 631 4595 inprimis
649 4545 666 4581 s
683 4529 779 4580 Franc.
796 4529 859 4582 Car.
883 4529 1022 4582 Conradio
1039 4528 1097 4582 Lib.
1120 4529 1214 4598 stnyul.
1232 4525 1262 4576 de
1278 4513 1339 4568 orris
1353 4503 1445 4620 111111Ρὶ
1449 4561 1461 4612 ,ὗ

272 4631 320 4668 uec
338 4615 455 4682 mancipi
469 4631 560 4668 rerum
583 4613 749 4684 dffgrentir'e.
771 4613 887 4668 Helmst.
908 4615 982 4668 17³9.
1000 4621 1025 4669 4.
1052 4615 1115 4669 Ger.
1140 4614 1294 4667 Meermuno
1319 4593 1392 4649 Πίσιν.
1410 4592 1433 4627 ef
1446 4587 1465 4616 ¹·
