3080 5154
573 411 810 483 DnNurrns.
1249 423 1318 492 137

86 593 235 658 aasabim
249 592 281 670 t)
297 587 354 652 vel
370 586 469 652 vidua
485 596 542 654 aut
558 588 687 673 virgine
703 597 866 674 stuprata3
885 591 943 654 alii
954 605 1066 656 suomi
1080 613 1123 658 ex
1139 597 1319 668 meretrice,-

86 703 132 765 alii
146 721 184 764 ex
201 711 401 769 nouatum
418 694 476 758 alii
496 696 642 780 denique
661 717 704 758 ex
723 713 940 762 tncnsuuoffls
958 700 1171 794 amplexibus
1187 700 1317 764 fuerant

85 809 153 871 uati:
167 808 281 870 Franc.
297 804 478 866 Hotoman.
493 805 532 866 de
547 805 641 886 Spar.
656 813 687 865 et
704 807 830 886 legiam.
845 825 871 866 a.
886 803 916 867 2.
929 828 963 888 p.
981 806 1053 870 474.

641 956 671 1037 §-
692 955 742 1017 21.
795 923 799 932 ’

310 1073 357 1126 Aa
373 1073 460 1142 spatii
476 1072 599 1140 infames,
617 1071 661 1122 ael
677 1071 739 1124 leals
757 1081 835 1126 notae
854 1071 958 1126 macule
975 1075 1075 1128 notati?

140 1174 241 1238 ‘Nulli
261 1174 378 1237 horum
400 1182 494 1237 erant
513 1173 668 1254 infames,
689 1181 722 1242 at
741 1173 826 1238 levis
846 1183 957 1237 tamen
973 1184 1073 1239 notae
1095 1175 1223 1242 macula
1242 1198 1317 1261 spu-

85 1285 138 1345 rios
156 1267 376 1367 adspergebat
394 1280 526 1364 vulgus,
549 1279 720 1365 multoque
744 1281 847 1366 magis
863 1281 1069 1345 adulterinos
1091 1292 1126 1347 et
1150 1284 1317 1348 incestuo-

85 1414 140 1473 sos,
156 1392 268 1455 saltem
292 1388 466 1474 postremis
484 1388 688 1470 temporibus
710 1389 792 1473 reip.
808 1389 886 1453 Vid.
906 1388 1006 1452 Zach.
1024 1387 1114 1454 Hub.
1131 1391 1201 1453 Cas.
1217 1394 1317 1454 caua.
1385 1447 1389 1453 .

88 1500 195 1574 Quaest.
210 1498 272 1558 III.
289 1498 318 1578 §.
333 1495 363 1559 8.
387 1494 563 1571 Naturales
577 1495 756 1580 participes
772 1497 905 1580 quidem
920 1507 1014 1561 erant
1030 1499 1174 1561 omnium
1183 1498 1317 1584 jurium,

84 1606 293 1694 honorumque
321 1624 473 1687 capaces,
502 1603 597 1666 sicuti
620 1614 736 1668 contra
755 1605 834 1682 dac:
856 1604 1099 1669 Gothofredum
1131 1603 1318 1668 luculenter

85 1713 210 1776 ostendit
229 1712 383 1774 Thomas.
401 1712 439 1773 de
457 1733 517 1772 usu
530 1721 635 1793 praet.
652 1713 812 1774 doctrinae
830 1713 908 1774 Inst.
925 1714 964 1775 de
982 1717 1144 1796 leglls'mal.
1161 1734 1186 1774 e.
1200 1711 1230 1773 l.
1243 1713 1272 1794 §.
1286 1709 1317 1774 3.

81 1844 106 1902 p.
118 1820 142 1882 3.
158 1842 199 1903 sq.
215 1828 250 1882 et
270 1841 313 1882 ex
331 1819 546 1902 inscriptione
567 1818 680 1901 paullo
703 1826 780 1883 aute
799 1819 910 1883 adlata
931 1829 1041 1904 patet,
1057 1821 1091 1883 in
1110 1841 1175 1904 qua
1196 1819 1229 1882 0.
1246 1819 1317 1880 Ma-

84 1933 198 1990 mercius
212 1928 402 2000 lanuarias,
418 1927 564 2010 quamvis
580 1942 607 1991 s.
624 1943 652 1989 P.
669 1943 780 1992 ulmus
799 1935 910 1990 tamen
929 1927 963 1990 in
986 1927 1119 1991 colonia
1137 1949 1193 1992 sua
1214 1929 1330 2019 Quae-¹

85 2043 143 2115 star,
157 2037 284 2107 Aedilis,
298 2035 445 2112 Praetor,
457 2045 487 2096 el
501 2037 659 2097 Duameir
674 2036 921 2116 Quinqueanals's
936 2039 1051 2098 lterum
1066 2035 1165 2100 fuisse
1184 2035 1316 2100 diciturs

80 2141 188 2223 juribus
214 2150 325 2205 tamen
349 2141 558 2226 adgnationis
573 2141 605 2223 ΙΙ)
632 2142 805 2224 carebant,
827 2163 937 2226 neque
961 2143 993 2205 in
1015 2143 1122 2227 patria
1147 2149 1315 2226 potestate

84 2257 170 2346 erant,
184 2257 350 2332 tamquam
368 2249 520 2333 legitImo
541 2257 681 2333 parente
702 2249 870 2313 destituti:
885 2251 1002 2313 Fraus.
1018 2249 1155 2312 Hotom.
1169 2252 1189 2310 l.
1202 2249 1232 2310 1.
1247 2270 1271 2311 e.
1285 2247 1317 2312 3.

82 2355 210 2419 Strauch.
225 2359 342 2418 Exere.
358 2357 417 2417 IV.
435 2355 465 2421 3.

640 2473 669 2556 S.
691 2473 742 2537 22.

472 2591 640 2659 Lepitlmatia
660 2593 764 2661 quando
783 2591 905 2644 inuenta?

152 2689 255 2768 Quum
280 2712 361 2775 ergo
381 2699 495 2754 vetere
515 2691 592 2775 jure
615 2691 770 2755 Romano
792 2690 884 2754 nulla
906 2699 993 2756 esset
1015 2691 1102 2776 legis
1122 2689 1209 2755 actio
1237 2708 1317 2773 pro·-

85 2795 154 2877 dita,
175 2821 240 2882 qua
265 2798 435 2884 illegitimi
453 2798 568 2882 liberi,
590 2799 624 2862 in
644 2800 783 2883 patriam
806 2806 1005 2883 potestatem
1030 2798 1173 2880 redacti,
1191 2795 1315 2880 jurium

81 2903 196 2968 istorum
216 2905 428 2994 adgnationis
447 2907 566 2970 fierent
580 2906 771 2991 participes,
795 2905 856 2968 nisi
881 2906 1071 2990 adrogatio,
1088 2907 1121 2969 in
1145 2927 1210 2990 qua
1227 2903 1316 2987 ipsos

81 3011 254 3096 illegitimos
271 3022 422 3078 auctores
434 3014 506 3077 fieri
522 3015 714 3098 oportebat:
734 3013 873 3076 Herald.
891 3014 962 3075 Ods.
979 3015 1088 3096 adjus
1100 3017 1165 3075 Atl.
1183 3021 1212 3074 et
1227 3013 1316 3074 Rom.

85 3119 128 3181 VI.
140 3122 185 3184 10.
203 3123 316 3186 seculo
343 3122 472 3185 demum
495 3131 613 3208 quarto
641 3123 778 3185 ineunte
799 3121 937 3184 inventa
962 3128 1012 3183 est
1032 3135 1255 3184 nuorrrunmo
1273 3119 1316 3200 ἰ).

82 3259 330 3272 *—

136 3329 165 3395 ς)
185 3330 221 3380 Et
232 3327 261 3381 hi
275 3329 385 3398 quidem
397 3333 462 3398 prae
477 3329 573 3383 ceteris
586 3327 651 3382 dicti
666 3336 730 3383 sunt
746 3328 891 3382 naturales.
904 3327 968 3382 Vid.
983 3321 1205 3381 Mdhlenbruclrii
1217 3318 1318 3374 contin.

82 3414 250 3467 commentarii
270 3414 414 3468 Gldckieni
428 3418 459 3469 Τ.
472 3416 619 3468 XXXIX.
634 3431 661 3481 p.
673 3419 724 3468 ³28
738 3444 769 3454 -
783 3419 842 3468 ³³6.
860 3415 931 3468 Rob.
947 3411 1093 3467 Schneider
1106 3409 1134 3462 in
1147 3410 1173 3462 d.
1186 3406 1317 3462 Zeitsohr.

82 3497 116 3548 It'u
131 3498 217 3552 Civilr.
237 3516 265 3552 u.
283 3501 364 3559 Proo.
384 3501 416 3554 T.
434 3501 501 3554 XII.
519 3502 568 3553 Nr.
586 3501 625 3552 X.
646 3507 668 3552 l.
687 3516 714 3565 p.
733 3504 794 3552 326.
813 3515 873 3568 sqq.
896 3499 984 3554 Miilsl.

137 3584 166 3651 h)
185 3586 265 3638 Unde
277 3602 328 3636 nec
339 3583 438 3652 gentile
450 3586 535 3653 patris
546 3601 645 3638 nomen
657 3586 778 3637 terebant
789 3584 884 3651 spurii,
897 3590 929 3637 ut
939 3589 1034 3637 contra
1044 3583 1194 3637 Robertelli
1206 3581 1317 3638 Emead.

83 3664 146 3720 llo.
163 3675 233 3722 recte
251 3671 370 3723 ostendit
389 3672 451 3723 Car.
469 3671 562 3737 Sigon.
584 3669 722 3725 Emendat.
740 3669 780 3722 11.
798 3673 824 3723 7.
850 3670 921 3721 Sane
939 3675 1078 3737 tamquam
1095 3668 1232 3735 singulare
1250 3664 1317 3733 quid

84 3749 110 3801 dc
129 3753 240 3808 Caesare
261 3755 344 3808 refert
362 3739 472 3808 Sueton.
491 3755 588 3808 Jul'c.
606 3759 648 3808 52.
667 3754 742 3823 quod
764 3759 859 3807 natum
878 3771 894 3805 e
912 3755 1057 3820 Cleopatra
1081 3754 1166 3806 filium
1186 3748 1321 3818 adpellari

84 3839 167 3889 asaiae
188 3857 235 3892 sua
259 3857 354 3909 passm
377 3841 418 3892 sit.
448 3842 484 3892 Et
505 3839 560 3892 Dio
585 3839 661 3892 Cass.
679 3842 712 3892 L.
732 3847 755 3894 l.
774 3839 859 3904 addit,
882 3837 952 3892 inter
976 3839 1044 3902 alia,
1063 3853 1134 3906 quae
1151 3835 1316 3889 Octavianus

85 3917 166 3974 Caesar
177 3924 308 3992 objecerIt
317 3925 442 3991 Antonio,
451 3923 532 3978 etlam
547 3925 599 3977 hoo
610 3924 696 3978 luisse
707 3923 834 3985 maxime,
850 3916 891 3974 dre
901 3923 947 3976 τόν
956 3924 1134 3989 Καισαρίωνα
1145 3918 1318 3982 ἑπωνὸμαζεν

85 3997 147 4070 θῦῖω,
162 4011 206 4060 καὶ
225 4007 255 4068 e't
271 4009 299 4060 r0'
316 4008 363 4060 1⁰¹3
373 4010 519 4075 Καίσαρος
535 4010 610 4074 γένος
624 4001 680 4076 ἦγε,
699 4012 770 4080 quod
789 4009 956 4062 Cassandons's
973 4008 1138 4076 aameafllr'a
1160 4005 1316 4072 Cleopatrae

84 4086 205 4155 indidisset,
224 4103 251 4145 et
269 4113 329 4146 eum
347 4095 374 4148 in
395 4095 518 4147 Caesaris
532 4112 615 4162 penas
632 4096 772 4148 retulisset.
789 4094 901 4147 Interim
914 4093 1038 4163 quamvis
1052 4091 1200 4161 aliquando
1215 4103 1317 4167 cogno·

83 4186 131 4224 nen
146 4178 227 4241 patus
245 4179 411 4243 adoptarunt
433 4177 483 4232 filii
506 4181 658 4244 naturales,
676 4178 715 4232 uti
736 4181 829 4245 paullo
847 4185 911 4232 ante
928 4178 1090 4241 lanuarias,
1109 4190 1208 4229 nomen
1226 4180 1324 4226 tamen

82 4259 163 4320 gerne
179 4277 195 4314 a
211 4269 298 4315 matre
315 4264 517 4316 mutuabantur.
543 4266 585 4316 Ita
602 4263 769 4318 Mamercius
787 4265 935 4317 lanuarias
953 4261 1042 4315 dictus
1061 4276 1077 4312 a
1095 4259 1204 4312 nomine
1222 4259 1316 4312 matris

83 4338 228 4399 Mamerciae
248 4348 375 4413 Graptae,
394 4354 420 4400 et
438 4365 455 4402 a
472 4349 634 4415 cognomine
653 4349 737 4416 patrIs
756 4351 788 4401 P.
807 4349 899 4402 Paccii
916 4346 1049 4401 Ianuarii.
1068 4343 1172 4398 Similia
1190 4347 1316 4411 exempla

82 4439 110 4475 ex
125 4428 195 4482 Grut
213 4433 350 4501 Insersptt.
370 4433 547 4501 lencm.
565 4439 589 4488 9.
608 4440 635 4488 et
655 4453 685 4502 p.
704 4435 922 4488 DCLXXXIV.
940 4431 1106 4484 addmdmus
1124 4430 1153 4484 in
1174 4431 1316 4484 Commeat.

84 4511 111 4560 td
122 4514 150 4566 L.
167 4515 221 4569 Jal.
240 4527 266 4571 et
286 4519 356 4587 Pap.
373 4517 432 4571 Lib.
451 4520 492 4572 II.
510 4539 532 4572 e.
550 4525 574 4574 4.
590 4537 618 4591 p.
638 4524 696 4574 170.
716 4537 754 4589 sq.
784 4521 867 4573 Heln.

28 4615 32 4626 ’
139 4596 161 4665 i)
179 4601 242 4654 Non
260 4617 325 4668 ergo
349 4602 508 4671 legitimans
531 4610 574 4658 est
595 4609 672 4658 actus
695 4605 846 4672 legitimus,
862 4610 894 4657 ut
910 4608 982 4657 recte
1000 4600 1120 4656 ostendit
1137 4601 1195 4656 Ulr.
1211 4599 1316 4654 Huher.
