3040 5164
223 395 295 463 tau
663 388 738 456 lun.
765 387 808 456 11.
834 387 914 456 Τιτ.
939 384 1033 457 xlv.

224 583 450 647 ursarronuu,
465 587 531 649 qua
545 574 699 648 parentes
714 563 839 629 liberos
853 565 1055 650 degeneres,
1072 572 1108 628 et
1128 585 1164 628 se
1178 563 1345 650 indignos,
1362 587 1384 629 e
1401 587 1473 630 oon-

221 685 338 760 spcctu
358 695 417 756 suo
437 673 587 756 protinus
605 673 697 736 abire
711 655 887 757 jubebant.
915 671 1082 756 Exempla
1102 682 1178 736 scrut
1200 673 1288 757 apud
1304 673 1473 738 Valerium

223 785 313 846 Max.
334 781 368 842 V.
388 781 419 844 8.
436 781 468 845 3.
483 791 520 845 et
537 782 567 842 4.
588 780 689 845 Unde
710 790 802 844 recte
825 779 959 865 quidem
979 781 1189 844 Hotomanus
1209 781 1244 843 in
1267 783 1391 844 Partit.
1411 785 1472 863 jar.

223 893 264 953 X.
288 891 338 952 10.
365 890 497 969 statuit,
522 881 766 953 abdicationem
791 911 859 952 non
880 889 979 952 fuisse
1001 888 1136 952 modum
1160 889 1314 954 solvendi
1335 890 1470 972 patriam

217 1005 439 1084 potestatem:
460 999 496 1061 in
512 1019 554 1060 eo
569 1007 679 1061 tamen
695 997 758 1081 ipsi
772 996 931 1061 adsentiri
946 997 1069 1078 nolim,
1089 996 1180 1082 quod
1195 996 1334 1061 Graecis
1349 1005 1469 1062 tantun

222 1117 304 1171 nota
326 1106 444 1188 suerit,
466 1107 534 1202 qni,
544 1105 668 1170 liberos
685 1111 749 1189 'per
772 1126 952 1189 praecones
977 1127 996 1168 e
1019 1105 1146 1169 familia
1170 1106 1293 1189 ejicere
1314 1106 1468 1182 solebant,

222 1217 324 1300 idque
344 1213 510 1278 vocabant
532 1213 672 1280 ἀπειπεῖν
690 1214 745 1276 vel
765 1211 988 1298 ἀποκηρύσσειν
1002 1213 1061 1277 -vel
1080 1214 1287 1298 ἒκκηρύσσειν.
1308 1215 1387 1277 Nec
1404 1237 1470 1298 pro·

223 1323 336 1387 babile
356 1331 423 1403 est,
444 1320 722 1404 Quinctilianum,
741 1322 817 1386 dum
837 1321 932 1406 hujus
954 1321 1173 1385 abdicationis
1193 1323 1296 1385 toties
1317 1323 1469 1403 meminit,

224 1431 379 1514 exempla
400 1423 526 1493 tanturn
552 1430 727 1514 puerilium
759 1429 1033 1517 exercitationum
1058 1449 1101 1490 ex
1126 1429 1332 1494 Graecorum
1358 1431 1469 1493 scholis

223 1539 372 1624 proferre
391 1537 544 1601 voluisse.
568 1537 729 1602 Graecum
747 1539 834 1602 enim
855 1539 941 1602 hunc
966 1539 1064 1601 ritum
1081 1538 1190 1601 etiam'
1204 1539 1294 1602 inter
1308 1538 1468 1600 Romanos

149 1668 152 1674 ·
223 1647 341 1712 sensim
367 1645 564 1726 inolevisse,
584 1647 731 1731 quamvis
758 1667 831 1710 eum
857 1646 951 1731 leges
973 1646 1147 1714 Romanae
1173 1646 1263 1710 haud
1285 1647 1465 1730 probarent,

224 1758 362 1841 adparet
377 1775 420 1816 ex
436 1737 471 1812 L
486 1753 516 1814 6.
535 1755 567 1817 0.
582 1756 619 1815 de
634 1759 727 1818 Patr.
744 1763 854 1838 potest.

739 1929 959 1938 --...-.-.-....

654 2053 740 2116 LIB.
760 2053 806 2117 II.
829 2053 920 2116 TIT.
936 2053 1042 2117 ·XIV.

831 2216 867 2254 DE

484 2335 797 2412 HEREDIBUS
822 2335 1215 2412 INS'HTUENDIS.

307 2504 393 2566 Satis
412 2490 575 2566 succincte
591 2500 675 2562 hanc
691 2501 859 2564 materiam
876 2503 1030 2568 tractavit
1046 2502 1289 2586 Tribonianus,
1307 2526 1406 2588 quum
1425 2504 1464 2565 la-

224 2611 287 2673 tius
313 2610 416 2673 multo
439 2609 607 2692 patuerint
632 2617 762 2670 veteres
786 2607 866 2672 iliae
891 2609 933 2670 de
957 2609 1352 2675 bereduminstitutione
1378 2612 1460 2694 leges

223 2716 360 2781 Juvabit
376 2737 468 2800 ergo,
486 2736 570 2800 quae
593 2716 729 2798 desunt,
746 2736 788 2777 ex
804 2717 1056 2804 antiquitatibus
1071 2717 1231 2780 Romanis
1247 2719 1414 2804 supplere.
1515 2699 1516 2770 i

807 2859 836 2939 §-
859 2858 889 2920 1.

535 2973 623 3026 Etiam
641 2972 830 3025 cercitudine
841 2983 970 3042 poterant
989 2974 1153 3041 teruisse).

307 3072 400 3135 Nihil
416 3073 585 3154 intererat,
600 3073 784 3169 liberumne
801 3075 872 3158 quis
887 3075 1064 3157 hominem,
1081 3097 1121 3137 an
1137 3073 1303 3138 servulum
1319 3074 1460 3139 heredem

224 3182 419 3244 institueret.
442 3181 527 3243 Nam
552 3188 586 3242 et
610 3181 696 3244 servi
719 3181 859 3245 heredes
879 3203 949 3244 esse
974 3189 1146 3265 poterant,
1168 3182 1237 3244 sive
1261 3183 1380 3262 alieni,
1400 3181 1460 3242 sire

223 3289 359 3372 proprii.
380 3288 453 3369 Illi,
475 3289 552 3373 quia
575 3287 793 3352 hereditatem
815 3290 1036 3374 adquirebant
1052 3289 1192 3352 dominis
1213 3289 1309 3354 adire
1326 3286 1456 3375 jubenti-

224 3398 300 3458 bus:
323 3395 373 3478 hi,
397 3395 475 3480 quia
489 3393 678 3459 libertatem
695 3395 791 3459 simul
807 3383 1105 3483 consequebantur,
1122 3405 1157 3459 et
1172 3397 1217 3459 sic
1232 3395 1461 3462 fiebant'hcre-

103 3495 107 3502 ¹
225 3503 336 3566 ditatis
358 3524 504 3586 capaces
527 3506 616 3567 Hinc
641 3511 707 3585 est,
730 3505 820 3589 quod
847 3506 931 3568 servi
950 3505 1095 3590 proprii,
1121 3505 1252 3582 nonnisi
1278 3505 1359 3568 data
1379 3501 1461 3566 simul

223 3610 391 3692 libertate,
403 3611 529 3674 institui
542 3620 688 3694 possent,
701 3611 808 3676 donec
822 3614 844 3676 J
847 3600 1035 3693 ustiuianus,
1048 3613 1070 3675 J
1073 3613 1301 3680 ureconsultos
1318 3610 1461 3696 quosdam

224 3727 398 3802 sequutus,
415 3719 655 3783 institutionem
670 3720 756 3783 servi
771 3721 914 3804 proprii,
931 3721 1029 3783 etiam
1046 3721 1116 3782 sine
1139 3741 1296 3803 expressa
1309 3717 1461 3784 libertatis

221 3825 370 3908 datione,
390 3825 502 3889 valere
518 3826 641 3891 voluit:
656 3829 693 3889 L.
706 3851 777 3911 pen.
795 3829 827 3890 0.
842 3830 881 3890 de
894 3821 1022 3890 Necess.
1037 3849 1117 3890 aero.
1133 3829 1235 3890 bered.
1252 3831 1350 3890 instit.

807 3981 837 4062 g.
857 3980 887 4042 2.

588 4097 643 4156 Qui
658 4095 768 4148 heredes
785 4097 886 4149 institui
901 4115 954 4148 non
963 4098 1119 4169 potuerint?

306 4194 439 4260 Iustitui
457 4199 566 4258 tamen
583 4217 650 4261 non
667 4207 821 4282 poterant
836 4198 862 4262 Ι.
874 4201 1041 4280 peregrini
1044 4243 1054 4270 ‚
1064 4197 1132 4299 xqui
1147 4195 1246 4280 plane
1262 4193 1347 4258 nihil
1362 4213 1403 4256 ex
1419 4201 1463 4256 te-

223 4331 522 4346 —nu———d-n—-s——s—

292 4402 325 4466 a)
345 4401 406 4466 Gaj.
424 4401 459 4452 11.
471 4401 493 4466 ς.
507 4405 651 4455 185-190.
669 4407 696 4454 et
713 4407 773 4456 276.
786 4431 817 4442 -
833 4402 898 4455 Vid.
916 4402 997 4466 Greg.
1015 4399 1184 4466 Majausius:
1207 4400 1311 4468 [Nepae.
1319 4400 1378 4467 jur.
1395 4410 1462 4447 num.

225 4484 353 4538 xxxss.
375 4485 427 4551 (Τ.
446 4487 467 4538 1.
485 4499 511 4550 p.
529 4491 588 4539 472.
607 4487 698 4554 squ).
718 4487 747 4538 0.
765 4487 798 4538 G.
823 4487 937 4540 Httbncr
955 4487 1049 4554 disput.
1066 4485 1128 4553 jur.
1153 4483 1220 4536 civit.
1240 4484 1317 4550 (Jeu.
1336 4485 1407 4536 1806.
1424 4479 1459 4543 8.)

225 4585 283 4634 cap.
302 4571 378 4620 VlII.
402 4567 487 4620 Miibl.
