3030 5160
297 430 300 439 .
377 365 433 437 lle
457 367 655 442 Vansoaun
680 369 990 444 Otnssnrrotmbs.
1078 378 1086 440 ἴ
1242 385 1310 452 551

50 543 134 606 inde
160 551 273 607 tamen
297 563 365 611 non
387 545 554 630 sequitur,
581 556 617 612 ut
640 546 858 632 stipulatione
879 550 981 614 fuerit
999 531 1095 634 'opus
1123 552 1313 618 Furmulam

50 650 191 714 dicendi
207 649 319 715 dotem
340 653 526 735 prodidisse
541 653 675 730 videtur
694 655 874 722 Terentius
892 658 1019 720 Andrus
1032 663 1103 720 Aet.
1126 660 1162 724 V.
1182 682 1225 724 sc.
1240 664 1271 726 4.
1284 685 1313 726 c.

47 759 101 820 47.
119 781 167 841 sq.
185 758 228 822 de
242 780 307 844 qus
316 760 387 844 jam
403 782 498 846 supra
515 761 642 846 egimus
657 763 750 825 libro
764 765 806 824 II.
826 764 885 828 aa.
906 765 993 826 VIII.
1010 765 1039 846 5.
1053 764 1084 828 6.

633 968 663 1049 s.
685 967 736 1036 19.

171 1081 249 1136 ,δι’πθ
267 1081 433 1150 reputatione
446 1078 673 1150 promittebantur
691 1101 796 1152 operae,
815 1084 893 1144 dem,
910 1100 1023 1138 masura
1041 1102 1057 1136 a
1075 1083 1184 1140 libertis.

138 1197 275 1261 Deinde
291 1207 326 1262 et
349 1200 419 1269 sine
436 1197 651 1282 stipulatione
667 1199 926 1264 contrahebatur
939 1200 1117 1286 obligatio,
1132 1201 1159 1264 si
1173 1199 1313 1266 libertus

48 1313 199 1388 patrono
215 1314 272 1368 aut
289 1307 420 1380 donum,
443 1315 500 1370 aut
517 1327 643 1380 munus,
660 1313 718 1370 aut
732 1327 845 1390 operas
860 1327 896 1370 se
911 1310 1143 1392 praestiturum
1153 1308 1314 1392 jurassets

51 1411 159 1496 Gajus
181 1413 253 1476 s'ls'd.
282 1412 445 1477 Sciebant
468 1414 555 1475 enim
576 1413 661 1476 servi
686 1412 826 1478 dominis
852 1414 1096 1479 manumissuris
1117 1417 1314 1502 promittere

52 1527 146 1584 certa
162 1520 260 1596 done,
276 1539 411 1583 munera
427 1519 472 1600 ¹),
488 1529 661 1606 certasque
673 1542 791 1604 operas
806 1520 883 1584 loco
900 1523 1039 1607 praemii
1050 1523 1315 1591 manumissionis

51 1627 173 1690 futura.
202 1623 311 1706 Quum
334 1649 414 1691 vero
437 1627 524 1691 servi
546 1628 681 1691 domino
710 1628 905 1712 promittere
928 1628 1039 1694 valide
1062 1628 1145 1694 nihil
1169 1640 1315 1716 possent,

52 1735 134 1819 quia
166 1734 330 1798 vinculum
354 1729 528 1819 potestatis
552 1735 710 1798 unitatem
740 1756 903 1822 personae
928 1736 1086 1801 inducere
1122 1733 1313 1802 videbatur:

52 1845 81 1924 §.
94 1841 125 1906 6.
136 1843 215 1904 Insl.
231 1843 270 1904 de
285 1843 390 1905 Inuls‘l.
404 1843 508 1924 stipat.
524 1841 724 1907 tenebantur
741 1841 792 1907 illi
808 1851 883 1927 post
899 1843 1186 1908 manumissionem
1202 1844 1312 1908 denuo

53 1971 88 2013 se
112 1949 266 2033 obligare
281 1949 515 2034 jurejurando,
533 1949 622 2034 quod
647 1951 674 2013 si
696 1949 808 2015 dicere
825 1949 971 2032 nollent,
993 1973 1035 2014 ne
1056 1949 1155 2015 liberi
1178 1952 1311 2036 quidem

54 2056 308 2120 addicebantur:
331 2055 400 2120 (lic.
420 2057 540 2138 oport,
553 2057 597 2118 ad
614 2060 754 2120 Atticum
774 2055 843 2120 VII.
862 2057 893 2122 2.
921 2055 1025 2123 Simul
1047 2079 1085 2122 ac
1107 2080 1187 2123 vero
1204 2061 1314 2144 juras-

54 2173 127 2227 sent
142 2163 274 2246 liberti,
290 2163 381 2228 nulla
397 2185 479 2246 opus
496 2173 568 2227 erat
584 2163 808 2248 stipulatione.

392 2480 533 2550 &malis
551 2487 688 2536 connata
700 2497 755 2550 per
770 2479 973 2550 stiptdats'mm.

140 2599 180 2661 In
197 2597 309 2682 primis
325 2598 578 2676 observandum,
594 2597 831 2660 nobilissimum
850 2594 1098 2684 stipulationum
1115 2596 1311 2660 conventio*

54 2706 181 2770 nalium
195 2724 300 2790 genus
319 2705 641 2785 discesserimus,
662 2705 705 2768 de
720 2701 838 2789 quibus
854 2725 954 2788 quum
973 2702 1056 2766 nibil
1075 2703 1108 2768 in
1124 2703 1311 2768 institutio-

54 2814 152 2878 nibus
168 2813 514 2892 dixeritlustinianus,
526 2831 632 2896 pauca
642 2811 856 2876 monebimus.
871 2811 949 2874 Fuit
964 2810 1027 2874 boc
1042 2811 1076 2873 in
1093 2831 1184 2872 more
1196 2809 1310 2895 priscis

54 2922 261 3006 temporibus
273 2922 415 3005 pesitum
429 2919 517 3003 apud
529 2921 677 3000 Latinos,
690 2927 737 3000 ut,
754 2919 811 3002 qni
825 2937 962 2981 uxorem
981 2917 1136 2982 ducturus
1156 2923 1253 2995 esset,
1269 2917 1311 2982 ab

55 3052 118 3112 eo,
135 3030 193 3113 qui
216 3027 510 3113 nuptumdaturus
531 3034 621 3107 erat,
637 3047 709 3090 earu
729 3027 762 3088 in
786 3024 1027 3089 matrimonium
1049 3025 1160 3089 datum
1185 3025 1247 3090 sibi
1268 3026 1310 3090 irl

54 3138 282 3223 stipularetum
299 3136 450 3220 alterque
465 3134 656 3218 sponderet,
672 3132 759 3197 unde
774 3139 810 3195 et
823 3136 1050 3214 sponsaliorum
1062 3153 1182 3196 nomen
1199 3138 1310 3196 natum

55 3254 106 3310 est
119 3249 174 3327 ¹¹).
196 3245 232 3308 Si
247 3265 314 3311 non
331 3244 408 3308 data
424 3244 539 3306 fuisset
552 3263 648 3325 uxor,
660 3261 795 3327 sponsus
810 3239 955 3304 babebat
969 3239 1134 3303 actionem
1148 3259 1190 3301 ex
1206 3240 1310 3322 stipu-
1381 3277 1388 3286 ·

55 3355 128 3418 latu
143 3353 199 3417 vel
214 3371 351 3436 sponsus
367 3349 498 3414 Gellius
512 3353 618 3415 Noctt.
636 3353 702 3413 All.
718 3350 775 3411 IV.
791 3348 821 3410 4.
839 3352 874 3409 L.
887 3346 917 3410 2.
932 3355 967 3410 et
984 3345 1022 3409 1..
1039 3345 1070 3408 e.
1086 3348 1127 3407 Β.
1142 3347 1182 3408 de
1198 3345 1310 3428 Sporus.

56 3463 133 3526 lam
147 3479 168 3523 a
184 3460 346 3526 Romanis
366 3458 500 3543 quidem
517 3477 585 3521 non
606 3456 746 3520 dabatur
760 3457 847 3520 actio
871 3475 914 3519 ex
936 3452 1091 3537 stipulatu
1108 3471 1151 3516 ex
1174 3467 1309 3537 sponsa·

57 3569 160 3633 libus:
176 3568 289 3652 etipsi
304 3575 414 3630 tamen
429 3564 696 3650 stipulationibus
711 3559 904 3627 utebantur!
916 3561 984 3642 (Cf.
997 3562 1025 3645 §.
1040 3560 1109 3642 ΒΞ.)
1128 3559 1236 3646 Hujus
1250 3579 1310 3622 re·

58 3677 138 3740 teris
160 3677 260 3739 moris
283 3670 385 3738 multa
408 3682 540 3738 exstem
561 3671 702 3754 vestigia
718 3670 805 3754 apud
820 3667 994 3750 Plautum,
1010 3669 1066 3754 qui
1087 3668 1122 3732 in
1137 3670 1310 3730 Aulularia

59 3784 102 3871 [*
114 3787 184 3847 Aet.
200 3783 245 3845 ΙΙ.-
259 3801 300 3844 sc.
315 3781 345 3843 2
361 3803 388 3842 c.
403 3781 453 3844 77.
469 3777 529 3867 sp]
552 3779 770 3864 Megadorum
792 3776 833 3840 ab
849 3775 1011 3842 Euclione
1035 3775 1135 3842 tiliam
1149 3773 1311 3857 stipulan-

59 3902 126 3955 tem
142 3890 270 3954 inducit
284 3889 333 3951 bis
351 3888 477 3952 verbisa
733 3887 748 3904 ‘'

57 4053 344 4069 Η

130 4147 160 4215 l)
182 4149 264 4200 Dona
282 4152 310 4198 et
326 4160 440 4198 munere
456 4143 616 4196 libertorum
634 4140 701 4211 quid
718 4139 826 4204 suerint,
841 4144 869 4190 et
886 4139 1024 4207 quoduam
1034 4137 1105 4190 inter
1123 4152 1155 4188 ea
1166 4132 1312 4188 discrimen

60 4230 253 4295 intercesserit,
276 4231 388 4283 docetur
405 4231 438 4282 L.
463 4233 502 4282 18.
521 4229 553 4281 L.
570 4231 627 4281 194.
653 4231 682 4278 et
699 4227 731 4278 L.
745 4229 805 4277 214.
826 4223 861 4276 D.
880 4222 911 4274 de
935 4221 963 4274 V.
981 4220 1008 4273 S
1027 4220 1106 4272 nude
1128 4217 1261 4273 Oisetium
1278 4216 1315 4270 cd

64 4321 172 4391 (ἴφια.
189 4315 251 4370 illd.
267 4316 347 4369 Heia.
366 4315 407 4371 Gt.
425 4329 508 4379 supra
527 4312 586 4368 Lib.
602 4313 637 4365 11.
658 4310 712 4364 Tit.
727 4309 790 4362 Vll.
810 4308 871 4384 §2
890 4304 978 4360 Mis’lsl.

131 4403 174 4469 m)
195 4400 274 4452 Unde
292 4415 347 4452 uon
370 4405 420 4462 est,
438 4398 513 4466 quod
537 4412 599 4448 cum
618 4393 716 4470 Verrio
736 4396 834 4448 Flacco
852 4391 925 4458 apud
944 4391 1054 4462 Festum
1080 4386 1140 4458 [*v.
1154 4383 1311 4456 Spondere]

62 4485 204 4553 sponsalia
221 4483 373 4536 derivemus
391 4499 407 4534 e
425 4479 516 4548 lingua
532 4481 646 4544 Graece,
665 4477 782 4545 indeque
794 4481 889 4554 natum
900 4474 1086 4528 existimemus
1100 4472 1128 4524 id
1144 4471 1312 4534 vocabulum,

63 4573 139 4641 quod
157 4569 252 4638 spousi
271 4566 399 4631 σπονδάς,
417 4565 584 4632 interpositis
603 4564 684 4618 rebus
702 4562 811 4627 divinis,
829 4563 956 4614 Iacerent.
976 4557 1056 4610 Heia.
1114 4573 1119 4578 ·
