3056 5168
227 397 302 466 738
655 390 731 458 hm.
756 384 817 459 lv.
841 388 925 489 'l¹rr.·
946 381 1058 458 xvlt.

226 589 289 652 per
302 568 473 650 epr'stalma,
494 566 579 648 quad
593 567 685 639 ualet,
699 567 861 647 injuratus
879 565 1045 646 prebebit?
1063 564 1183 630 Jacob.
1196 564 1398 630 Raevardus
1417 565 1481 626 Vas.

238 675 275 738 V.
289 675 319 738 8.
340 674 432 737 Petr.
446 673 558 737 Faber
572 671 722 734 Ssmestr.
737 673 763 735 Ι.
772 691 807 754 p.
820 671 893 736 212

819 820 850 901 §-
871 819 902 881 s.

612 935 709 998 Juds'ee
725 934 831 988 absente
849 935 903 987 diss
921 935 1115 1003 diffedebatur.
1252 998 1256 1002 ¹

318 1037 355 1102 Si
375 1038 448 1124 ipso
468 1036 523 1100 die
539 1035 660 1122 judicii
677 1057 744 1100 uon
761 1035 877 1101 aderat
892 1037 1017 1122 judex,
1032 1037 1087 1100 vel
1111 1037 1237 1112 morbo,
1252 1035 1313 1100 vel
1328 1035 1396 1100 alia
1405 1037 1486 1122 justa

235 1167 349 1211 caussa
369 1144 559 1229 impeditus,
579 1151 647 1207 tum
663 1142 733 1206 dies
749 1143 869 1228 judicii
884 1143 1125 1227 proferebatur.
1147 1144 1224 1222 Qua
1241 1143 1285 1206 de
1300 1165 1340 1206 re
1363 1145 1398 1207 in
1410 1144 1487 1228 legi-

236 1255 297 1318 bus
320 1253 396 1317 XII
420 1251 623 1315 Tabularum
646 1250 755 1314 fuerat
777 1261 923 1315 cautum:
945 1269 976 1318 ss
999 1268 1135 1316 uoauus
1157 1268 1345 1334 saurices,
1369 1269 1485 1330 vorsu,

236 1377 406 1426 sessuris
434 1377 521 1422 aare.
542 1376 645 1440 eaeo,
666 1375 737 1422 sur
758 1375 891 1424 saurus
919 1377 997 1426 urus
1019 1377 1088 1423 cuu
1118 1377 1230 1425 nosris
1257 1376 1485 1422 suranorum:

237 1486 312 1534 usu
334 1485 365 1532 sr
385 1484 470 1541 Quin
498 1483 619 1529 uoauu
643 1482 733 1530 suar
754 1483 852 1529 uuuu
877 1484 989 1530 Juurcr
1009 1484 1200 1530 sarrraosu
1221 1485 1354 1548 nuova,
1379 1485 1421 1529 no
1439 1483 1487 1528 urs

238 1590 424 1640 nluruusus
442 1591 545 1639 nsua:
568 1571 795 1636 Gotbofredus
809 1575 855 1636 ad
867 1573 940 1636 XII
955 1575 1046 1636 Tabe.
1062 1577 1124 1638 tab.
1139 1576 1182 1638 II.
1201 1573 1371 1654 (Dirksen
1390 1573 1487 1649 Zudls·

237 1687 382 1766 teselges.
396 1704 428 1766 p.
445 1679 651 1763 191-208.)
677 1681 727 1744 Ea
743 1681 830 1743 euim
853 1680 931 1766 lege
951 1681 1162 1766 permittitur,
1178 1690 1232 1764 ut,
1249 1681 1278 1746 si
1293 1681 1423 1766 judici,
1443 1679 1487 1742 sel

238 1813 298 1856 reo
323 1811 435 1853 caussa
457 1788 585 1852 sontica
605 1788 722 1872 fuerit,
737 1788 859 1873 judicii
874 1788 945 1852 dies
966 1789 1091 1852 differri
1113 1797 1243 1874 posset:
1265 1791 1306 1853 1..
1320 1788 1353 1850 2.
1369 1783 1398 1872 §.
1412 1787 1439 1854 3
1454 1789 1488 1849 D.

240 1899 278 1960 Si
290 1901 359 1980 quis
373 1897 536 1958 caueant.

827 1994 856 2075 g.
876 1994 907 2056 7.

586 2107 867 2178 Lttiqanmabsems
883 2111 967 2164 edsbto
986 2108 1145 2164 utebantur.

327 2211 364 2275 Si
379 2209 487 2296 judex
503 2209 645 2291 adesset,
659 2208 863 2292 litigatorum
880 2231 961 2274 vero
977 2211 1063 2274 alter
1077 2233 1111 2274 se
1126 2208 1215 2274 haud
1228 2209 1377 2288 sisteret,
1391 2230 1487 2295 neque

235 2321 358 2407 justam
375 2319 521 2383 adferret
541 2317 806 2398 excusationem,
827 2325 906 2380 tuuc
926 2319 1043 2400 absens
1059 2319 1176 2383 edictis
1197 2317 1377 2381 citabatur.
1399 2317 1487 2380 Initio

159 2434 164 2444 '
244 2428 331 2492 enim
354 2426 461 2491 altera
481 2447 556 2511 pars
575 2425 712 2510 petebat
728 2423 870 2488 edictum
894 2426 1043 2511 primum,
1062 2425 1183 2489 deinde
1197 2425 1261 2510 'per
1283 2424 1486 2490 intervallum

243 2558 311 2602 uon
325 2537 429 2598 minus
446 2533 560 2597 decem
576 2529 714 2616 dierum,
729 2533 881 2615 alterum,
897 2555 935 2596 ac
957 2534 1099 2611 tertium,
1116 2555 1154 2596 ac
1169 2528 1318 2618 denique
1342 2535 1486 2618 impetra·

242 2643 300 2706 bat
322 2657 583 2723 enarmonium,
610 2641 693 2721 quad
711 2640 785 2702 inde
809 2623 864 2702 bac
890 2661 1001 2703 nomeu
1021 2649 1198 2714 sumserat,
1222 2643 1309 2722 quad
1330 2645 1486 2722 pertineret

243 2751 510 2831 disceptationem,
532 2748 587 2808 boc
601 2755 658 2821 est,
679 2749 766 2808 ultra
780 2767 843 2809 aaa
859 2757 1026 2830 pateretur
1045 2750 1262 2811 adversarium
1281 2749 1483 2830 tergiuersari

245 2857 498 2920 Omnndnabatur
520 2858 601 2917 em'm
622 2860 667 2930 is,
698 2858 755 2937 qui
772 2855 905 2917 edietum
930 2855 1076 2930 dederat,
1098 2860 1191 2918 etiam
1217 2857 1350 2918 absente
1377 2857 1485 2917 debesa

239 2973 349 3049 parte,
374 2967 572 3046 cogniturum
593 2983 627 3024 ss
639 2949 679 3024 'et
694 2965 1001 3044 prenuncsbturums
1021 2963 1059 3024 L.
1080 2961 1132 3026 68.
1147 2960 1183 3024 L.
1201 2961 1251 3024 69.
1273 2964 1314 3025 J..
1333 2959 1389 3024 70.
1406 2963 1442 3023 D.
1454 2961 1484 3020 ds

244 3073 383 3136 Juds'cs'r's.
404 3069 483 3133 Non
505 3090 634 3154 semper
648 3078 758 3134 tamen
776 3079 917 3154 quatuor
930 3091 1013 3154 opus
1030 3079 1101 3132 erat
1117 3070 1243 3151 edictis,
1260 3069 1322 3133 sed
1336 3089 1486 3132 nonnum-

245 3199 342 3264 quam
358 3178 432 3260 tria,
447 3198 690 3262 nonnumquam
707 3178 784 3259 duo,
799 3197 1042 3262 nonnumquam
1058 3201 1155 3240 unum
1169 3198 1229 3259 pro
1250 3177 1395 3240 omnebus
1410 3173 1486 3238 suffi-

245 3271 371 3368 ciebat,
394 3288 477 3369 quod
495 3290 661 3349 aestimare
679 3286 838 3366 oportebat
859 3306 940 3359 eum,
962 3289 1018 3368 qui
1029 3288 1090 3368 jus
1108 3286 1243 3357 dicebat,
1263 3294 1298 3346 st
1314 3305 1375 3368 pra
1391 3281 1484 3345 sandi-
1518 3297 1521 3348 t

244 3398 327 3456 ts'orse
346 3414 478 3456 caussae
496 3396 546 3456 ost
559 3413 732 3475 personas,
753 3395 803 3454 uel
821 3395 981 3473 tempores,
1001 3393 1139 3455 ordinem
1155 3393 1330 3454 edictorum
1348 3393 1395 3455 ost
1414 3409 1487 3451 oam-

242 3502 391 3583 pends'um
408 3503 582 3564 moderari:
603 3502 640 3563 L.
655 3501 761 3565 721).
776 3503 814 3563 de
828 3501 959 3564 Juds'cs'a's
972 3500 1016 3581 r).

827 3650 856 3732 ς.
877 3647 907 3712 s.

247 3766 408 3818 Praeseates
407 3762 542 3834 jurabant
553 3766 718 3820 calumniam.
729 3765 884 3836 Tumfiehat
892 3783 999 3818 caussas
1009 3763 1142 3834 conjectio.
1155 3763 1226 3816 Hae
1238 3771 1364 3814 aratores
1373 3758 1486 3814 diceban

328 3866 526 3930 Praesentes
552 3867 683 3954 utrique
712 3865 882 3952 litigantes
909 3865 1018 3928 statim
1038 3863 1243 3951 jubebantur
1258 3861 1380 3947 jurare
1411 3859 1487 3923 calu-

241 3972 380 4058 mniam,
402 3981 437 4036 ut
459 3973 628 4057 superiore
650 3972 748 4038 titulo
775 3973 933 4053 diximus,
956 3974 1046 4058 cujus
1068 3973 1117 4034 rei
1133 3967 1322 4052 exemplum
1342 3980 1395 4032 est
1413 3963 1485 4051 apud
1519 3967 1520 4036 l

249 4079 442 4176 Ciceronem
472 4079 613 4168 [*0rat.
632 4104 693 4169 pro
723 4083 758 4159 Q.
781 4081 891 4142 Roscio
924 4081 1071 4142 Comaedo
1092 4102 1116 4140 c.
1138 4077 1190 4164 1.]
1213 4077 1300 4140 Tum
1316 4077 1405 4162 jussi
1427 4084 1486 4138 suut

135 4255 139 4261 ,
247 4189 379 4270 patroni
404 4187 528 4252 dicere:
556 4190 591 4252 id
613 4191 703 4274 quod
732 4190 858 4253 duabus
879 4189 982 4253 fiebat
1007 4188 1150 4269 vicibus,
1179 4185 1335 4269 adeoque
1368 4177 1484 4268 patrari

313 4403 340 4468 ἶ)
359 4405 396 4455 st
413 4417 535 4469 non-per
550 4400 683 4469 jadicem,
708 4402 756 4454 scd
773 4414 822 4468 per
839 4403 997 4454 Praetorem
1015 4401 1082 4452 hsec
1099 4377 1186 4453 edicta
1203 4399 1440 4466 proponebantur.
1455 4395 1484 4447 u

136 4533 139 4540 .
250 4481 352 4548 Zeuger
380 4479 466 4538 vater
488 4485 535 4539 das
564 4487 742 4539 Vadimonium
760 4487 810 4540 der
830 4487 933 4541 Riimsr
949 4501 974 4554 p.
996 4489 1038 4539 st.
1059 4501 1119 4554 sqq.
1136 4491 1265 4551 strupra
1283 4485 1337 4538 ms
1356 4487 1404 4538 Vl.
1423 4483 1485 4551 §.1⁹-

249 4573 304 4619 not.
321 4585 344 4621 e.
364 4569 449 4624 uuit.
