3056 5154
454 669 539 733 LlB.
561 669 622 734 IV.
644 670 785 778 Τ1Τ.Ῑ.

601 855 637 893 Dll

61 965 467 1078 mamburnos,
492 987 637 1087 Quin
662 988 734 1062 nx
759 987 991 1063 nunrcro
1016 989 1246 1066 nascun-

222 1107 354 1197 ruu,
381 1109 448 1183 nc
473 1109 690 1184 Primum
714 1109 786 1184 ns
812 1109 1004 1185 runro.

61 1285 244 1348 {actenus
263 1285 304 1348 de
321 1286 593 1370 obligationibus,
608 1307 694 1370 quae
711 1309 754 1350 ex
769 1288 932 1350 contractu
944 1287 1165 1374 descendunt;
1173 1291 1242 1374 jam

71 1415 203 1478 ,quae
223 1413 271 1456 ex
289 1411 436 1456 usuroro
456 1394 717 1478 proficiscuntur.
737 1394 874 1458 Delicta
888 1416 968 1458 vero
984 1418 1081 1480 quum
1101 1396 1155 1460 vel
1172 1414 1244 1462 rru-
1298 1483 1301 1492 ⁴
1348 1473 1356 1483 ο

73 1501 159 1581 sint,
178 1499 241 1564 vel
259 1517 418 1564 ruamus:
433 1500 477 1564 de
493 1501 568 1582 illis,
585 1523 651 1564 non
669 1503 711 1566 de
724 1501 785 1586 his,
803 1503 868 1565 hoc
885 1512 919 1566 et
934 1505 1148 1588 sequentibus
1164 1507 1244 1568 titu-

61 1609 152 1686 5itur.
179 1609 329 1670 Privato·
344 1607 541 1673 dicebantur
561 1609 701 1690 delicta,
718 1631 804 1694 quae
831 1609 873 1672 ad
899 1631 966 1674 rem
990 1610 1187 1674 familiarem
1209 1621 1245 1676 et

61 1725 137 1778 ,tam
157 1715 389 1798 pertinebant,
405 1724 441 1780 et
456 1716 498 1780 de
514 1717 632 1801 quibus
647 1718 735 1780 actio
753 1739 819 1782 non
836 1717 938 1780 cuivis
954 1738 973 1781 e
988 1718 1125 1802 populo,
1137 1719 1195 1782 sed
1211 1720 1242 1782 ei

61 1833 172 1904 exat,
190 1822 247 1886 cui
265 1822 418 1886 damnum
440 1823 570 1906 datum,
591 1823 755 1908 injuriare
772 1826 859 1890 facto
881 1825 1003 1907 fuerat,
1020 1828 1243 1910 competebat.

61 1951 76 1990 a
94 1937 197 1994 erant
212 1947 367 2010 sunnon,
382 1947 521 2012 RAPINA,
538 1948 686 1996 nnnuuu
701 1950 837 1998 intuma
852 1948 983 2014 usruu,
997 1950 1143 2024 rusunm.
1165 1934 1241 1998 Hoc

63 2060 84 2098 0
111 2037 215 2100 titulo
243 2031 287 2100 de
312 2037 400 2100 furto
426 2039 552 2122 agitur:
581 2038 623 2101 de
648 2038 785 2124 reliquis
814 2039 945 2104 delictis
967 2040 1001 2102 iu
1027 2042 1241 2126 sequentibus

61 2145 163 2207 nitur.

575 2261 604 2342 §-
625 2262 656 2325 1.

458 2376 531 2429 use.
540 2376 652 2442 mmm
665 2378 780 2432 ammi

72 2494 193 2557 Utrum
211 2517 229 2557 a
238 2495 360 2572 surus,
377 2492 411 2555 id
434 2501 499 2574 est,
515 2493 630 2577 nigro,
646 2516 687 2558 an
705 2517 723 2557 a
738 2494 876 2574 serendo
889 2495 1020 2574 surium
1037 2493 1241 2578 adpellatum

61 2624 114 2664 roc
130 2601 303 2682 delictum,
318 2609 429 2664 nostra
451 2623 563 2686 pamm
583 2601 697 2664 refert.
720 2602 817 2666 Prius
832 2603 982 2665 Labeoni
999 2600 1086 2686 apud
1104 2603 1241 2668 Paulum

61 2756 76 2770 ..
99 2711 141 2772 I).
160 2711 199 2770 de
213 2711 304 2771 Iberi.
326 2707 470 2772 Varroni
492 2709 526 2771 in
542 2709 672 2791 Frogm.
692 2732 733 2772 ec
755 2731 818 2772 rer.
840 2711 932 2771 dmin.
948 2709 1038 2770 XIV.
1065 2710 1181 2773 Servio
1202 2713 1247 2774 od

61 2819 129 2899 gilii
142 2815 268 2878 Aeneid.
289 2816 331 2876 ΙΙ.
347 2823 382 2878 et
397 2815 454 2876 IX.
476 2824 511 2878 ut
533 2823 567 2878 et
582 2815 696 2878 Nonio
712 2817 737 2876 1.
751 2815 823 2878 250.
840 2839 873 2898 p.
888 2817 960 2882 511.
981 2817 1144 2902 posterius
1160 2816 1244 2880 Gel-

68 2925 172 2986 Noctt.
189 2927 282 2987 Attin
298 2925 324 2984 Ι.
342 2922 393 2986 18.
412 2921 546 3005 placuit
575 2921 661 2984 Sane
683 2944 781 3006 quum
808 2932 842 2986 et
865 2921 986 2986 Graeci
1008 2923 1087 2987 olim
1110 2924 1199 2988 fures
1222 2947 1244 2989 a

61 3032 130 3092 mdc
144 3031 285 3094 vocarint
300 3033 421 3112 φῶραςε
437 3032 509 3114 quis
526 3029 665 3110 dubitet,
681 3029 760 3113 quin
777 3037 811 3092 et
825 3029 889 3091 boc
900 3029 1096 3094 vocabulum
1112 3032 1242 3116 origine
1292 3021 1298 3029 ’

61 3159 180 3212 aecum,
194 3137 376 3221 Latineque
398 3137 532 3200 civitate
554 3157 625 3198 cum
643 3136 715 3200 aliis
735 3135 890 3200 donatum
907 3117 967 3199 siti
982 3137 1041 3201 Est
1062 3158 1143 3201 vero
1158 3139 1242 3203 illud

65 3266 173 3308 eorum
188 3265 330 3324 numero,
347 3265 432 3332 quae
448 3267 522 3309 usus
541 3245 574 3308 in
589 3243 788 3308 deteriorem
806 3243 1078 3328 significationem
1095 3226 1242 3311 detorsit.

61 3375 92 3416 m
113 3362 145 3414 et
164 3372 261 3417 seruus
284 3351 363 3414 olim
388 3352 493 3415 dictos
510 3373 580 3416 esse
593 3354 707 3430 sures,
723 3351 873 3418 discimus
890 3371 909 3413 e
925 3350 1038 3413 Nonio
1053 3351 1112 3414 IV.
1126 3352 1199 3416 204.
1209 3376 1243 3436 p.

61 3463 82 3523 l.
102 3461 143 3524 Et
156 3466 244 3522 notus
259 3468 307 3522 est
322 3479 434 3523 versus
448 3460 584 3544 Virgilii
601 3460 634 3524 in
654 3462 788 3522 Boeotio.
804 3462 911 3541 ecloga
925 3457 955 3520 3.
971 3479 998 3519 o.
1014 3457 1065 3521 16.

153 3596 186 3637 rc.
209 3575 287 3651 Quid
307 3575 423 3659 dornrirr‘
432 3580 568 3656 saciant,
591 3577 710 3638 audent
730 3599 825 3660 quum
847 3575 924 3637 talio
937 3574 1056 3654 sures!

61 3689 128 3755 nari
143 3691 217 3752 enim
238 3691 402 3773 proprium
420 3702 491 3756 erat
511 3711 694 3768 servornm,
711 3700 847 3754 notante
869 3689 986 3754 Servio
1006 3688 1051 3750 od
1067 3691 1151 3752 bunc
1172 3691 1242 3754 Vir-

61 3804 85 3861 ir'
101 3820 224 3871 uersum,
241 3798 335 3879 adeo,
359 3808 395 3862 ut
418 3800 536 3862 furtum
560 3801 672 3861 servule
691 3799 840 3880 probrum
855 3803 954 3860 vocet
970 3795 1105 3861 Tacitus
1122 3799 1241 3862 Hister.

61 3906 119 3989 48„
135 3909 231 3968 servile
248 3911 352 3968 vitr'um
371 3905 543 3970 Salvianus
558 3908 598 3968 de
614 3907 840 3988 gubernatione
855 3905 919 3966 Der·
932 3903 988 3966 JV.
1010 3903 1064 3967 De
1087 3904 1165 3968 furti
1183 3902 1242 3968 de-

61 4013 160 4078 litione
185 4011 230 4076 hic
254 4011 363 4078 dicere
389 4034 513 4098 operae
536 4014 676 4096 pretium
698 4033 765 4076 uon
791 4022 885 4074 esset.
914 4010 1025 4087 Quare
1046 4013 1183 4095 primum
1207 4014 1241 4077 id

61 4129 178 4184 imtaxat
198 4141 322 4201 moneo,
350 4143 369 4184 a
392 4122 654 4185 contrectatione
677 4140 783 4195 rerum
810 4119 989 4182 alienarum
1010 4119 1243 4184 furesveteri·
1344 4167 1347 4173 .

61 4251 85 4292 rs
110 4227 191 4290 etiam
213 4237 349 4311 lagares,
380 4230 472 4315 quasi
497 4229 552 4314 qui
578 4249 630 4291 res
654 4227 778 4290 alienas
807 4226 995 4312 tetigerint,
1025 4226 1130 4290 dictos
1157 4250 1241 4292 esse:

61 4337 165 4422 ujacius
191 4336 350 4399 Observata
381 4337 433 4400 VI.¹
457 4338 487 4401 2.
520 4337 671 4416 Deinde,
695 4335 947 4398 Jureconeultos
972 4343 1102 4396 veteres
1128 4335 1243 4398 existi-

61 4465 143 4525 asse,
159 4463 247 4506 rerum
270 4443 368 4508 etiam
392 4445 606 4510 immobilium
632 4445 750 4508 furtum
775 4443 846 4506 fieri
866 4461 970 4526 posse.
994 4441 1080 4503 Sene
1095 4439 1130 4504 id
1147 4463 1190 4506 ex
1204 4443 1242 4507 Ι..

61 4552 84 4616 3.
103 4553 136 4614 l).
153 4553 185 4614 de
201 4549 302 4632 Uaurp.
321 4561 352 4613 et
375 4573 463 4617 usuc.
479 4554 601 4641 Plinio,
613 4553 697 4616 Hoc
716 4551 792 4612 Nat.
810 4551 852 4613 II.
868 4547 919 4613 68.
943 4558 977 4612 et
999 4547 1112 4618 Gellio
1137 4549 1244 4612 Novit-
1307 4557 1308 4560 ’
