3056 5154
228 389 300 454 m
678 339 1163 453 mmmm's

228 557 374 642 experiri
388 555 504 620 vellet.
525 555 635 635 Qrium
658 558 746 620 enim
769 579 812 621 ex
836 579 902 622 uno
924 557 1112 642 eodemque
1135 559 1226 623 iacto
1247 560 1359 644 plures
1382 583 1478 645 saepe

228 663 377 730 actiones
402 673 649 748 competerent,
665 665 824 749 eligenda
845 675 918 730 erat
939 687 1021 748 una,
1038 685 1146 750 eaque
1159 665 1295 730 &oda
1308 687 1386 731 reos
1410 669 1478 734 Gar.

228 772 383 856 Sigonius
397 773 437 833 de
444 774 610 854 judiciisI.
626 772 676 834 19.
686 795 719 854 p.
733 773 806 835 451.
827 771 872 835 Et
886 769 950 836 buc
965 773 1133 856 pertinent
1148 773 1208 838 illa
1223 772 1312 858 apud
1327 774 1476 838 Plautum

228 880 333 940 Persa
348 884 419 940 Act.
434 881 458 939 I
457 879 492 940 V.
507 901 549 941 sc.
564 878 596 940 9.
609 900 637 941 v.
651 878 682 940 8.
696 899 742 960 sq.

311 994 388 1056 Sar.
412 996 490 1076 Age,
513 995 692 1055 ambulatu
706 996 774 1075 jus,
796 996 875 1056 leno.
896 997 1003 1056 Dosa.
1024 997 1102 1076 quid
1121 1017 1170 1058 me
1187 1000 1220 1056 s'n
1237 999 1297 1078 jus
1317 999 1431 1058 noem?

312 1101 390 1163 Sur.
412 1101 466 1164 Ilo·
484 1103 571 1183 apud
590 1103 778 1163 Praetorem
799 1101 919 1164 dabam:
939 1105 998 1165 sed
1017 1123 1075 1186 ego
1095 1108 1128 1164 r'a
1143 1105 1201 1184 jus
1222 1123 1303 1165 coco.

227 1218 319 1282 Dicit
334 1216 478 1298 Saturio,
495 1234 560 1279 non
578 1236 660 1298 opus
676 1235 758 1296 esse,
772 1223 819 1297 ut,
837 1225 1013 1300 antequam
1029 1219 1063 1281 in
1074 1221 1132 1303 jus
1145 1227 1291 1300 ventum,
1306 1215 1473 1298 indicetur,

227 1347 284 1411 cur
298 1324 452 1387 lenonem
469 1324 502 1386 in
522 1324 578 1410 jus
591 1325 734 1387 vocarit:
756 1325 854 1387 moris
869 1345 959 1407 esse,
975 1332 1011 1387 ut
1029 1326 1116 1409 apud
1133 1327 1328 1390 Praetorem
1350 1325 1472 1387 demum

227 1434 346 1497 edatur
368 1431 471 1495 actio:
494 1435 529 1492 L.
545 1431 574 1493 l.
591 1434 630 1492 1).
647 1433 685 1493 ds
700 1433 840 1493 Edenda.
868 1431 1046 1495 Actionem
1072 1442 1165 1496 actor
1185 1433 1324 1518 primum
1342 1456 1360 1496 a
1375 1433 1474 1495 Prae·

227 1548 300 1603 tore
320 1555 551 1620 Postumiana,
570 1537 605 1602 id
627 1547 693 1620 est,
715 1539 872 1622 petebat,
888 1548 924 1604 ut
944 1539 1007 1604 sibi
1029 1539 1151 1605 liceret
1165 1541 1315 1604 eamdem
1340 1541 1372 1602 in
1387 1561 1474 1603 reum

226 1644 400 1710 intendere
415 1649 461 1726 t).
475 1646 596 1732 Neque
612 1647 700 1708 enim
715 1631 892 1709 Praetores
908 1669 1022 1710 omnes
1033 1647 1165 1711 easdem
1180 1648 1330 1711 actiones
1345 1647 1474 1728 dabant,

227 1753 374 1838 quamvis
392 1755 577 1837 generatim
599 1756 721 1818 Edicto
741 1755 985 1838 promisissent,
1008 1775 1042 1818 se
1069 1755 1312 1839 postulantibus
1334 1755 1474 1818 actiones

227 1863 368 1926 daturos.
393 1861 448 1924 Sic
463 1861 507 1922 M.
524 1863 669 1936 Drusus,
690 1865 828 1925 Praetor
848 1863 1006 1937 urbanus,
1028 1871 1113 1926 teste
1128 1862 1277 1925 Auctore
1293 1864 1338 1924 ort
1355 1863 1470 1924 Herm-

225 1973 312 2034 oium
333 1970 375 2031 II.
400 1968 449 2032 13.
469 1971 551 2049 quod
570 1992 639 2030 cum
666 1971 780 2032 beredo
807 1973 952 2041 mactati
968 1981 1129 2054 ageretur,
1146 1972 1303 2053 juds'csism
1328 1971 1454 2034 reddidit
1461 1995 1474 2038 ,-

227 2082 259 2140 ἅ
276 2079 381 2139 Julius
396 2097 458 2140 non
476 2078 621 2170 reddrits't.
642 2077 744 2140 Actio
756 2077 951 2163 plerumque
966 2077 1202 2163 postulabatur·
1210 2099 1274 2162 per
1288 2078 1472 2156 advocatos,

294 2269 327 2337 g)
347 2266 519 2331 lleineccius,
537 2285 599 2321 cum
617 2269 755 2338 plerisque
773 2270 833 2337 q'ns
845 2269 1009 2340 aequalium,
1027 2269 1065 2322 ita
1082 2285 1139 2322 rem
1157 2269 1296 2336 proponit,
1311 2268 1391 2338 qussi
1408 2283 1472 2319 secr·

225 2371 274 2421 per
290 2353 369 2407 venia
387 2354 521 2423 quaedam
544 2352 678 2419 agendis
695 2355 827 2408 Praetore
853 2355 934 2407 luerit
951 2355 1134 2421 impetranda,
1152 2354 1236 2424 idque
1258 2369 1320 2407 esse
1341 2354 1473 2422 postutare

225 2441 361 2492 acumem.
386 2439 434 2506 (In
452 2439 547 2492 eadem
565 2445 629 2491 sunt
647 2439 781 2492 sententia
798 2457 851 2494 van
869 2441 945 2492 Hecs
963 2439 1033 2494 Diss.
1052 2441 1122 2494 laud
1142 2441 1173 2492 de
1191 2441 1231 2505 iis,
1250 2457 1319 2508 qaue
1337 2439 1474 2507 antiquitas

224 2526 297 2593 apud
315 2526 450 2577 Romanos
471 2524 543 2575 inter
566 2523 710 2590 litipatcres
727 2533 787 2576 ante
806 2525 877 2576 litem
895 2533 1064 2578 consecutam
1073 2523 1191 2595 fiebant,
1210 2525 1231 2592 5.
1248 2529 1292 2577 41.
1310 2527 1354 2577 42
1370 2523 1399 2576 in
1416 2523 1474 2574 rei·

101 2663 107 2676 Ι
202 2601 207 2670 ’,
225 2610 294 2662 lenb.
304 2610 422 2677 jurispr.
437 2615 489 2661 ant.
508 2610 541 2661 Τ.
558 2609 581 2659 1.
599 2623 627 2673 p.
644 2611 704 2660 54³.
723 2623 764 2676 sq.
782 2613 810 2660 et
828 2610 918 2664 Giuck
931 2629 1033 2679 opusce.
1051 2625 1077 2676 p.
1095 2611 1155 2662 ³26.
1174 2623 1234 2677 sqq.
1253 2610 1275 2676 ξ.
1296 2611 1353 2677 Π.)
1377 2607 1475 2660 Potina
1524 2677 1525 2686 ἢ

225 2699 315 2748 tamen
333 2691 561 2756 existimaverim,
580 2691 614 2743 ad
639 2691 860 2747 constitutionem
879 2693 1007 2760 actionis,
1028 2694 1045 2748 i.
1063 2711 1086 2748 e.
1100 2692 1211 2762 judicii,
1231 2693 1400 2745 referendam
1417 2707 1475 2743 esse

225 2777 435 2846 postulationem
455 2778 511 2844 (cl.
531 2776 637 2829 Clade
659 2777 755 2830 invent.
774 2779 809 2831 Il.
828 2783 868 2832 19.
888 2789 955 2832 orat.
978 2781 1081 2849 pcrtitt.
1099 2783 1141 2832 28.
1166 2779 1195 2832 in
1220 2779 1295 2832 Verr.
1313 2779 1365 2830 111.
1380 2781 1426 2830 65.
1442 2803 1474 2813 -·
1524 2777 1525 2846 j

225 2862 415 2917 Goldsobmidt
438 2860 505 2913 iiber
527 2862 594 2915 Lr'tr‘s
623 2862 799 2916 Contestation
821 2863 877 2916 und
899 2862 1042 2918 Elnreden.
1068 2865 1123 2918 Fri.
1147 2867 1221 2918 1812.
1238 2865 1260 2932 §c
1278 2867 1304 2914 2.
1322 2879 1350 2928 p.
1367 2865 1473 2916 7-12
1524 2873 1525 2876 ’

224 2949 318 3000 Keller
341 2945 407 2998 iiber
424 2948 456 3002 L.
478 2947 507 3000 0.
524 2965 551 3000 u.
574 2948 678 3000 Urtieii
700 2948 721 3015 ξ.
743 2953 769 3001 3.
787 2964 814 3015 p.
832 2953 874 3002 32.
893 2963 933 3018 sq.
957 2953 1012 3003 not
1030 2949 1082 3016 3.),
1098 2949 1324 3016 impetrationem
1349 2961 1417 2999 vero
1441 2947 1473 2998 ad
1524 2957 1525 3018 j

224 3033 358 3084 actionem
381 3047 437 3084 non
459 3033 627 3098 vulgariam,
645 3034 662 3086 i.
681 3049 705 3086 e.
725 3035 815 3088 edicto
838 3033 961 3086 nondum
983 3035 1200 3100 propositarum,
1218 3034 1388 3100 petitionem.
1417 3033 1474 3083 Hae

224 3116 296 3170 enim
313 3131 397 3169 eausa
413 3117 524 3168 demum
546 3119 653 3184 cognita
671 3120 790 3184 primum
807 3134 825 3171 a
842 3119 1018 3171 Praetoribus
1045 3121 1186 3184 dabantur,
1205 3119 1305 3172 deiude
1323 3119 1473 3186 principum

224 3200 514 3268 rescriptis'impertiri
536 3202 690 3269 petentibus
714 3203 810 3256 solitae
834 3211 905 3258 suut.
936 3204 1044 3267 Quodsi
1070 3204 1131 3273 quis
1159 3204 1261 3256 omissa
1285 3203 1473 3270 impetratione

223 3287 356 3341 actionem
375 3287 540 3350 instituebat,
552 3303 609 3340 nou
627 3288 786 3353 impetratae
799 3290 915 3343 aetionis
931 3291 1093 3356 exceptione
1107 3289 1240 3341 removeri
1257 3293 1375 3354 poterat,
1394 3287 1473 3354 idque

219 3376 268 3442 jus
291 3387 379 3442 usquc
397 3373 432 3426 ad
450 3372 599 3425 Theodosii
617 3375 652 3425 il.
671 3380 794 3441 tempora
817 3381 1006 3428 conservatum
1030 3379 1079 3427 est
1104 3373 1207 3443 Ecquis
1232 3379 1326 3424 autem
1345 3370 1407 3434 erit,
1423 3369 1469 3438 qni

224 3462 312 3523 putet,
337 3457 438 3510 nemini
466 3457 578 3510 omuino
604 3474 684 3525 agere
708 3458 834 3524 licuisse,
858 3460 910 3513 nisi
936 3459 981 3513 cni
1006 3461 1035 3514 id
1063 3460 1097 3512 ab
1122 3460 1288 3524 imperatore
1313 3471 1474 3510 concessam

223 3543 278 3597 siti
302 3544 364 3594 Jam
381 3557 447 3593 vero
470 3543 641 3596 Theodosius
659 3545 695 3596 il.
713 3545 875 3611 impetrandi
892 3545 1078 3598 necessitatem
1102 3543 1224 3607 sustulit,
1243 3547 1382 3595 statuens:
1408 3541 1475 3592 nulli

223 3641 335 3694 prorsus
353 3641 408 3678 nou
425 3626 583 3692 impetratae
601 3627 734 3682 actionem
752 3631 869 3697 opponi,
885 3631 1035 3683 dummodo
1053 3635 1144 3696 aptam
1168 3628 1207 3680 rei
1219 3632 1248 3679 et
1264 3626 1412 3694 proposito
1430 3643 1476 3679 ne·

222 3713 298 3780 gotio
315 3717 511 3777 competentem
535 3729 595 3766 esse
620 3715 753 3768 actionem
780 3715 932 3768 constiterit
953 3715 1000 3784 (I.
1021 3721 1044 3769 l.
1066 3715 1095 3768 0.
1119 3714 1169 3766 rt.
1188 3714 1220 3765 de
1244 3715 1342 3765 omissa
1365 3712 1476 3764 ecam

222 3798 411 3866 impetratione.
436 3799 469 3851 L.
486 3804 511 3852 2.
529 3799 596 3852 Iast.
618 3800 647 3852 C.
667 3801 698 3851 de
716 3801 811 3852 amisse
833 3801 941 3854 actionis
961 3799 1171 3870 impteti-atione),
1191 3799 1266 3867 quod
1284 3799 1326 3852 sio
1342 3799 1476 3864 interpre-

223 3883 334 3936 tandum
357 3899 417 3936 esse
440 3899 552 3936 censeo:
575 3883 690 3937 liberum
716 3899 776 3937 esse
802 3885 954 3954 cuicunque
975 3885 1112 3939 actionem
1138 3881 1295 3946 instituere,
1314 3899 1387 3952 qnae
1412 3885 1477 3951 jure

222 3969 316 4022 innixa
333 3970 458 4036 factoque
475 3970 617 4035 proposito
635 3970 798 4023 conveniens
816 3971 859 4033 sit,
878 3971 940 4023 licet
952 3971 1048 4024 nullibi
1066 3970 1186 4037 vulgaris
1200 3969 1260 4035 ejus
1278 3969 1400 4022 formala
1412 3983 1475 4035 pro-

221 4056 311 4122 posita
325 4053 483 4106 inveniatur.
495 4083 527 4094 -
537 4056 579 4107 Re
596 4054 656 4120 ipsa
667 4053 808 4108 nobiscum
821 4054 974 4109 consentire
991 4055 1097 4110 videtur
1108 4055 1226 4108 Liibrius
1240 4052 1418 4121 (Urbes-stelit
1430 4054 1475 4104 der

222 4141 270 4193 dar
288 4138 460 4191 Prieatreclst
478 4137 662 4210 betrefflndea
677 4138 881 4193 Gonsn'tutioaen
896 4142 945 4192 der
963 4140 1042 4194 R'e'm.
1062 4141 1161 4194 Kaissr
1178 4157 1228 4192 eoa
1244 4139 1373 4192 Tlreedos.
1387 4139 1474 4191 Il.-

220 4224 355 4277 Jastiniea
372 4239 399 4289 p.
416 4229 458 4276 bl.
476 4237 518 4290 sq.
535 4228 590 4275 not.
608 4225 659 4293 2.),
677 4225 730 4280 nisi
749 4227 823 4295 quod
842 4226 1034 4292 postulsdonis
1051 4225 1080 4279 id
1097 4225 1183 4280 tuisse
1200 4229 1307 4288 censet,
1326 4225 1405 4292 qnod
1424 4223 1473 4276 im·

220 4305 364 4375 petrationi
381 4308 507 4378 equidem
525 4308 624 4362 tribuo.
641 4311 674 4362 ln
687 4310 740 4363 alia
758 4316 847 4364 nmen
860 4312 910 4366 ivit
921 4313 1091 4366 Zimmernus
1104 4312 1121 4363 t.
1137 4311 1154 4364 t.
1171 4312 1192 4378 t.
1204 4311 1261 4362 110.
1275 4315 1332 4362 aot
1343 4315 1375 4373 l.,
1394 4311 1473 4376 cujas

221 4389 435 4446 dubitationibus
450 4392 565 4447 breviter
581 4396 711 4462 respondi
720 4401 778 4448 tum
793 4398 821 4450 in
839 4399 924 4452 libro:
942 4395 1048 4450 cessim
1063 4399 1111 4450 der
1122 4394 1386 4464 Forderunqereette
1398 4395 1420 4460 ξ.
1435 4395 1473 4444 l&

220 4481 275 4528 not.
298 4481 358 4530 324.
380 4493 407 4542 p.
436 4483 493 4533 164.
518 4482 559 4532 od.
578 4485 617 4543 a,
641 4486 698 4531 tum
724 4481 751 4532 in
774 4483 894 4537 ἀυτὴ-ᾖα
917 4483 1118 4535 Pandeetarum
1141 4483 1172 4534 T.
1191 4481 1212 4533 l.
1234 4480 1256 4546 ξ.
1283 4483 1342 4532 148.
1366 4485 1427 4530 not.
1446 4481 1472 4526 2·

219 4561 261 4613 ed.
279 4567 303 4614 4.
324 4561 409 4615 Min.
1041 4574 1044 4582 ’
