3056 5154
216 408 289 477 638
675 399 751 466 Lm
775 397 835 465 w.
858 396 942 480 Trr.
968 397 1026 464 Vl.

214 579 355 645 alterum
368 579 403 640 in
416 581 495 660 Jare
507 573 651 647 &buada
662 571 796 636 tertium
812 573 849 635 in
867 572 1044 650 referendo,
1059 579 1210 655 quartum
1225 572 1263 634 in
1277 575 1457 654 mapsam
1521 543 1522 612 Ῐ

214 687 357 772 positum
381 692 463 747 erat.
484 683 562 746 Duo
583 680 768 764 posteriora
783 680 877 763 jura,
897 699 996 766 quum
1018 678 1054 741 in
1078 677 1170 740 curia
1184 683 1222 742 et
1236 680 1377 744 comitiis
1393 701 1456 744 sese

214 791 438 872 exseruerint,
451 791 517 852 buc
533 810 601 852 non
614 781 786 872 pertinent
799 792 845 868 ε).
865 785 923 848 Ad
936 790 1098 866 mmmmm
1118 786 1209 870 quod
1227 787 1363 868 attinet,
1381 787 1456 851 illud
1521 773 1522 806 ³

207 902 263 987 jus
293 899 452 971 edicendi,
475 897 622 968 uocandi,
644 895 922 976 prebendeudique
944 891 1238 976 complectebatur.
1267 895 1385 957 Edicta
1408 895 1457 958 vel
1521 893 1522 934 l

206 1005 448 1093 jurisdictionis
464 1023 543 1066 suae
558 1001 730 1064 formulam
749 1001 847 1064 initio
861 999 1069 1082 magistratus
1082 1001 1327 1085 proponebant,
1342 1001 1395 1064 vel
1412 1023 1455 1083 ea,

213 1137 280 1201 qua
297 1111 488 1197 pollebant,
508 1109 723 1190 auctoritate,
739 1106 830 1192 quod
846 1099 950 1169 v'isum
970 1116 1060 1189 erat,
1079 1106 1307 1191 imperabant,
1325 1107 1361 1170 id
1375 1111 1454 1193 quod

137 1243 147 1253 ‘
212 1219 343 1304 saepius
360 1219 482 1291 factum
501 1237 574 1279 esse
592 1239 613 1279 a
630 1214 845 1293 Consulibus,
861 1213 1094 1298 Praetoribus,
1113 1214 1359 1296 Dictatoribus,
1377 1215 1455 1279 Gen-
1521 1273 1522 1298 ἶ

212 1327 351 1408 acribus,
365 1325 570 1410 reliquisque
584 1321 828 1406 magistratibus
842 1320 1002 1384 novimus
1024 1323 1152 1385 Vocant)
1160 1323 1217 1407 jus
1231 1321 1373 1386 vocandi
1387 1345 1457 1407 pre-
1521 1323 1522 1332 ’

211 1433 449 1517 hendendique
469 1434 641 1514 absentes,
650 1432 818 1514 prebermio
836 1427 981 1513 denique
991 1428 1048 1512 jus
1069 1429 1259 1494 abducendi
1273 1436 1456 1512 praesentes

213 1541 504 1627 complectebatur.
526 1539 626 1602 Unde
646 1539 704 1623 qui
725 1537 904 1600 vocatione
920 1535 1129 1620 gaudebant,
1150 1537 1341 1618 littoribus,
1359 1538 1456 1601 viato-

211 1651 317 1733 ribus,
336 1649 506 1732 servisque
521 1646 679 1729 publicis3
704 1645 761 1730 qui
778 1645 956 1728 pransione
973 1644 1161 1722 dumtaxat,
1174 1652 1212 1708 ut
1232 1645 1374 1709 Tribuni
1390 1645 1456 1730 ple-

211 1749 280 1840 bis,
296 1755 478 1822 viatoribus
493 1760 621 1817 tantum
637 1775 708 1818 cum
724 1752 826 1816 servis
841 1751 983 1834 publicis
998 1753 1191 1817 utebantur:
1214 1753 1344 1817 Gellius
1359 1755 1454 1816 Nocti.
1521 1823 1522 1840 ,

212 1869 281 1928 Art.
299 1865 392 1926 XIII.
407 1863 459 1924 12.
481 1861 549 1939 Qui
564 1870 683 1924 neutro
696 1862 774 1944 jure
789 1859 994 1941 fruebantur,
1009 1860 1116 1924 veluti
1129 1859 1343 1943 Quaestures,
1358 1861 1452 1923 iiser-

214 1973 262 2036 vis
277 1979 403 2035 tantum
419 1969 560 2054 publicis
586 1968 698 2051 stipati
714 1965 892 2051 prodibant
908 1968 942 2030 in
958 1967 1145 2050 publicum,
1161 1977 1195 2031 et
1214 1976 1292 2031 tunc
1314 1991 1381 2032 non
1399 1969 1454 2031 im-

211 2080 352 2164 perium,
366 2073 424 2141 sed
442 2083 641 2160 potestatem
658 2073 784 2137 habere
797 2075 1009 2139 dicebantur:
1024 2075 1098 2139 Car.
1112 2075 1268 2160 Sigonius
1281 2078 1322 2139 de
1337 2082 1455 2157 antiquo
1521 2137 1522 2148 ,

208 2189 286 2268 jure
300 2190 355 2247 civ.
370 2187 459 2247 Rom.
474 2187 500 2245 I.
514 2183 567 2246 20.
579 2205 610 2265 p.
624 2181 698 2244 220.

280 2455 311 2523 e)
330 2453 510 2520 Magistratus
533 2453 638 2516 partes,
657 2452 791 2516 quatenus
814 2447 926 2500 omuino
943 2451 1067 2516 spectant
1083 2450 1120 2502 ad
1143 2451 1216 2502 buno
1232 2453 1340 2514 locum,
1357 2448 1458 2502 duobm

210 2539 285 2594 bisce
301 2538 488 2591 continentur:
510 2536 622 2602 imperio
638 2538 666 2585 et
681 2533 879 2601 jamdictam.
904 2532 1052 2599 Imperium
1073 2539 1116 2586 est
1134 2535 1183 2601 J'us
1204 2534 1359 2601 imperandi
1374 2539 1400 2586 et
1416 2549 1458 2585 co·

151 2641 157 2655 ·
210 2623 290 2694 gendi
300 2643 308 2685 ;
328 2620 492 2688 jurisdictio,
511 2635 582 2686 quae
600 2617 711 2684 quidem
728 2617 757 2669 in
775 2619 841 2670 solis
859 2619 950 2670 causis
967 2617 1080 2683 privatis
1098 2626 1230 2685 versatur,
1247 2618 1277 2670 in
1295 2617 1457 2672 decernendo

211 2727 247 2761 ex
261 2705 365 2769 edictis,
378 2711 405 2756 et
421 2705 450 2758 in
465 2704 567 2772 judicis
583 2702 691 2755 datione
705 2703 795 2769 posita
812 2708 862 2754 est.
881 2703 1029 2769 Imperium
1046 2706 1090 2756 vel
1107 2721 1212 2756 merum
1223 2709 1272 2768 est,
1288 2704 1458 2756 velmixtum

211 2793 330 2855 Merum,
349 2791 424 2858 quod
442 2789 524 2841 etiam
538 2789 592 2855 jus¹
605 2785 690 2854 gladii
707 2788 848 2852 apellatur,
865 2792 1000 2852 potestate
1018 2789 1171 2841 continetur
1188 2787 1458 2841 animadvertendiin

210 2877 334 2931 homines
353 2875 537 2936 facinorosos3
556 2874 673 2926 mixtum
690 2877 740 2936 est,
758 2873 833 2940 quod
847 2872 1034 2939 jurisdictioni
1045 2874 1179 2937 cohaeret,
1198 2873 1257 2926 sire
1273 2887 1336 2926 eam
1352 2873 1460 2926 eomita-

211 2969 264 3016 tur.
281 2964 314 3014 lu
331 2977 420 3028 eoque
437 2960 530 3012 insunt
547 2963 574 3010 et
589 2957 783 3010 sententiarum
800 2959 973 3024 exaequatio,
985 2964 1012 3010 et
1023 2958 1230 3024 possessionum
1241 2960 1394 3012 dandarum
1407 2959 1461 3026 jus,

211 3052 238 3098 et
255 3043 353 3111 integri
371 3043 514 3096 restitutio.
533 3043 641 3106 Quodsi
657 3059 712 3095 non
729 3043 856 3094 cohaeret
873 3043 1016 3108 imperium
1030 3031 1229 3109 jurisdictioni,
1248 3046 1330 3112 quate
1347 3048 1390 3095 est
1406 3059 1460 3094 ma-

210 3132 373 3198 gistratuum
390 3128 527 3180 minorum
550 3144 572 3180 s.
591 3126 796 3193 municipalium
809 3127 872 3192 jus,
890 3129 961 3178 notio
979 3127 1086 3194 dicitur,
1105 3129 1184 3196 quasi
1207 3129 1296 3182 solam
1314 3129 1350 3180 de
1368 3144 1398 3179 re
1415 3127 1461 3178 ali·

211 3231 266 3284 qua
284 3214 466 3280 cognoscendi
484 3218 646 3279 potestatem
664 3212 816 3273 contineat;
835 3213 908 3263 unde
922 3213 1077 3280 plenissimo
1082 3214 1235 3281 jurisdictio
1252 3213 1285 3281 (i.
1297 3229 1321 3265 c.
1333 3229 1376 3276 ee,
1394 3227 1461 3281 quae

210 3315 272 3351 cum
290 3298 405 3364 imperio
423 3299 569 3366 conjuncta
586 3301 641 3366 est)
658 3297 725 3350 solis
744 3295 947 3364 magistratibus
965 3298 1116 3367 majoribus
1133 3299 1270 3352 tribuitur.
1289 3299 1369 3352 linet
1382 3297 1459 3360 enim,

211 3399 281 3452 quae
307 3383 415 3449 imperii
431 3391 509 3449 suut,
533 3401 589 3437 uon
614 3399 727 3450 prorsus
755 3369 880 3434 decsseui
904 3381 1071 3448 minoribus,
1090 3388 1180 3436 tamen
1204 3390 1253 3436 aut
1278 3401 1316 3437 ex
1339 3384 1460 3451 superio·

210 3485 271 3521 rum
294 3471 423 3522 mandato
446 3469 538 3521 omnia
562 3469 767 3536 peragebantur,
793 3472 842 3518 aut
859 3466 924 3518 certi
946 3467 1052 3533 legibus
1078 3469 1176 3523 limites
1203 3467 1345 3543 constituti
1371 3475 1461 3532 eraut,

210 3569 281 3621 quos
308 3555 438 3606 excedere
461 3555 534 3607 haud
557 3555 633 3608 licuit
654 3552 864 3618 municipiorum
886 3553 1098 3618 magistratibus.
1123 3555 1187 3609 Vid.
1206 3557 1238 3607 L.
1258 3559 1353 3608 1-4.
1377 3555 1413 3606 D.
1431 3554 1462 3604 de

201 3637 302 3708 jurisd.
326 3639 359 3692 L.
379 3645 401 3691 l.
419 3638 447 3690 in
465 3639 483 3691 f.
501 3641 588 3712 Daris
605 3639 676 3707 offic.
697 3640 754 3709 qiu
770 3639 815 3690 mci
829 3638 955 3690 mandata
977 3648 1016 3691 est
1033 3639 1135 3708 jurisd.
1161 3642 1194 3692 L.
1211 3645 1237 3693 b.
1253 3657 1298 3708 pr.
1322 3639 1360 3693 D.
1378 3640 1411 3692 de
1432 3655 1462 3690 re

201 3723 264 3793 jud
281 3723 315 3775 Ι..
333 3727 358 3775 7.
375 3723 397 3790 ξ.
413 3727 438 3776 2.
456 3725 493 3776 D.
511 3725 542 3776 ds
559 3724 631 3794 offic
651 3724 733 3775 Proc.
752 3730 778 3773 et
794 3721 844 3790 lep.
860 3724 893 3776 L.
911 3727 953 3776 26.
971 3725 1007 3777 D.
1026 3725 1063 3778 ad
1079 3724 1229 3792 martinpel.
1246 3727 1279 3778 L.
1297 3731 1324 3780 4.
1342 3727 1363 3794 5.
1379 3729 1408 3778 3.
1426 3721 1463 3778 D.

210 3808 243 3859 de
261 3808 355 3860 domno
372 3807 422 3874 inf.
451 3809 515 3861 Vid.
536 3814 564 3860 et
581 3824 652 3875 quae
675 3813 822 3874 supersunt
839 3825 874 3860 ex
892 3809 965 3875 Lege
989 3809 1023 3862 de
1041 3808 1131 3862 Gallia
1149 3809 1290 3874 Cisalpina
1310 3808 1384 3876 (sive
1401 3824 1462 3860 eam

210 3890 298 3944 dicere
315 3891 393 3944 malis
416 3893 547 3946 Rubrium
573 3892 686 3960 legem),
704 3892 787 3958 atque
812 3891 850 3944 ibi
873 3893 916 3944 vel
939 3894 1058 3946 maxime
1082 3910 1142 3960 cap.
1160 3899 1203 3947 22.
1220 3894 1268 3946 lin.
1286 3898 1331 3946 45.
1348 3909 1410 3962 sqq.
1428 3919 1462 3930 -

210 3977 267 4029 Gir.
285 3977 319 4029 de
336 3977 418 4044 hujus
435 3977 487 4029 loci
506 3984 677 4044 argumento:
697 3978 745 4028 Ge.
764 3976 863 4029 Christ.
882 3978 1017 4031 Gebaueri
1035 3979 1140 4031 Comm.
1161 3981 1192 4030 de
1203 3978 1393 4048 jurisdictione
1411 3994 1462 4029 ree.

210 4061 357 4113 hemmam
381 4061 528 4115 Romanor.
555 4063 721 4133 ejusdemque
750 4062 885 4114 doctrinae
910 4064 939 4116 in
966 4063 1113 4117 eamean
1135 4079 1186 4116 usu
1205 4061 1297 4130 (Lips.
1323 4067 1400 4118 1733.
1418 4063 1458 4126 ⁴.)

208 4163 232 4200 e.
251 4153 274 4200 l.
292 4148 313 4215 §-
332 4146 549 4213 1-5.§.s-10.
569 4148 613 4215 (in
629 4147 759 4200 Exercitt.
777 4145 871 4198 acadd.
888 4162 930 4200 nr.
948 4149 1028 4200 xvl.
1047 4164 1074 4214 p.
1088 4151 1148 4201 4³5.
1166 4149 1243 4216 sqq.)
1273 4149 1351 4200 nach
1368 4147 1431 4199 bist.
1432 4147 1459 4214 j.

209 4225 288 4295 1151,
305 4235 348 4284 26.
366 4236 393 4282 et
409 4225 515 4300 auperti
534 4233 624 4284 Kritik
642 4233 674 4284 Τ.
691 4231 742 4283 Ill.
760 4246 787 4296 p.
807 4234 865 4285 1⁷5.
882 4247 943 4300 sqq.
961 4234 993 4284 T.
1004 4233 1054 4284 vl.
1071 4248 1099 4298 p.
1109 4236 1171 4286 313.
1185 4247 1247 4300 sqq.
1265 4225 1376 4286 Ernesti
1398 4231 1458 4284 cu-

209 4316 247 4366 ris
267 4315 384 4368 ciceron.
405 4331 431 4368 r.
447 4317 609 4387 jurisdictio.
634 4315 772 4368 Zimmern
797 4315 876 4368 Ri'm.
902 4319 985 4368 Proe.
1008 4317 1030 4384 ξ.
1047 4321 1072 4369 2.
1096 4323 1123 4370 et
1146 4322 1172 4370 5.
1189 4347 1224 4357 -
1242 4317 1396 4384 Scriptores
1422 4315 1457 4376 hi,

209 4406 322 4464 excepto
335 4399 504 4466 ¹Zrnrnrerno,
519 4402 578 4468 J'am
596 4401 631 4454 ab
648 4392 796 4455 Ha'uboldo
814 4407 891 4454 erant
916 4402 1035 4465 laudati,
1053 4407 1082 4454 at
1098 4419 1149 4455 nec
1166 4401 1233 4454 satis
1251 4402 1391 4466 distincta
1410 4416 1457 4452 uec

208 4485 269 4536 loco
287 4484 434 4540 admodum
452 4501 581 4552 congruo.
602 4485 687 4539 ΜίὶΙιΙ.
