3056 5168
290 383 293 392 ’
339 499 344 506 ¹
414 396 469 466 Dn
494 397 695 468 Nonnumus
719 401 942 474 Annonam.
1235 411 1321 482 701⁸

47 573 228 636 laedamur.
241 571 313 662 011.
337 556 489 658 Cujacius
509 575 683 640 macana.
698 577 790 640 XIII.
804 579 835 641 9.
856 579 946 643 Hinc
964 581 991 644 si
1013 587 1138 646 tantum
1162 583 1309 670 adquisi-

47 687 120 742 tum
132 701 193 764 per
209 700 266 742 eos
281 688 379 762 esset,
392 687 548 765 quantum
566 682 677 746 damni
692 685 865 763 dederant,
875 687 1065 753 dimittendi
1077 691 1307 776 erant,'quam-

46 789 98 850 vis
114 786 208 851 nulla
222 788 420 870 interposita
437 798 535 870 esset,
551 790 599 852 uti
614 790 648 853 in
665 794 941 878 emancipatione,
957 796 1091 860 fiducia:
1105 798 1307 882 Papinianus

46 895 139 978 apud
156 898 286 958 Auctor.
312 897 420 959 Oollot.
435 896 537 980 Legg.
553 899 682 962 Mosos'c.
706 909 737 962 ct
755 902 888 964 Roman.
903 905 945 967 II.
960 901 990 966 3.
1010 905 1201 970 Manumissi
1223 929 1308 991 quo-

28 1024 116 1096 ¹que
138 1024 207 1066 non
231 1009 326 1066 eraut
346 1001 526 1068 libertinae
549 1003 766 1089 conditionis,
789 1009 847 1072 sed
868 1009 1108 1094 ingenuitatem
1131 1019 1317 1098 recupera·'

46 1112 131 1174 bant
152 1131 220 1174 uon
242 1131 352 1193 secus,
377 1134 415 1174 ac
444 1112 505 1176 filii
528 1137 547 1176 a
568 1123 707 1198 parente
730 1117 939 1181 venumdati:
963 1117 1208 1196 Quinctilianus
1229 1125 1306 1186 Inst.

48 1221 183 1281 Orator.
205 1217 239 1280 V.
255 1218 306 1280 10.
334 1218 430 1296 Quae
452 1222 563 1285 omnia
584 1221 618 1286 in
643 1223 744 1286 servis
766 1245 858 1287 secus
882 1247 917 1289 se
939 1227 1126 1310 habebant,
1149 1231 1204 1314 qui
1227 1251 1306 1294 vere

43 1334 145 1390 erant
167 1327 254 1388 servi
270 1326 351 1410 ejus,
369 1328 421 1390 cui
445 1326 552 1391 dediti
574 1329 714 1412 fuerant,
731 1339 766 1394 et
782 1332 891 1395 omnia
907 1334 1041 1400 domino
1064 1336 1125 1399 illo
1140 1359 1228 1401 novo
1248 1338 1306 1401 ad-

44 1433 237 1519 quirebant.
260 1435 296 1498 Si
313 1443 422 1515 tamen
444 1445 571 1500 tantum
591 1440 803 1523 corrasissent
825 1443 1005 1523 pecuniae,
1022 1450 1058 1506 ut
1079 1443 1155 1507 huic
1178 1445 1306 1510 satisfa-

45 1563 128 1606 cere
143 1551 288 1626 possent,
306 1543 558 1609 manumittendi
575 1554 610 1608 et
624 1545 674 1609 illi
691 1555 801 1610 erant=
817 1547 970 1632 Gujacius
991 1552 1164 1614 Obaoroott.
1173 1553 1265 1615 XIII.
1274 1553 1305 1615 9.

45 1649 119 1716 Sed
136 1649 284 1734 quamvis
303 1651 380 1714 satis
397 1651 453 1716 diu
469 1650 552 1714 haec
564 1653 702 1738 vigebat
721 1655 939 1737 consuetudo,
955 1656 1118 1742 siquidem
1134 1667 1168 1722 et
1183 1661 1306 1724 Paulus

45 1759 159 1822 adbuc
187 1757 275 1821 illius
300 1757 466 1824 meminit:
498 1761 651 1824 Sententt.
679 1763 819 1844 Recepit.
842 1764 884 1825 II.
906 1763 957 1827 31.
979 1765 1009 1826 9.
1042 1775 1160 1849 postea
1192 1776 1303 1831 tamen

45 1865 168 1930 sensim
184 1865 350 1930 obsolevit
372 1889 482 1930 noxae
499 1868 628 1932 deditio
643 1868 785 1932 filiorum
804 1870 1009 1957 filiarumque
1027 1872 1178 1954 familias,
1195 1896 1302 1960 eaque
1343 1889 1346 1896 ·

47 1974 197 2058 graviter
210 1973 414 2058 improbator
428 1977 469 2040 ab
485 1976 706 2070 Imperatore:
727 1979 755 2060 §.
772 1980 828 2042 alt.
847 1978 924 2042 last.
939 1981 979 2042 do
993 1980 1075 2043 Noa.
1091 1988 1203 2046 action.
1217 1983 1304 2048 adde

51 2087 88 2146 L.
106 2083 163 2146 alt.
174 2083 202 2164 ς.
210 2083 239 2146 4.
261 2081 293 2142 0.
309 2083 349 2143 de
363 2083 455 2146 mart.
470 2093 502 2144 et
515 2103 596 2146 sero.
611 2092 747 2165 corrupt.

610 2234 661 2327 s.
684 2247 714 2307 4.

475 2361 616 2414 Actiacum
634 2361 769 2414 nacoliam
786 2361 896 2416 indoles.

132 2463 211 2526 Non
233 2483 312 2545 vcro
334 2462 503 2547 proprium
520 2471 554 2526 et
572 2461 717 2547 speciale
732 2462 796 2526 boc
812 2472 884 2527 erat
901 2465 1040 2530 actions
1056 2467 1222 2552 cujusdam
1243 2489 1304 2532 no·
1395 2460 1404 2474 '

45 2593 141 2654 nien,
165 2572 224 2636 sed
248 2570 388 2657 qualitas
414 2572 575 2655 quaedam
597 2573 792 2647 dumtaxat,¹
806 2575 1099 2657 quaeactionibus
1125 2597 1161 2637 aa
1184 2577 1304 2640 delictis

44 2679 102 2744 vel
122 2685 218 2761 quasi
234 2681 351 2750 delr’otrb
369 2679 595 2765 adjiciebatur.
618 2679 707 2744 Hinc
730 2681 797 2745 alia
815 2687 895 2744 actio
914 2685 1037 2745 noxalis
1057 2692 1129 2746 erat
1140 2686 1238 2763 furta,
1260 2686 1303 2749 de

44 2811 114 2873 qua
127 2787 343 2872 legibulel
355 2771 557 2851 Tabularum
573 2788 621 2851 ita
636 2789 744 2852 fuerat
759 2797 904 2858 cautum:
922 2806 953 2854 sl
968 2806 1106 2872 SERVUS,
1123 2808 1303 2856 lusoienru

42 2913 200 2978 nommo,
228 2911 366 2959 runruu
388 2911 507 2973 aarum,
530 2899 708 2958 noxrauva
737 2912 863 2979 Noxm,
884 2913 1001 2960 noxnn
1023 2915 1189 2962 naamon:
1211 2902 1249 2963 L.
1271 2901 1302 2964 2.

41 3007 69 3087 ᾖ.
86 3004 179 3065 1.11.
195 3005 234 3064 do
253 3005 365 3065 Noaol.
386 3005 496 3065 action.
520 3001 746 3096 Gothofredus
768 3003 805 3064 de
824 3005 923 3087 Legg.
948 3006 1019 3067 XII
1038 3006 1129 3067 rabo.
1150 3007 1211 3069 tob.
1227 3005 1303 3068 XII.

44 3111 213 3193 (Dirksen
229 3113 472 3194 Zwbtstoselgeo.
482 3133 516 3193 p.
527 3107 734 3189 708-714.)
759 3109 839 3172 Alia
855 3116 934 3174 actio
950 3117 1072 3175 noxalis
1089 3115 1127 3176 dc
1140 3115 1217 3187 dolo,
1234 3113 1302 3178 alia

40 3221 171 3284 noxalis
189 3221 227 3280 de
242 3221 354 3282 domno
373 3221 494 3301 iujurs'a
511 3221 593 3290 dato,
609 3217 675 3281 alia
690 3221 811 3280 nonalis
828 3219 974 3282 orborum
984 3221 1103 3300 fartIm
1119 3240 1302 3281 coecorum:

38 3329 75 3391 L.
95 3327 128 3390 3.
144 3329 173 3409 §.
188 3327 218 3389 7.
235 3328 275 3387 D.
294 3329 348 3388 Ad
361 3328 458 3388 calab.
476 3327 512 3388 L.
527 3326 557 3388 9.
573 3326 602 3406 δ.
613 3327 643 3388 4.
661 3328 703 3388 D.
719 3328 758 3388 de
775 3327 852 3388 Dolo
869 3329 952 3389 malo
969 3325 1006 3388 L.
1023 3327 1073 3389 19.
1091 3333 1125 3388 et
1139 3326 1176 3388 L.
1192 3325 1243 3389 28.
1259 3327 1301 3388 D.

38 3439 77 3499 de
106 3435 225 3496 Norat.
244 3443 303 3496 act.
322 3435 360 3496 L.
375 3456 448 3516 pen.
465 3437 505 3496 D.
529 3435 680 3497 Commod.
702 3435 738 3496 L.
757 3437 812 3496 ult.
835 3434 866 3495 0.
890 3435 929 3496 de
951 3435 1043 3498 Part.
1064 3437 1098 3496 L.
1118 3433 1148 3496 7.
1163 3434 1191 3514 ἓ.
1213 3435 1242 3497 5.
1258 3436 1300 3495 Ι).

38 3543 123 3606 Ara.
138 3543 224 3620 surr.
240 3564 361 3604 caesor.
380 3542 511 3612 Eodem
528 3543 627 3605 modo
649 3563 691 3604 ex
715 3542 825 3604 edicto
841 3541 1079 3623 Praetoris,de
1102 3547 1135 3604 vi
1153 3544 1299 3606 bonorum

38 3661 210 3733 raptorum
227 3657 262 3713 et
278 3650 396 3714 ceteris
414 3650 543 3733 delictis
566 3651 704 3746 noxales
726 3649 982 3714 instituebantur
996 3654 1159 3716 actiones:
1181 3651 1301 3716 Hube-

37 3779 97 3821 rus
114 3760 284 3820 Proclectt.
301 3761 344 3819 orl
357 3759 434 3820 last.
449 3761 479 3820 b.
496 3769 516 3821 t.
528 3781 561 3841 p.
576 3757 648 3824 396.

631 3935 660 4016 ς.
682 3933 712 3995 a.

522 4049 659 4107 Quomodo
677 4049 830 4102 institutae?

128 4150 181 4213 Ea
198 4171 297 4234 porro
319 4151 432 4217 harum
449 4150 613 4214 actionum
636 4150 685 4213 vis
701 4157 774 4213 erat
789 4171 827 4212 ac
850 4158 1007 4234 potestas,
1023 4159 1059 4214 ut
1074 4150 1223 4214 dominus
1239 4173 1297 4234 pa-

36 4273 140 4326 terve
162 4259 218 4322 vel
235 4247 497 4323 aestimationem
518 4258 586 4322 litis
601 4258 757 4340 sufferre,
773 4257 827 4321 vel
850 4279 976 4322 servum
992 4257 1136 4322 filiumve
1159 4255 1298 4319 familias
1408 4267 1410 4270 ·

37 4514 91 4584 qui
111 4513 141 4566 ‘m
159 4511 294 4581 mancipio
312 4522 397 4581 erant,
415 4529 505 4567 noxae
523 4513 582 4566 dari
602 4516 740 4579 potamum
758 4529 815 4578 arg.
833 4509 936 4578 eorum,
955 4487 1025 4578 quae
1042 4511 1116 4577 apud
1128 4511 1189 4578 Gaj.
1204 4513 1307 4586 legun-¹

36 4609 85 4654 tur
106 4599 157 4651 1V.
176 4599 196 4666 t.
211 4602 254 4651 80.
272 4599 359 4654 Mb'bl.
