3030 5160
221 349 294 416 548
444 341 522 411 Lm.
546 341 610 414 111.
635 339 718 412 Tar.
742 340 966 410 xvh—XX.
991 340 1253 430 (xv-xlx.)

223 517 323 584 soluti
344 516 477 580 daretur
492 516 678 583 condictio:
699 517 738 578 L.
754 515 784 578 1.
797 521 867 598 fin..
877 516 915 578 L.
937 515 968 578 2.
985 516 1014 596 §.
1026 514 1055 577 1.
1071 516 1110 580 L.
1128 515 1157 578 4.
1175 516 1206 597 §.
1218 515 1299 580 21).
1313 519 1371 580 eod.
1387 520 1437 582 Ex·

225 625 368 710 emplum
392 624 520 706 insigne
546 623 711 688 Otaciliae
732 623 922 689 Laterensis
949 630 1058 689 exstat
1080 623 1168 707 apud
1190 621 1351 686 Valerium
1371 624 1438 688 Max.

222 734 315 796 VIII.
334 731 364 794 2.
381 731 413 794 2.
436 730 617 797 Commune
641 730 756 815 itaque
780 730 951 816 stipulatio
975 738 1048 794 erat
1068 730 1213 794 omnium
1235 729 1438 813 obligationum

141 911 146 930 .
224 838 530 923 adstringendarum
546 837 721 908 vinculum·
743 838 842 904 Unde
858 836 1078 903 adhibebatur
1093 837 1128 900 in
1142 836 1336 903 emtionibus
1350 839 1440 902 venh-

223 947 383 1012 tionibus:
405 944 514 1010 Varro
537 947 576 1007 de
598 967 635 1008 re
655 951 773 1007 rustica
795 947 838 1007 II.
857 944 888 1007 2.
905 945 935 1006 5.
967 944 1105 1008 Plautus
1132 945 1251 1026 Guptsb.
1277 944 1386 1030 [*Act.
1399 948 1439 1008 IV.

223 1079 267 1120 sc.
286 1056 317 1119 2.
334 1076 362 1116 u.
382 1049 477 1136 lle]
502 1051 540 1112 L.
561 1051 591 1117 3.
609 1053 638 1133 §.
654 1050 684 1113 1.
702 1053 743 1114 Ι).
762 1053 800 1114 de
817 1054 888 1114 Act.
909 1061 979 1115 emt.
1001 1051 1035 1114 in
1057 1053 1179 1136 pactis:
1207 1051 1303 1116 Pauli
1319 1053 1439 1116 Smtsatt.

223 1165 364 1243 Recepit.
389 1160 432 1220 II.
450 1157 502 1221 22.
519 1158 557 1219 L.
576 1157 606 1219 7.
624 1159 653 1239 §.
673 1156 724 1219 12.
742 1159 783 1220 1).
805 1160 844 1220 de
862 1161 953 1222 Paot.
971 1159 1007 1222 in
1030 1167 1158 1223 mutuo:
1186 1161 1222 1220 L.
1238 1158 1267 1220 6.
1289 1167 1315 1235 §.
1327 1159 1353 1220 1.
1368 1161 1400 1220 11.
1413 1161 1440 1222 ds
1480 1213 1481 1262 p

224 1271 340 1332 Nocet.
355 1263 615 1348 incantionibus
630 1265 686 1330 vel
701 1265 944 1350 chirographis:
959 1266 998 1346 L.
1012 1267 1064 1330 40.
1078 1269 1120 1330 D.
1136 1269 1215 1331 Iseo.
1232 1268 1333 1328 credit.
1348 1267 1377 1328 L.
1389 1267 1439 1329 lat

227 1387 255 1456 §.
269 1376 299 1438 1.
313 1376 355 1436 1).
369 1374 409 1435 de
427 1375 462 1436 V.
487 1375 523 1437 0.
541 1374 577 1435 in
592 1371 814 1438 locationibus
830 1373 1119 1439 conductionibus:
1135 1375 1173 1437 L.
1187 1375 1240 1434 54.
1250 1394 1300 1454 pr.
1314 1375 1350 1434 1).
1361 1373 1439 1436 Looat.
1480 1399 1481 1438 3

226 1486 266 1547 L.
279 1483 330 1545 58.
343 1503 397 1564 pr.
419 1481 460 1542 D.
481 1481 520 1542 de
534 1480 693 1562 Fidejuss.
711 1480 745 1543 in
768 1481 998 1548 societatibus:
1017 1480 1055 1544 L.
1075 1481 1127 1544 71.
1141 1483 1184 1544 1).
1201 1483 1268 1544 Pro
1284 1502 1339 1543 soc.
1354 1480 1405 1542 imo
1416 1480 1438 1542 in
1480 1469 1481 1536 J

226 1591 363 1676 reliquis
378 1586 599 1652 contractibus
615 1588 777 1652 omnibus.
1480 1577 1481 1602 ³

1480 1647 1481 1702 1

806 1737 901 1818 §.rs
1218 1785 1225 1800 .

485 1850 702 1922 Sapaiationsbas
718 1869 914 1922 nonnumquam
931 1853 1043 1906 adcessit
1057 1853 1226 1922 mancipatio.

311 1973 418 2035 Porro
440 1991 504 2033 nec
524 1969 559 2032 id
581 1969 909 2051 praetermittendum
932 1969 1073 2049 videtur,
1089 1969 1297 2053 stipulationi
1317 1989 1437 2032 nonnum·

229 2102 326 2166 quam
349 2077 454 2142 veluti
479 2075 697 2161 adpendicem
723 2076 900 2142 adcessisse
922 2076 1200 2160 mancipationem
1225 2098 1285 2162 per
1306 2097 1355 2140 aes
1373 2073 1436 2136 etli-
1480 2141 1481 2154 χ

229 2189 339 2251 bram:
359 2185 449 2270 quod
464 2183 498 2248 in
515 2185 825 2268 acceptilationibus
841 2184 962 2249 factum
978 2190 1114 2247 constat.
1136 2185 1289 2248 Pertinet
1303 2185 1357 2248 hnc
1370 2202 1437 2266 egre

229 2296 302 2382 gius
316 2294 408 2358 locus
421 2293 590 2356 Ciceronis
603 2294 642 2354 de
654 2293 754 2376 Legg.
768 2295 810 2354 II.
823 2293 874 2355 21.
894 2291 964 2352 Hoc
980 2311 1052 2353 sero
1068 2293 1145 2354 nibai
1162 2293 1385 2374 adpontitsium
1392 2292 1436 2370 jao,
1480 2301 1481 2360 1

175 2375 181 2394 ⁸
228 2411 291 2469 ets
310 2403 409 2463 mettio
427 2409 474 2463 est
482 2404 560 2483 jure
579 2402 667 2471 osbils',
684 2409 720 2461 ut
732 2421 791 2481 per
807 2421 861 2461 aes
884 2409 914 2460 et
931 2399 1041 2460 libram
1058 2399 1204 2461 heredem
1222 2401 1382 2463 testamenti
1397 2397 1436 2457 sol·

229 2520 314 2582 varst,
330 2519 362 2571 et
374 2509 479 2570 eodem
494 2509 559 2568 loco
574 2527 625 2567 res
642 2511 692 2578 sit,
704 2510 798 2588 quasi
808 2528 847 2569 eu
855 2509 995 2588 pecunia
1007 2507 1115 2588 legato
1131 2528 1194 2568 nom
1211 2516 1299 2569 esset.
1318 2505 1356 2568 Et
1367 2499 1436 2586 paulu
1480 2541 1481 2578 p

229 2628 307 2681 ante
325 2637 350 2676 o.
365 2613 417 2676 20.
442 2615 525 2690 Quin
543 2617 637 2674 etium
657 2619 776 2685 cavent,
792 2622 837 2688 ut,
853 2615 907 2674 cni
915 2613 991 2694 plns
1009 2615 1149 2695 legatam
1167 2619 1219 2692 sit,
1235 2635 1322 2696 qaam
1341 2615 1436 2672 sinem-
1480 2587 1481 2632 ³

229 2727 343 2806 ia'grbne
361 2741 474 2802 capere
496 2721 600 2791 liceat,
624 2721 651 2780 is
667 2739 729 2802 per
748 2739 802 2780 aes
824 2729 854 2781 et
877 2721 1153 2782 teramnensem
1175 2725 1347 2783 testamenti
1361 2719 1435 2785 sdan,

226 2839 396 2914 propterea
416 2827 500 2909 quod
513 2847 548 2887 eo
566 2827 631 2887 loco
649 2844 701 2886 res
722 2835 778 2899 est,
796 2831 842 2888 ita
860 2830 963 2889 solnta
985 2827 1166 2900 hereditate,
1187 2833 1280 2909 quusi
1293 2826 1436 2907 superauit

230 2939 338 3019 legata
358 2954 420 2996 nom
440 2941 530 2995 esset.
551 2930 711 2995 Addendi
731 2942 804 2996 sunt
825 2933 941 2997 Franc.
964 2934 1141 2997 Connanus
1159 2935 1320 2998 Commeat.
1330 2935 1385 3014 jur.
1399 2932 1435 2988 u'a.
1480 2911 1481 2920 ἵ

237 3043 308 3103 VII.
325 3040 355 3102 3.
369 3039 399 3102 2.
420 3040 537 3104 Jacob.
553 3039 746 3128 Raevardus
770 3041 814 3102 ad
829 3042 868 3102 L.
885 3039 936 3104 35.
955 3042 996 3102 D.
1015 3042 1053 3103 de
1074 3043 1154 3124 lieg.
1178 3043 1249 3104 Jnr.
1272 3041 1343 3104 Ger.
1355 3032 1435 3100 Noodt

230 3151 270 3211 de
284 3152 386 3231 pactis
408 3157 440 3209 et
455 3157 607 3210 transeat.
623 3171 648 3210 c.
663 3147 693 3212 8.
715 3147 755 3212 Id
774 3169 856 3212 vero
880 3169 922 3211 eo
938 3149 1043 3211 minus
1064 3149 1264 3232 mirandum,
1279 3169 1338 3233 quo
1351 3141 1434 3207 certiu

232 3265 293 3337 est,
313 3263 347 3318 et
363 3254 435 3318 aliis
451 3256 673 3319 contractibus
693 3254 735 3318 ad
750 3255 1011 3320 transferendum
1032 3255 1213 3320 dominium
1229 3278 1293 3320 non
1309 3269 1436 3333 compan-

231 3365 272 3427 tis
294 3362 471 3426 adcessisse
497 3367 763 3446 manmpats'smem.
790 3364 835 3426 Et
857 3370 935 3430 tunc
954 3383 1024 3426 rem
1048 3363 1171 3428 habere
1196 3364 1375 3428 dicebantur
1384 3357 1435 3437 jam

231 3475 323 3542 nouis
338 3470 495 3534 translato
509 3470 656 3534 dominio
664 3473 741 3551 jure
755 3474 909 3553 mancipii.
924 3471 1053 3547 Omnia,
1069 3492 1153 3554 quae
1170 3493 1232 3555 per
1246 3492 1298 3536 aes
1310 3476 1340 3530 et
1351 3465 1433 3530 libras

232 3577 471 3658 alineabantur‚
493 3586 589 3641 erant
615 3599 668 3640 res
687 3578 838 3660 mancipi.
860 3579 974 3640 Nesus
992 3586 1126 3663 quoque
1149 3589 1185 3644 et
1206 3577 1375 3658 monemuth
1389 3583 1433 3630 ¹¹⁰⁰
1480 3567 1481 3642 J

231 3678 430 3749 differebant
444 3686 572 3749 ratione
587 3684 684 3748 ritus:
698 3684 772 3765 sed,
788 3686 878 3769 quod
894 3685 936 3749 ad
953 3685 1104 3750 effectum
1122 3687 1258 3766 attinet,
1268 3687 1319 3770 jus
1332 3680 1396 3752 aeri
1412 3675 1434 3732 ⁸¹

224 3791 280 3876 jus
302 3797 438 3875 mancipi
459 3792 657 3856 differebant
682 3815 777 3879 quam
800 3793 951 3856 maxime.
973 3793 1123 3857 Probant
1146 3794 1180 3857 id
1203 3794 1269 3857 loci
1289 3782 1397 3854 Manilii
1412 3783 1434 3836 0

230 3899 414 3982 Scaevolae
437 3900 524 3984 apud
548 3901 732 3966 Varronem
753 3902 792 3963 de
813 3902 923 3982 lingua
946 3889 1087 3962 lut.'Lib.
1111 3903 1163 3964 VI.
1187 3901 1265 3987 [ψ.
1284 3897 1344 3959 100.
1358 3912 1391 3971 aq·
1405 3901 1432 3946 0¹

231 4008 302 4069 aetat.
319 4006 466 4092 Baptana]
491 4029 573 4092 quos
596 4009 731 4092 egregie
754 4008 897 4072 illustrat
918 4009 973 4072 Jo.
990 4008 1150 4072 Frideric.
1176 4003 1351 4073 Gronovius
1363 3995 1433 4076 spat

229 4112 301 4176 302.
323 4115 367 4174 ad
385 4113 494 4176 Claud.
516 4115 705 4179 salmasium
725 4120 758 4178 in
781 4117 909 4201 Sylloge
926 4117 1027 4199 Epist.
1048 4119 1105 4178 ssi.
1131 4117 1242 4178 musta.
1267 4114 1358 4192 serapt·
1377 4101 1431 4162 710

231 4221 273 4282 n.
283 4241 316 4302 p.
331 4219 402 4282 549.
417 4219 463 4302 ΙΙ).
1480 4211 1481 4230 ¹

300 4424 332 4491 h)
353 4426 446 4492 Longe
463 4427 551 4480 aliena
572 4427 624 4480 hoe
647 4425 675 4480 in
693 4429 754 4481 loco
777 4427 873 4481 miscet
898 4427 1062 4481 Heinocoius
1082 4435 1165 4498 atquc
1191 4389 1330 4481 confundit
1348 4405 1430 4478 111101Ε
1480 4427 1481 4436 ’

232 4505 329 4573 civilia,
339 4525 515 4578 quaecunque
533 4511 645 4578 privatis
663 4513 870 4567 solennitatibus
882 4513 975 4580 peragi
990 4514 1071 4569 solita
1084 4514 1147 4580 sint,
1160 4504 1343 4582 antiquissimis
1351 4495 1429 4568 qritm
