3062 5164
396 372 459 462 Du*
475 395 570 463 duna
596 393 739 478 Quium.
765 371 822 463 Eu·
845 371 958 465 Crvrr.
1223 369 1306 468 Ι161
1362 368 1365 378 V

55 567 201 636 Romana
220 571 339 635 militia
358 571 447 635 lecta
466 572 584 655 partim
602 570 808 655 legionibus,
831 570 947 654 partim
969 570 1100 635 auxiliis
1122 580 1307 637 constaret=

58 684 87 743 in
101 680 254 764 legiones
268 701 366 742 nemo
376 681 452 764 jure
470 678 701 764 adlegabatur,
715 679 778 742 nisi
791 679 870 744 civis
884 679 1063 742 Romanus.
1080 679 1151 742 lma
1163 699 1207 741 ne
1219 680 1307 742 cives

59 789 186 873 quidem
204 809 319 850 omnes
334 787 450 849 idonei
465 788 666 852 videbantur
679 787 873 870 legionarii:
891 787 950 848 sed
967 786 1144 871 oportebat
1160 783 1219 849 ho's
1235 807 1307 850 esse

60 899 223 980 ingenuos,
240 903 275 958 et
285 896 318 960 in
339 895 486 979 quinque
501 893 656 992 classibus
671 915 795 956 censos.
811 894 910 957 Unde
926 895 1191 958 excludebantur
1204 895 1308 958 liber·-

59 1005 128 1086 tini,
149 1003 259 1087 capite
276 1004 376 1082 censi,
396 1002 588 1079 histriones,
605 1023 648 1064 ex
664 1025 729 1087 qua
744 1002 911 1064 hominum
928 1002 1088 1084 colluvie,
1104 1003 1235 1066 nonnisi
1250 1023 1307 1066 co-

61 1119 152 1194 gente
171 1111 387 1192 necessitate,
404 1119 438 1173 et
458 1113 491 1173 in
507 1131 545 1172 re
561 1111 711 1195 trepida,
731 1110 932 1192 legebantur
950 1109 1088 1187 milites,
1104 1119 1140 1174 ut
1154 1111 1232 1176 satis
1249 1113 1308 1175 ad-

61 1228 162 1282 curate
176 1220 309 1283 docent
327 1219 410 1282 Just.
426 1219 515 1302 Lips.
535 1219 575 1280 de
594 1222 680 1280 mr'ls't.
705 1218 794 1280 Rom.
809 1222 836 1279 1.
852 1217 924 1300 ap.
940 1217 989 1278 14.
1014 1217 1124 1281 Garol.
1140 1217 1253 1302 Sigon.
1269 1221 1308 1282 de

62 1333 178 1410 antiquo
192 1329 273 1409 jure
288 1331 343 1388 cio.
362 1328 490 1388 Ronal.
510 1325 561 1386 15.
576 1347 609 1408 p.
627 1325 699 1388 172.
714 1347 758 1420 sq.
773 1326 829 1388 ubi
851 1324 953 1387 etiam
978 1325 1141 1388 rationem
1162 1326 1306 1388 habendi

63 1434 218 1497 delectum
234 1453 279 1496 ex
295 1433 441 1518 Polybio
464 1433 601 1516 egregie
625 1433 805 1516 explicant.
827 1431 898 1495 Alii
918 1441 1013 1495 erant
1032 1433 1207 1517 socii,⁴qui
1227 1433 1306 1495 olim

65 1561 102 1604 cx
114 1542 207 1606 italis
223 1550 257 1605 et
274 1541 371 1604 sociis
384 1541 496 1603 Latini
511 1541 668 1623 nominis,
685 1548 719 1603 et
734 1551 950 1625 posteaquam
970 1541 1004 1604 hi
1014 1543 1070 1626 jus
1087 1541 1230 1604 civitatis
1246 1541 1308 1602 im·
1379 1515 1386 1532 ⁸

66 1657 275 1734 pctmrsnt,e
300 1647 558 1733 provincialibus
579 1658 614 1712 et
630 1649 832 1712 exercitibus
852 1667 984 1732 regum,
1002 1649 1168 1713 sociorum
1191 1647 1308 1733 populi

66 1758 212 1840 Romani,
236 1757 494 1820 arcessebantur.
517 1757 553 1819 Si
577 1757 700 1841 quiex
727 1756 800 1820 aliis
816 1757 971 1840 gentibus
993 1757 1262 1836 adsciscerentur,
1282 1755 1306 1818 ii

68 1865 186 1928 levioris
208 1873 393 1930 armaturae
413 1863 534 1928 milites
555 1865 759 1951 dicebantur.
782 1863 860 1927 Vid.
881 1864 982 1928 Savil.
1004 1865 1043 1926 de
1062 1869 1148 1928 milit.
1169 1866 1258 1926 Rom.
1273 1885 1307 1946 p.

67 1973 128 2035 334.
145 1995 186 2055 sq.
204 1972 304 2036 Cives
323 1978 527 2036 sacramento
544 1971 677 2034 militari
697 1972 856 2052 adstricti,
873 1972 979 2055 (cujus
995 1973 1136 2035 formula
1154 1981 1203 2035 est
1219 1971 1307 2054 apud

68 2081 145 2144 Gall.
161 2083 264 2144 Noctt.
284 2083 381 2142 Atrio.
398 2081 489 2142 XVI.
504 2080 534 2140 4.
552 2079 609 2142 ubi
630 2077 802 2142 addendus
820 2079 910 2164 Lips.
930 2082 970 2142 de
984 2081 1070 2142 malit.
1084 2082 1173 2144 Itum·
1188 2081 1213 2142 I.
1228 2079 1258 2140 6.
1273 2101 1306 2160 p.

67 2189 110 2249 45.
120 2193 176 2272 aq.)
191 2189 316 2256 tamdiu
332 2187 529 2270 militabant,
545 2187 653 2276 donec
669 2185 722 2249 vel
740 2186 926 2248 missionem
939 2188 1010 2249 sive
1027 2201 1223 2266 sonuerunt,
1237 2188 1307 2248 sire

68 2311 267 2360 clussnxrnm
282 2293 581 2380 impetrarent,·vel
598 2309 803 2357 matoussrtltu
819 2301 931 2356 caussa
947 2293 988 2355 ab
1007 2294 1176 2356 excercitu
1191 2291 1306 2356 abesse

64 2405 255 2487 juberentur.
284 2403 353 2468 Ista
379 2403 489 2466 missio
511 2403 652 2466 dabatur
675 2401 731 2483 iis,
756 2403 812 2486 qui
838 2401 894 2464 vel
917 2400 1068 2484 legitima
1094 2400 1308 2468 confecerant

71 2513 229 2596 stipendia,¹
245 2513 302 2575 vel
318 2513 458 2596 majores
473 2519 567 2573 erant
586 2509 828 2594 quinquaginta
845 2511 937 2572 annis
953 2514 995 2590 t).
1017 2509 1082 2572 Illa
1098 2511 1142 2572 ob
1157 2508 1306 2571 morbum

72 2620 286 2706 adiectumque
309 2619 551 2693 valetudinem3
572 2619 656 2682 haec
682 2619 725 2680 ob
754 2618 891 2680 crimina
916 2618 1055 2680 admissa
1083 2617 1239 2680 dabatur:
1264 2616 1307 2679 de

76 2728 173 2810 quibus
190 2729 342 2792 omnibus
363 2727 482 2812 Sigon:
495 2729 515 2791 t.
536 2747 562 2789 o.
576 2727 678 2808 p.18.
696 2726 826 2810 ipsique
845 2725 924 2790 Jcti
943 2725 986 2788 ad
1005 2730 1051 2788 tat.
1069 2727 1109 2786 D.
1130 2715 1234 2788 delle
1251 2729 1308 2786 ms·-

74 2837 151 2899 taart
364 2831 367 2840 “

633 2987 661 3068 5.
682 2986 733 3048 57.

354 3177 359 3184 ·
376 3105 449 3187 Quid
466 3105 494 3156 s'a
511 3103 551 3155 lu's
566 3085 693 3155 nautarum
711 3101 758 3155 sub
777 3098 995 3172 Imperatoribus.

139 3223 315 3286 Enimvero
335 3221 419 3284 haec
439 3221 549 3284 omnia
574 3227 697 3284 mutata
720 3232 809 3302 sunt,
837 3240 880 3282 cx
907 3238 972 3302 quo
998 3214 1234 3298 rempublicam
1257 3217 1309 3280 iu-

73 3339 207 3394 vuseraut
229 3330 413 3413 Principes.
434 3330 509 3392 Jam
526 3329 695 3412 Augustus
712 3349 778 3390 non
801 3327 927 3391 civibus
943 3324 1053 3405 modo,
1078 3323 1308 3386 verumetiam

74 3437 181 3501 Latinis
206 3446 241 3501 et
264 3437 359 3504 Italis
387 3437 617 3518 necessitatem
646 3435 785 3499 militiae
813 3435 998 3515 remiserat,
1027 3433 1164 3497 inventa
1192 3431 1310 3496 militia
1416 3429 1420 3441 ⁸

74 3545 274 3610 mercenaria:
297 3546 481 3616 Herodian.
495 3546 579 3606 Hist.
595 3543 701 3605 ΙΙ.11.
721 3550 756 3606 et
772 3542 849 3606 ideo
867 3542 1044 3627 plerasque
1061 3540 1214 3624 legiones
1230 3561 1317 3628 con-¹

74 3655 229 3738 scripserat
247 3675 266 3716 e
284 3651 556 3738 provincialibus3
579 3650 824 3736 praetorianaS,
841 3659 875 3714 et
895 3671 980 3736 quae
1000 3649 1041 3712 ad
1065 3649 1152 3712 urbis
1172 3648 1311 3711 adbibe-

73 3759 176 3826 bautur
194 3761 392 3844 custodiam,
412 3783 454 3824 ex
473 3761 583 3826 Italis:
606 3757 714 3823 Sobel.
733 3759 807 3822 Not.
826 3762 870 3822 ad
887 3759 1005 3840 Hygia.
1030 3759 1067 3818 de
1083 3765 1260 3818 castramet.
1276 3777 1310 3838 p.

74 3865 114 3930 13.
131 3870 233 3956 ldque
253 3892 295 3932 eo
312 3871 415 3954 magis
431 3868 569 3933 invaluit
584 3877 660 3953 post
676 3867 785 3930 datam
803 3870 845 3932 ab
860 3867 1036 3930 Antonino
1052 3862 1224 3928 Caracalla
1237 3864 1310 3926 orbi

75 3972 210 4042 Romano
237 3978 415 4040 civitatem.
438 3979 491 4040 Ex
512 3999 552 4040 eo
574 3978 661 4040 enim
681 3967 847 4059 tempore,
870 3966 956 4059 qu'ae
977 3982 1077 4036 antea
1095 3971 1247 4054 legiones
1268 3991 1311 4031 ex
1398 4031 1425 4043 ,-

76 4079 215 4148 Romanis
230 4092 356 4149 tantum
373 4086 509 4167 civibus,
524 4085 580 4148 vel
596 4083 738 4166 urbanis,
753 4083 807 4147 vel
822 4083 953 4146 Italiam
970 4079 1198 4166 provinciasve
1214 4078 1311 4140 habi-

77 4193 212 4274 tantibus,
227 4194 435 4276 constabant,
448 4214 509 4258 eae
521 4214 564 4256 ex
579 4191 837 4278 provincialibus
851 4191 1045 4276 plerumque
1059 4185 1319 4270 deligebantura

78 4335 351 4352 ''¹‘····—-—·-—-··-·-—··-

131 4409 162 4474 p)
182 4410 231 4460 'lla
249 4411 293 4461 Al.
312 4407 485 4460 Plutumauui
504 4409 581 4460 Juris
599 4409 717 4470 Koussai
734 4407 885 4458 testimoniis
903 4405 935 4456 de
960 4403 1071 4455 militum
1090 4401 1197 4452 honesta
1217 4415 1311 4450 maau-

78 4492 178 4544 uiru'oae
195 4511 262 4563 quac
275 4495 303 4546 ia
318 4491 413 4546 tabulis
431 4495 518 4546 aeaeis
535 4502 676 4561 supersunt
694 4493 822 4544 illustrati
838 4491 975 4559 specimen.
995 4489 1158 4554 Lips.=1818.
1177 4491 1204 4536 et
1218 4485 1311 4536 multis

78 4577 258 4639 suessionibus
277 4579 377 4644 locupl.
396 4577 424 4630 in
444 4578 507 4630 Vol.
524 4580 559 4631 11.
578 4594 671 4644 opusc.
690 4579 781 4630 Haub.
800 4594 826 4643 p.
845 4579 896 4632 783
913 4605 943 4614 —
959 4578 1020 4627 896.
1040 4571 1125 4626 artat
