3056 5154
325 531 411 598 mn
431 533 495 598 111.
518 531 610 600 urs.
630 533 807 600 xxvm.
834 483 1025 620 (xxvn.)

658 705 695 744 DE

41 817 521 920 OBLIGATIONIBUS,
543 785 688 930 quun
710 830 872 930 onnsr
898 831 969 907 nx
986 831 1305 912 courmcrn

512 950 848 1026 nuscunrun.
876 948 878 953 ·

133 1117 303 1180 Hactenus
324 1116 369 1180 'de
387 1119 608 1182 contractibus
629 1119 733 1201 veris,
755 1121 812 1204 qui
834 1142 1027 1191 consensum
1047 1145 1160 1188 verum
1184 1135 1218 1190 et
1244 1149 1304 1190 ex·

41 1247 195 1310 pressum
223 1226 371 1310 exigunt.
401 1225 656 1310 Nonnumquam
681 1247 857 1290 consensus
879 1251 941 1292 nec
963 1251 1059 1294 verus
1084 1239 1149 1312 est,
1173 1254 1235 1294 nec
1261 1255 1304 1298 ex

43 1342 188 1417 utraque
204 1342 299 1417 parte
321 1333 525 1417 exprimitur,
542 1331 600 1395 sed
622 1335 855 1417 praesumitur:
879 1344 913 1399 et
928 1344 1006 1399 tunc
1026 1338 1191 1422 obligatio
1213 1339 1303 1404 nasci

42 1440 169 1503 dicitur
195 1456 296 1516 QUAS!
322 1455 367 1503 ux
392 1455 605 1505 coNrnAcru.
633 1439 733 1519 Quod
756 1444 873 1526 quibus
901 1445 1074 1532 contingat
1094 1447 1217 1532 modis,
1239 1448 1302 1511 hoc
1376 1416 1385 1434 ,

42 1547 146 1612 titulo
161 1545 403 1611 ostendendum
420 1555 479 1610 e'st.
591 1589 596 1595 -
827 1547 833 1560 '

611 1663 662 1745 ’5.
684 1661 714 1726 l.

494 1777 567 1837 Quid
583 1780 747 1847 negotiorum
763 1782 866 1850 gestio!

131 1877 198 1956 Qui
217 1877 362 1944 absentis
377 1887 433 1942 aut
448 1877 631 1963 ignorantis
654 1881 826 1966 negotium
843 1880 1018 1945 curandum
1039 1882 1184 1968 suscipit,
1207 1883 1300 1948 nullo

45 1987 202 2051 mandato
218 1989 403 2069 instructus,
414 2004 636 2052 Nucorlonuu
652 2006 783 2053 GESTOR
798 1997 942 2052 vocatur.
961 1989 994 2053 Is
1010 1991 1102 2074 quasi
1115 1999 1301 2056 contractus

46 2096 211 2180 originem
228 2093 353 2159 debere
370 2093 501 2158 videtur
515 2095 727 2179 relegatioui,
739 2118 825 2182 quae
841 2119 940 2182 saepe
956 2107 1021 2162 tam
1033 2107 1173 2184 repente
1186 2096 1303 2162 decer-

45 2207 205 2286 nebatur,
233 2213 270 2268 ut
290 2200 525 2266 discedendum
555 2202 664 2266 subito
689 2206 776 2267 esset
797 2205 944 2288 patribus
967 2205 1124 2287 familias,
1150 2205 1300 2290 nullique

47 2312 246 2381 demandata
261 2311 470 2396 negotiorum
484 2332 614 2378 suorum
627 2311 920 2392 administratione,
934 2333 1076 2396 peregre
1088 2311 1301 2396 proticiscen-

46 2421 134 2484 dum.
155 2421 209 2484 Ne
226 2440 308 2504 ergo
324 2440 376 2482 res
398 2417 586 2502 familiaris,
606 2415 796 2500 absentibus
817 2418 975 2501 dominis,
992 2419 1182 2482 detrimenti
1204 2418 1301 2504 quid-

48 2550 144 2612 quam
171 2534 323 2611 caperet‚
346 2525 443 2590 amici
471 2548 506 2590 se
530 2525 754 2611 relegatorum
780 2527 925 2612 negotiis
955 2526 1108 2590 solebant
1134 2513 1299 2612 ingerere,

48 2627 301 2719 absentiumque
322 2640 435 2698 curare
457 2635 555 2698 bona.
577 2634 684 2719 quue
702 2635 766 2698 sibi
782 2635 872 2698 velle
888 2633 1044 2699 videntur
1061 2637 1164 2699 verba
1184 2635 1299 2698 Theo·

47 2743 130 2827 phili
144 2745 175 2826 ς.
191 2744 219 2806 l.
234 2744 312 2805 Inst.
329 2743 358 2807 lt.
372 2751 394 2822 ζ.
416 2746 518 2809 Τοῦτο
536 2742 570 2808 δὲ
586 2742 779 2826 ἐπινενόηται
798 2740 850 2808 διδ
869 2740 904 2808 τδ
925 2740 1071 2828 χρήσιμον
1087 2746 1148 2806 τῶν
1167 2741 1298 2830 ‹inplera-

47 2855 240 2934 πανομένων,
256 2855 366 2924 αἵτινες
390 2849 529 2934 αἰφνιδίῳ
550 2855 600 2916 καὶ
627 2847 784 2932 σπουδαίᾳ
806 2853 1046 2935 κατασχεθέντες
1063 2847 1237 2933 ἀποδημίᾳ,
1263 2845 1298 2912 ον’
1354 2911 1363 2920 ,

47 2959 240 3042 δυνηθέντες
260 2959 321 3020 τινὶ
337 2960 399 3020 τῶν
421 2961 541 3020 οἰκείων
555 2954 740 3040 πραγμάτων
758 2954 814 3038 τὴν
832 2957 982 3039 διοίκησιν
998 2957 1210 3033 ἐντείλασθαι,
1223 2954 1299 3020 ἀπε·

47 3066 196 3150 δὴμησαν.
214 3065 313 3144 quue
327 3065 471 3126 mdttcn‘s
486 3080 602 3126 caussa
616 3072 775 3144 receptum
788 3072 845 3135 est,
860 3083 901 3124 ne
915 3063 1040 3144 negotia
1051 3081 1160 3124 eorum
1174 3060 1298 3124 desere·

47 3181 169 3254 rentur,
193 3174 268 3255 quia
290 3173 395 3234 sutem
417 3179 450 3234 et
476 3175 656 3234 necessan'a
674 3170 865 3251 profectione
886 3170 1025 3241 distem,
1050 3172 1169 3232 nemetes·
1189 3187 1298 3230 rerum

47 3299 180 3342 suarum
193 3279 463 3342 adnubbtrm’one
476 3279 678 3352 demandato,
689 3297 823 3360 peregre
833 3277 970 3359 prosecta·
980 3285 1066 3338 sunt.

637 3440 664 3510 §.
679 3431 709 3495 2.

501 3547 668 3601 Voluntariur
680 3557 853 3616 procurator.

129 3647 351 3734 Negotiorum
367 3657 480 3735 gestor
496 3668 629 3734 quoque
645 3656 717 3713 erat
733 3649 980 3734 qualiscumque
995 3642 1199 3710 voluntarius
1218 3665 1298 3729 pro-

49 3769 191 3840 curator,
212 3757 268 3842 qui
285 3777 319 3821 se
335 3757 452 3820 alienis
467 3756 612 3841 negotiis
625 3755 797 3838 offerebat,
809 3759 899 3843 cujus
915 3754 1063 3819 meminit
1073 3753 1196 3818 Paulus
1213 3753 1297 3815 Sen-

48 3875 134 3929 teatt.
150 3859 290 3947 Receptt.
305 3868 330 3926 Ι.
344 3865 374 3930 3.
389 3865 420 3930 3.
436 3885 600 3949 quemque
622 3863 741 3928 Cicero
763 3869 973 3929 voluntarium
995 3866 1129 3926 amicum
1150 3857 1298 3944 adpellat

44 3992 100 4052 pro
123 3974 259 4035 Caecina
277 3994 302 4035 o.
321 3974 351 4035 ὁ.
370 3966 500 4036 Ιινετο
516 3991 634 4036 cavere
650 3970 813 4056 debebat,
833 3993 902 4036 rem
917 3979 1021 4034 ratam
1036 3970 1221 4034 habiturum
1238 3965 1300 4028 do·

48 4081 181 4144 minum.
202 4077 280 4144 Vid.
297 4079 448 4166 Gujacius
475 4079 649 4142 Observatt.
670 4081 738 4142 VII.
755 4073 807 4143 26.
825 4079 865 4142 X.
885 4079 936 4140 25.
959 4072 1246 4155 Quemadmodum
1265 4069 1299 4140 ‚ei
1422 4093 1428 4102 “

48 4209 108 4252 nec
131 4187 262 4251 solvere
285 4187 416 4252 solebat
438 4191 626 4274 quisquam,
649 4187 712 4251 nisi
733 4187 891 4272 praestita
913 4185 1085 4262 cautione,
1107 4184 1241 4263 amplius
1261 4200 1297 4242 eo

48 4299 172 4358 omnine
192 4299 358 4369 ammom,
379 4300 470 4379 cujus
484 4298 595 4379 petatio
615 4305 712 4369 esset,
725 4300 910 4378 petiturum.
932 4293 977 4356 Et
1000 4291 1048 4354 ite
1061 4286 1298 4372 intelligendus

49 4399 141 4466 locus
159 4402 420 4488 elegantissimus
435 4403 604 4468 Ciceronis
620 4403 654 4466 in
666 4405 770 4492 Bruto
783 4423 809 4465 c.
820 4403 851 4463 ὅ.
865 4401 948 4464 Meta·
959 4418 1088 4481 quoque,
1101 4393 1199 4475 inquit
1212 4397 1299 4456 Bru·

50 4518 112 4584 tus,
132 4512 345 4592 exspectanda
363 4522 438 4576 sunt
454 4533 506 4585 ea,
527 4532 608 4592 quae
629 4513 733 4573 Attico
746 4511 911 4590 polliceris,
931 4508 993 4568 etse·
1002 4507 1145 4585 sortasse
1158 4521 1217 4583 ego
1232 4519 1253 4562 α
1269 4511 1301 4563 te

1035 4600 1189 4665 371¹,
