3040 5164
217 353 290 420 m
496 332 501 336 ’
679 348 1012 417 mumm

128 613 139 625 .
218 526 296 606 bus,
312 523 366 587 vel
382 523 438 607 jus
460 531 597 587 naturae
620 524 736 588 suadet
751 525 797 604 ¹‘).
817 525 862 586 nt
877 524 957 608 quid
971 523 1101 588 Romae
1122 523 1184 588 hac
1206 523 1241 586 in
1263 543 1299 585 re
1314 524 1450 588 usitatum

218 632 344 708 fuerit,
352 632 422 715 jam
447 652 545 714 snpra
561 630 603 693 ad
618 631 750 695 titulum
764 633 804 693 de
818 635 1017 694 Auctoritute
1039 641 1179 696 tutorum
1194 631 1306 694 dicere
1327 651 1451 714 occupa-

168 754 171 758 ·
217 759 330 802 vimus.

730 877 961 891 -υ-ι-ψ

664 1014 751 1076 LIB.
772 1013 816 1076 ΙΙ.
840 1015 931 1078 TIT.
953 1015 1018 1078 IX.

233 1165 339 1239 run
363 1163 503 1262 Quas
530 1161 803 1238 rnnsonms
830 1117 1031 1260 coronio
1056 1161 1435 1260 incommune.

302 1349 510 1434 Quicumque
535 1356 630 1412 erant
645 1347 747 1410 alieni
763 1349 861 1432 juris:
884 1349 989 1411 iinon
1013 1349 1075 1412 sibi
1091 1348 1327 1432 adquirebant,
1343 1347 1394 1410 sed
1408 1347 1447 1428 iis,

217 1479 357 1541 quorum
373 1457 406 1518 in
423 1465 589 1541 potestate
608 1463 710 1517 erant.
733 1455 822 1533 Quia
838 1456 923 1517 enim
942 1463 975 1518 et
992 1455 1076 1520 servi
1094 1459 1239 1536 omnino,
1255 1463 1289 1517 et
1304 1455 1394 1518 liberi
1406 1475 1447 1516 ra·

218 1565 311 1628 tione
328 1563 429 1647 patris
454 1565 487 1626 in
509 1563 612 1628 classe
627 1583 736 1626 rerum
755 1584 825 1626 esse
850 1566 1068 1626 censebantur
1083 1563 1133 1644 ¹³):
1156 1563 1241 1626 nihil
1256 1563 1360 1646 magis
1372 1562 1449 1624 vide·
1507 1557 1508 1650 i

218 1673 316 1734 batur
337 1671 459 1732 rationi
483 1679 758 1750 consentaneum,
789 1692 886 1754 quam
911 1690 1174 1755 unumquemque
1199 1692 1261 1754 per
1284 1691 1351 1732 rem
1375 1689 1443 1730 suam

218 1777 402 1860 adquirere.
424 1779 503 1842 Vid.
526 1781 625 1839 Elem.
640 1785 749 1838 nostra
764 1779 834 1858 jur.
854 1777 1184 1859 ctu.ue·o.11.§.470.
1208 1779 1259 1842 Ea
1282 1779 1374 1840 dere
1394 1775 1448 1836 hoc

220 1884 349 1947 demum
366 1885 463 1947 titulo
480 1886 549 1968 agit
568 1883 800 1947 Tribonianua
1243 1900 1249 1905 '

799 2033 879 2114 M
1507 2031 1508 2034 ‘

661 2149 829 2218 Adquaestua
841 2165 895 2215 per
912 2148 1015 2202 liberos.

302 2252 346 2314 Et
361 2251 458 2315 liberi
475 2250 619 2334 quidem,
632 2271 730 2334 quum
748 2271 791 2311 ex
803 2248 939 2312 Romuli
955 2250 1103 2313 instituto
1120 2271 1186 2312 non
1202 2249 1309 2312 multo
1325 2249 1450 2312 melioris

219 2366 327 2422 essent
350 2359 566 2438 conditionis,
584 2379 680 2442 quam
702 2357 805 2438 servi,
830 2357 932 2418 instar
952 2357 1066 2418 horum
1084 2379 1217 2442 quoque
1240 2377 1308 2418 non
1333 2357 1450 2419 sibiad-

219 2467 404 2549 quirebant‚
416 2466 472 2527 sed
489 2466 586 2548 patri,
599 2465 654 2548 qui
671 2463 807 2526 liberam
823 2462 968 2528 babebat
981 2450 1087 2527 rerdm
1105 2464 1259 2544 onmium,
1273 2485 1357 2547 quas
1371 2465 1450 2527 liberi

219 2592 425 2656 quocumque
451 2572 548 2634 titulo
566 2570 828 2654 adquisiverant,
845 2570 1114 2654 dispositionem,
1131 2572 1215 2635 adeo
1232 2582 1268 2634 ut
1293 2594 1351 2635 eas
1374 2571 1447 2635 alteri

219 2700 262 2741 ex
284 2679 414 2759 liberis,
442 2680 506 2740 imo
533 2685 567 2739 et
591 2675 924 2755 extraneis‚¹donare
955 2688 1097 2763 possent.
1123 2679 1202 2743 Vid.
1225 2679 1323 2744 Sexti
1347 2679 1448 2762 Empir.

218 2789 377 2868 Pyrrbou.
394 2787 549 2866 Hypotpp.
567 2787 624 2846 III.
639 2785 690 2847 24.
712 2785 811 2848 Adde
828 2785 987 2849 Senecam
1004 2789 1043 2848 de
1062 2788 1173 2865 Renes.
1194 2788 1263 2848 VII.
1278 2788 1309 2848 4.
1332 2788 1451 2870 Dionys.
1507 2805 1508 2864 g

218 2893 296 2958 Hal.
313 2897 388 2956 Aut.
403 2894 490 2954 Rom.
511 2893 597 2954 VIII.
610 2893 660 2977 79.
677 2893 733 2956 ubi
747 2891 801 2955 hic
823 2902 937 2956 auctor
958 2891 1211 2968 noirrcnoi‘cozoc:
1234 2895 1395 2968 Romania,
1413 2895 1452 2956 in-

218 3003 301 3087 quit,
315 3005 395 3084 filiis
409 3003 487 3062 utut
503 3007 627 3082 proprii
638 3013 683 3064 est
705 3007 780 3064 vicio
798 3003 953 3083 patribus,
976 3003 1085 3084 sedxet
1101 3005 1269 3084 pecunias,
1286 3011 1319 3062 et
1339 3021 1450 3084 corporo

218 3111 383 3170 liberorum
393 3111 539 3191 patribus
557 3110 600 3170 od
613 3129 718 3170 eorum
734 3111 896 3169 arbitrium
913 3109 1042 3168 tradidit
1058 3111 1106 3170 lea
1121 3109 1254 3172 Romuli.
1277 3109 1323 3172 Et
1338 3109 1452 3170 Arrian.
1507 3095 1508 3174 s

218 3219 303 3278 Dias.
319 3217 451 3296 Epictet.
470 3217 511 3276 ΙΙ.
523 3216 573 3276 10.
604 3219 681 3282 not
702 3219 762 3280 τοῦ
778 3212 946 3300 προσώπου
967 3219 1128 3298 ἐπαγγελία
1148 3214 1250 3280 πάντα
1266 3215 1363 3280 αὑτοῦ
1379 3216 1446 3298 ἡγεῖ-

218 3327 280 3388 siat
297 3329 352 3388 τοῦ
367 3323 490 3406 πατρός.
510 3325 731 3410 Εἲίι“ιἸοῘ]ἲσίιινη
746 3334 802 3395 est,
820 3331 865 3396 ut,
880 3343 960 3402 quae
975 3323 1075 3396 babet,
1092 3327 1194 3385 omnia
1206 3329 1314 3404 patris
1328 3343 1387 3385 esse
1399 3321 1449 3381 du-

219 3437 278 3490 cat.
300 3429 388 3491 Add.
404 3428 539 3493 Sueton.
559 3431 654 3494 uter.
671 3453 694 3494 o.
710 3432 760 3494 15.

797 3586 825 3666 s·
846 3584 885 3661 2..

689 3701 803 3753 Mutatio
822 3701 899 3771 liujus
906 3700 990 3770 juris.

301 3799 426 3862 Postea
441 3810 550 3864 tamen
568 3801 641 3864 filiis
662 3823 860 3865 concessum
874 3811 1039 3886 tamquam
1062 3801 1227 3884 peculium
1243 3807 1287 3882 ⁰),
1305 3796 1454 3886 quidquid
1507 3799 1508 3862 j

287 4005 321 4071 k)
342 4007 382 4056 lta
400 4011 427 4057 et
443 4006 558 4058 traditur
577 4006 605 4059 iu
623 4007 644 4072 ξ.
662 4011 687 4058 2.
705 4007 772 4058 Inst.
790 4007 815 4058 Ιι.
834 4015 851 4058 t.
882 4007 937 4058 Sed
962 4012 1030 4072 puto
1048 4011 1175 4071 corrupta
1197 4019 1258 4056 esse
1281 4007 1381 4066 verba,
1399 4017 1456 4071 quae

218 4096 380 4158 sequnntur:
407 4100 435 4142 at
452 4109 484 4142 ex
502 4092 634 4143 contrario
653 4109 740 4143 omues
758 4089 801 4142 res
813 4091 917 4158 pupillo
941 4099 967 4142 et
980 4090 1100 4158 pupillae
1118 4091 1172 4141 aine
1196 4093 1291 4142 tutoris
1300 4089 1455 4142 auctoritate
1507 4119 1508 4136 .

218 4175 279 4227 dari
293 4183 409 4242 possunt.
431 4176 513 4229 Gustu.
532 4177 573 4228 Cf.
592 4175 653 4241 Gaj.
673 4176 706 4226 11.
719 4177 738 4242 ξ.
753 4179 794 4228 83.
812 4180 854 4228 84.
876 4175 961 4227 utut.
1020 4167 1032 4176 ’

287 4261 318 4325 a)
339 4261 379 4312 Cf.
392 4262 454 4328 Gaji
471 4263 531 4314 inst.
544 4263 579 4312 ll.
591 4263 611 4328 t.
626 4265 738 4314 86-96.
757 4261 819 4312 Vid.
832 4265 860 4312 et
876 4275 959 4325 supra
976 4261 1046 4326 Adp.
1059 4260 1111 4312 rit.
1125 4261 1190 4312 ΧΠ.
1203 4259 1263 4311 Lib.
1277 4260 1297 4309 1.
1308 4261 1329 4326 ξ.
1344 4267 1368 4312 1.
1382 4253 1455 4310 Midi-

287 4345 320 4411 b)
342 4345 404 4398 vid.
414 4341 520 4410 tamen,
539 4363 609 4414 quae
624 4361 707 4409 supra
723 4345 936 4408 observavimus,
956 4347 1015 4398 Lib.
1028 4349 1049 4397 l.
1063 4345 1115 4398 Tit.
1131 4346 1183 4397 IX.
1196 4345 1216 4410 ξ.
1235 4351 1257 4395 l.
1269 4350 1325 4398 not.
1337 4347 1365 4397 d.
1380 4338 1453 4395 Mitt·

218 4455 222 4460 ·
287 4430 317 4495 c)
338 4431 379 4482 Cf.
397 4432 466 4482 Chr:
478 4431 538 4482 Rau
558 4431 633 4482 Dios.
650 4429 771 4481 fflstoria
780 4431 855 4498 juris
873 4431 954 4482 euius
971 4432 1003 4482 de
1017 4431 1136 4498 peculiis·
1152 4430 1226 4494 Lips.
1243 4431 1319 4483 1770.
1332 4435 1358 4482 4.
1378 4419 1453 4478 Haut.

220 4513 355 4565 mmmm
376 4515 412 4568 n.
432 4517 465 4568 a.
483 4517 504 4582 ς.
524 4519 684 4568 rso-mo.
703 4512 789 4565 nott.
937 4552 941 4565 .
1042 4512 1047 4517 ·
