2966 5156
217 385 291 456 ato
591 377 772 446 Aoranorx
797 377 875 444 Lus.
890 375 930 445 .1.
956 375 1044 444 Otr.
1071 376 1099 444 I.

218 557 357 618 Eccum.
373 555 417 616 ad
437 554 531 616 Tacr't.
551 553 669 616 Arnai.
685 553 711 612 Ι.
729 552 778 614 15.
803 553 863 614 Ez.
884 551 1005 635 Spauh.
1030 552 1105 612 oro.
1125 551 1214 612 Ram.
1234 551 1275 612 II.
1288 547 1439 631 21111336.

219 661 319 726 Unde
336 669 370 724 et
384 661 479 745 leges
493 659 567 728 illas
580 659 622 722 de
638 659 764 724 ambitu
780 681 838 725 suo
857 679 941 722 aevo
956 658 1161 731 obsolevisse
1176 658 1298 720 fatetur
1307 655 1439 718 Modesti-

220 792 279 834 nus
295 771 332 832 Ia
347 769 376 831 l.
391 769 433 831 D.
453 769 497 831 ad
514 768 592 850 Lag.
607 767 669 830 tar.
692 769 732 830 de
753 769 889 830 ambita:
912 771 986 848 quta
1000 767 1044 828 ad
1064 786 1175 828 caram
1197 767 1347 845 Principis
1366 765 1439 842 magt·

220 887 379 942 stratuum
394 879 512 940 creatio
521 878 692 956 pertineat,
708 896 770 938 aon
784 875 827 936 ad
837 873 1109 954 populifaoorem.

797 1060 826 1140 §-
848 1057 899 1120 oo.

549 1175 600 1227 Jas
619 1175 747 1226 bonoram
766 1163 913 1244 etquidem
931 1173 1147 1226 sacerdotiorum.

307 1294 466 1371 Quintum
477 1293 532 1376 jus
554 1292 673 1356 civium
689 1293 915 1356 Romanorum
937 1291 1000 1354 tuit
1016 1293 1071 1376 jus
1088 1305 1271 1370 nouorum,
1287 1289 1350 1350 sive
1363 1283 1440 1369 magi-

175 1415 180 1424 '
223 1410 398 1483 stratuum,
418 1402 486 1465 sive
507 1400 782 1480 sacerdotiorum,
805 1401 929 1484 quippe
951 1421 1033 1482 quos
1051 1419 1148 1462 nemo
1171 1397 1234 1460 nisi
1255 1396 1330 1458 civis
1345 1394 1439 1458 Roua-

221 1532 280 1574 nus
298 1531 415 1593 gerere
440 1516 582 1593 poterat.
605 1508 641 1572 Si
663 1509 735 1590 quis
759 1507 863 1583 euim,
884 1507 1027 1578 civitatis
1048 1527 1183 1590 expers,
1204 1505 1343 1568 honores
1364 1500 1399 1564 ad
1414 1518 1438 1559 sc
1462 1551 1463 1590 3

220 1619 397 1702 rapuisset:
418 1637 455 1678 re
473 1622 665 1699 comperta,
691 1615 853 1678 honorum
880 1613 1019 1696 gradum
1043 1636 1115 1678 curn
1139 1622 1212 1678 toto
1235 1609 1367 1676 civitatis
1384 1607 1439 1692 jure

221 1724 406 1804 amittebat,
423 1731 458 1786 ut
476 1723 576 1788 docet
593 1723 780 1806 exemplum
798 1723 844 1784 M.
863 1721 1061 1805 Perpennae
1081 1721 1169 1805 apud
1186 1719 1299 1784 Valer.
1309 1719 1387 1780 Max.
1399 1714 1440 1773 III·

221 1833 252 1894 t.
273 1833 302 1892 5.
318 1835 363 1910 t).
395 1831 552 1894 Honores
576 1831 694 1914 partim
722 1831 756 1894 in
778 1829 990 1910 sacerdotiis,
1017 1829 1138 1913 partim
1163 1829 1196 1891 in
1222 1819 1440 1911 magistratibus,

223 1947 319 2002 erant
335 1937 443 2021 positi.
466 1937 609 2022 Utrique
626 1959 668 2000 ex
685 1937 836 2000 instituto
851 1937 987 2000 Romuli
1000 1937 1126 2020 proprii
1143 1932 1438 2018 erant'patricicruu,
1462 1995 1463 2002 χ

122 2057 125 2067 “
225 2045 468 2132 quiavoluerat
480 2044 641 2108 Romulus
658 2049 807 2127 ἱερᾶσθαι
824 2043 896 2120 τοὺς
908 2045 1093 2128 εὐπατρίδας
1107 2047 1157 2108 καὶ
1169 2042 1280 2126 ἄρχειν,
1294 2048 1363 2103 ittet
1374 2056 1440 2098 aaut
1462 2077 1463 2098 ι

224 2263 330 2328 priscae
348 2259 480 2315 libertatis
498 2258 651 2314 simulacra.
670 2259 800 2312 Solebant
817 2257 889 2312 enim
915 2258 1103 2325 magistratus,
1128 2273 1144 2312 a
1163 2256 1292 2324 Principe
1314 2257 1353 2308 vel
1368 2254 1441 2306 &natu
1462 2321 1463 2324 Ἴ

201 2361 203 2368 ’
223 2341 370 2412 designati,
388 2347 417 2398 in
434 2362 561 2412 campum
579 2345 713 2398 Martium
736 2344 845 2410 prodire
865 2361 928 2396 cum
952 2342 1121 2408 necessariis,
1139 2342 1234 2412 ibique
1257 2335 1442 2404 corampooulo

168 2497 178 2510 .
223 2449 299 2484 more
317 2430 400 2484 veteri
415 2436 588 2498 congregate,
608 2446 624 2481 a
642 2445 776 2496 praecone
798 2429 980 2495 pronunciari.
1007 2429 1068 2490 Qua
1092 2428 1125 2478 de
1149 2444 1179 2478 re
1196 2427 1254 2480 Dic
1273 2427 1344 2478 Cass.
1360 2418 1441 2476 LVIII.

224 2523 268 2571 211.
287 2517 348 2584 qui,
371 2515 419 2568 ubi
438 2517 472 2568 de
489 2521 622 2583 perpetuo
640 2515 743 2568 Tiberii
767 2513 796 2567 in
814 2513 938 2567 creandis
957 2511 1123 2566 Consulibus
1142 2513 1226 2564 modo
1252 2512 1355 2578 egisset,
1377 2503 1441 2558 statim

225 2601 316 2655 addit:
335 2599 467 2664 rai-parci
479 2599 559 2652 rorico
571 2599 600 2658 tc
614 2615 641 2650 ra
653 2599 697 2649 τὸν
711 2600 798 2665 δῆμον
814 2601 861 2650 καὶ
875 2596 904 2657 ἐς
922 2596 952 2650 τὸ
970 2595 1090 2662 πλῆθος,
1107 2594 1135 2646 οἱ
1156 2596 1333 2662 προσήκοντες
1348 2589 1441 2653 ἑκατέρῳ,
1462 2601 1463 2634 1

224 2684 271 2754 τῆς
288 2679 409 2750 sigradae
427 2679 505 2742 ὁοιάς
517 2685 604 2748 ἕνεκα,
617 2682 745 2750 καθάπερ
758 2686 805 2734 καὶ
817 2682 871 2745 νῦν,
884 2678 951 2734 ὥστε
963 2680 991 2736 e'r
1007 2677 1089 2734 εἰκόνι
1106 2683 1193 2732 δοκεῖν
1201 2680 1348 2747 γίγνεσθαὶ,
1358 2673 1442 2728 tricas

226 2767 421 2822 ἀπεδείκνυντο.
447 2769 551 2822 Deinde
570 2768 606 2820 ad
617 2768 748 2836 populum
766 2777 792 2819 ct
812 2767 918 2836 plebem
941 2767 970 2820 ta·
986 2769 1039 2820 suis
1056 2769 1150 2838 quique
1168 2785 1228 2818 cum
1246 2761 1386 2818 necessariis
1400 2755 1443 2808 dicit

227 2875 315 2920 causa,
333 2854 410 2908 sicuti
425 2855 599 2914 nuncetiam,
615 2861 645 2904 ut
661 2853 746 2920 imapo
769 2854 897 2921 quaedam
913 2854 997 2922 prisci
1013 2855 1081 2905 ritus
1101 2850 1220 2904 exbiberi
1236 2851 1370 2910 rideretur,
1383 2840 1442 2912 prai-

225 2951 314 2994 cantes
331 2939 564 2992 rescaaciabaator.
589 2941 624 2992 Et
642 2937 705 2990 hinc
722 2935 895 3003 intelligitur,
921 2953 1055 3007 quaenam
1073 2938 1128 2992 sint
1144 2937 1192 2990 illa
1203 2936 1307 2989 comitia
1318 2925 1442 2985 conatae,
1462 2943 1463 2952 ¹

223 3041 342 3096 qnorum
360 3026 412 3078 sub
432 3024 646 3090 Imperatoribns
664 3022 745 3074 edam
764 3023 795 3073 tit
811 3024 913 3076 mentio
929 3023 1006 3090 apud
1025 3025 1137 3078 Sueten.
1163 3022 1248 3074 tirell.
1266 3039 1287 3072 c.
1306 3025 1342 3073 tl.
1367 3016 1443 3081 Vespa·

224 3131 246 3164 ι·.
264 3115 290 3164 5.
309 3111 454 3164 Domitian.
466 3127 487 3162 c.
509 3111 547 3161 10.
559 3109 631 3162 Aac.
645 3109 743 3160 Erech.
756 3109 857 3174 Spanh.
875 3108 940 3161 ors.
953 3110 1032 3161 Rom.
1052 3108 1093 3162 Il.
1104 3111 1146 3160 20.
1154 3124 1183 3174 p.
1196 3111 1257 3159 338.
1271 3105 1347 3158 Heia.
1357 3099 1443 3154 Retenta

224 3201 296 3249 certe
306 3201 370 3248 suut
388 3193 497 3247 comitia
518 3199 582 3260 post
595 3199 718 3260 tempora
730 3191 847 3244 Tiberii:
862 3193 979 3259 probant
991 3191 1058 3244 illud
1076 3191 1159 3243 verba
1170 3189 1298 3242 Plinii-in
1316 3181 1442 3252 Panegyris«

224 3302 247 3335 c·
264 3287 306 3334 63.
317 3285 359 3333 64.
373 3285 400 3331 ct
413 3283 455 3333 77.
468 3279 574 3330 Vellem
586 3277 679 3345 itaque
691 3277 864 3342 exposuisset
874 3277 1045 3341 HeinccciuS,
1058 3274 1252 3341 exposuissent
1265 3272 1318 3338 alii,
1331 3268 1443 3340 quidhoc
1462 3269 1463 3312 1

224 3366 311 3419 Taciti
325 3365 407 3416 verba
426 3365 567 3430 designent
584 3364 687 3414 comitia
705 3381 719 3413 e
735 3381 827 3430 campo
845 3357 981 3431 adpatrcs
998 3361 1140 3414 translata:
1159 3358 1233 3411 dicas
1253 3357 1331 3422 enim,
1345 3351 1401 3407 illud
1414 3347 1442 3399 hit
1462 3387 1463 3398 .

223 3450 303 3513 tradi,
310 3449 444 3502 exstimta
453 3451 534 3514 plane
543 3446 627 3500 tuisse
635 3446 732 3513 populi
739 3447 850 3500 comitia
859 3453 982 3512 tempore
990 3446 1099 3500 Tiberii.
1110 3447 1191 3507 Puto,
1200 3444 1303 3496 comitia
1314 3439 1378 3507 apud
1387 3430 1443 3486 raa·
1462 3449 1463 3460 ¹

224 3541 283 3589 tum
301 3537 396 3584 notare
413 3548 469 3584 non
487 3533 650 3586 exteriorem
666 3532 839 3585 comitiorum
857 3532 987 3598 speciem,
1004 3532 1052 3582 scd
1066 3530 1155 3597 ipsam
1166 3529 1231 3594 rim
1246 3530 1310 3602 dum
1322 3543 1337 3578 a
1350 3518 1443 3592 patribus
1462 3511 1463 3550 ss

138 3647 141 3654 ⁴
225 3616 446 3684 designabantur,
466 3619 512 3686 qui
531 3619 559 3670 in
576 3616 694 3670 comitiis
712 3633 760 3670 seu
779 3633 875 3682 campo
893 3616 993 3669 civium
1012 3614 1147 3681 suffragiis
1172 3619 1326 3666 crearentur
1347 3609 1397 3660 sine
1415 3616 1444 3651 rc·

224 3707 304 3772 pulsa
322 3708 370 3754 aut
387 3701 498 3754 ambitu.
515 3703 558 3755 Eo
577 3717 660 3755 sensu
678 3705 705 3752 et
722 3693 832 3768 expono
852 3703 1014 3754 Suetonium
1038 3701 1066 3753 in
1088 3699 1161 3752 Caes.
1181 3717 1202 3753 c.
1220 3705 1279 3752 41.:
1297 3694 1389 3749 comr'a'a
1403 3697 1443 3738 aa
1462 3693 1463 3730 ἶ

220 3787 320 3864 populo
333 3789 450 3856 partitus
467 3795 513 3838 cst.
531 3787 613 3840 Cana.
631 3786 695 3838 Iam
712 3802 778 3838 vero
802 3787 924 3839 omnium
942 3801 1076 3838 consensu
1095 3785 1264 3838 eruditorum
1288 3782 1317 3833 id
1332 3793 1385 3832 esse
1399 3783 1444 3837 pro·
1462 3819 1463 3826 ,

225 3875 317 3927 batum
335 3873 457 3936 videtur,
475 3871 600 3937 comitia,
626 3872 777 3940 dequibus
804 3870 925 3939 loquitur
943 3871 1068 3935 Tacitus,
1096 3886 1150 3922 non
1171 3885 1232 3922 esse
1249 3860 1408 3931 intelligenda
1421 3853 1444 3902 de

224 3964 315 4026 tegam
331 3958 504 4010 tenendarum
522 3963 664 4022 potestate,
682 3958 732 4009 sed
750 3957 784 4008 dc
801 3955 1008 4022 magistratuum
1026 3957 1205 4008 creandorum
1218 3955 1289 4020 jure.
1310 3950 1367 4003 vid.
1383 3944 1444 4004 H¹¹t⁰
1462 3985 1463 3996 1

224 4047 262 4098 R.
283 4046 316 4099 G.
335 4045 388 4096 XI.
411 4059 437 4108 p.
454 4046 514 4094 326.
539 4041 585 4095 lin.
607 4047 650 4095 26.
667 4057 727 4110 sqq.
746 4058 772 4107 p.
791 4046 851 4094 412.
874 4040 922 4094 lin.
946 4045 988 4094 28.
1012 4057 1073 4110 sqq.
1096 4057 1123 4108 p.
1145 4045 1205 4095 730.
1230 4043 1287 4092 not.
1310 4043 1332 4089 1.
1355 4027 1444 4085 Seium

231 4127 453 4182 Volkrorrssmml.
471 4125 612 4180 aliisae-1·
628 4143 654 4193 p.
674 4132 732 4180 172.
750 4142 810 4194 sqq.
822 4126 942 4180 Dirkscu
960 4128 1007 4180 oio.
1022 4126 1091 4180 Ati.
1109 4128 1130 4179 I.
1142 4142 1171 4192 p.
1185 4130 1242 4179 172.
1256 4129 1287 4176 ct.
1301 4113 1413 4174 Verrucio
1426 4123 1444 4172 1·
1462 4127 1463 4136 ’

223 4218 283 4266 213.
301 4215 408 4266 Walter
421 4213 500 4265 Rom.
513 4213 549 4265 R.
567 4213 600 4266 G.
618 4229 644 4278 p.
657 4217 719 4276 281,
737 4227 778 4280 sq.
796 4211 884 4264 Mittit.

291 4299 323 4364 g)
340 4298 403 4350 Non
420 4302 511 4350 umen
529 4301 588 4348 acta
606 4297 743 4363 ejusmodi
759 4297 942 4364 magistratus,
951 4297 1015 4364 jure
1026 4295 1100 4348 haud
1112 4291 1184 4359 tacti,
1196 4291 1411 4346 recondebantur.
1425 4277 1445 4324 ⁰¹
1462 4305 1463 4322 ³

225 4388 299 4448 patet
315 4384 440 4448 exemplo
458 4380 584 4434 Barbarii
601 4377 722 4448 Philippi
740 4382 893 4435 Praetoris:
911 4384 944 4434 L.
964 4385 989 4433 3.
1008 4381 1043 4432 D.
1062 4381 1094 4431 dr
1117 4380 1191 4447 Offic.
1210 4381 1334 4430 Praetor.
1353 4373 1390 4424 De
1405 4373 1444 4430 11⁰⁰
1462 4369 1463 4372 ¹

225 4466 394 4520 memorabili
412 4469 537 4540 exemplo
556 4473 645 4520 exstat
663 4465 809 4531 singularis
828 4466 878 4518 viri
897 4464 1004 4528 eximii,
1023 4465 1080 4516 Iac
1100 4463 1275 4526 Gothoiredi‚
1302 4447 1463 4512 Dissertatio

226 4568 307 4619 quam
326 4553 358 4604 dc
376 4552 499 4604 electivae
516 4553 683 4618 magistratus
701 4551 822 4604 intrabitis
839 4549 984 4616 inscripsit.
1004 4551 1085 4602 Heia.
