3062 5164
423 389 502 464 us
527 387 624 462 lusa
647 391 929 466 Pronnorsnurs.
1241 397 1309 466 311
1419 387 1422 394 ’

44 567 142 651 Lips.
160 567 298 630 Eamcrs.
312 566 359 628 od
380 566 476 633 ram.
491 567 610 632 Annae
627 572 656 632 1.
676 572 734 634 litt.
752 569 798 634 Μ.
827 567 968 653 Utrique
988 576 1099 632 tamen
1117 568 1172 653 jus
1190 589 1314 634 summa

46 675 257 740 auctoritate
273 672 438 738 dicebant
460 673 620 756 caussae,
637 696 722 760 quae
737 676 772 740 in
787 675 880 740 litem
899 676 1116 759 deducuntur,
1131 675 1188 740 vel
1202 676 1313 762 publi·

46 805 107 848 cae
125 791 219 864 sunt,
235 782 291 846 vel
306 783 464 866 privatae.
481 780 689 848 Privatarum
702 803 886 850 caussarum
899 784 1048 869 cognitio
1061 785 1115 849 vel
1132 786 1314 850 domestica

49 900 139 973 erat,
169 890 241 954 vel'
263 888 443 974 popularis.
458 881 461 888 ’
477 889 672 954 Domestica
701 891 788 956 intra
811 891 1019 958 Praetorium
1043 893 1131 957 etin
1159 892 1311 957 cubiculo

49 995 494 1084 quaerelisprovincialium
513 996 696 1082 audiendis,
710 1000 915 1064 ministrante
934 999 1148 1084 cubiculario,
1165 1000 1313 1088 explica-

48 1110 164 1172 batur:
184 1103 358 1191 popularis
373 1105 407 1168 in
424 1103 562 1170 basilica
581 1129 619 1170 ac
635 1128 696 1192 pro
714 1107 882 1190 tribunali,
898 1109 1022 1192 scribis,
1041 1107 1200 1188 adrensis,
1216 1127 1314 1192 prae·

51 1217 214 1296 mnibus,
235 1213 408 1280 lictoribus
424 1212 675 1298 adparentibus:
698 1215 767 1280 Cic.
790 1215 833 1280 ad
854 1217 888 1294 Q.
908 1216 1016 1279 urae.
1036 1218 1060 1277 1.
1081 1217 1110 1280 l.
1128 1216 1207 1279 med.
1234 1216 1314 1278 Gon-

53 1338 137 1388 stare
155 1329 247 1388 inter
265 1343 369 1385 omnes
383 1321 479 1396 uideo,
491 1357 533 1370 -
544 1359 582 1371 -
592 1326 760 1406 focilldnos
775 1345 844 1387 esse
857 1325 962 1386 aditus
980 1325 1023 1386 orl
1036 1335 1077 1399 te,
1089 1333 1203 1408 potere
1219 1343 1313 1387 auree

52 1445 122 1496 tuos
144 1435 287 1514 querelis
309 1436 460 1508 murelum,
484 1433 602 1496 nulllus
624 1433 757 1516 :bajulam
780 1453 818 1494 ao
838 1433 1047 1506 solitudinem,
1068 1452 1131 1494 non
1151 1415 1239 1493 modo
1262 1432 1314 1494 :llo

51 1545 206 1626 populari
220 1541 355 1606 adcessu
373 1561 412 1602 oc
427 1541 585 1611 tribunali,
599 1541 658 1604 secl
671 1562 712 1604 ne
726 1541 814 1602 donro
832 1541 955 1621 qmilem
972 1550 1029 1603 tuo
1044 1549 1076 1604 et
1094 1541 1230 1602 crcmbulo
1245 1558 1314 1600 esse

58 1653 215 1712 acclusam
230 1657 295 1712 tuo.
315 1627 363 1711 U't
382 1656 492 1713 autem
507 1645 592 1710 hanc
611 1656 811 1734 potestatem
833 1647 1096 1712 accommodius
1118 1653 1314 1710 exercerent

57 1757 250 1822 Praesides:
271 1754 424 1820 simulac
443 1766 604 1820 venerant
623 1755 657 1821 in
676 1755 897 1842 provinciam,
919 1765 1117 1822 conventum
1133 1753 1189 1818 vel
1207 1751 1312 1816 forum

62 1867 94 1929 in
108 1876 230 1930 certum
246 1864 334 1929 diem
351 1874 542 1948 certumque
557 1863 666 1927 locum
681 1865 873 1929 indicebant
884 1863 1154 1950 provincialibus.
1168 1864 1213 1927 Et
1229 1863 1314 1948 ejus·
1372 1910 1377 1926 .

58 1975 145 2038 modi
170 1982 354 2040 conventus
379 1973 501 2037 deinde
526 1972 581 2036 vel
605 1971 717 2059 plures
737 1995 802 2038 uno
824 1972 912 2058 loco,
935 1973 990 2037 vel
1006 1972 1158 2059 singulos
1177 1969 1314 2056 singulis

58 2083 138 2146 locis
159 2082 320 2168 agebant,
337 2084 395 2165 ita,
411 2091 447 2146 ut
465 2081 552 2146 intra
570 2103 690 2146 annum
704 2103 833 2146 omnem
852 2081 1054 2168 provinciam
1068 2087 1314 2166 procurrerent:

59 2192 175 2276 Sigon.
192 2193 233 2254 cle
246 2195 374 2274 antiquo
383 2193 561 2273 jureprov.
575 2191 655 2252 11.5.
669 2211 700 2272 p.
711 2188 782 2253 184.
800 2189 823 2254 J
825 2212 861 2254 us
877 2190 996 2255 eodem
1012 2190 1130 2254 ordine
1146 2189 1313 2269 dicebant,

57 2322 122 2383 quo
151 2300 283 2364 Romae
312 2297 506 2378 Praetores,
535 2297 688 2381 adeoque
714 2299 825 2360 omnia
852 2300 1089 2379 observabant,
1118 2317 1204 2381 quae
1229 2295 1314 2358 infra

55 2409 157 2470 Libro
169 2408 190 2468 1
193 2407 227 2468 V.
236 2405 275 2469 de
288 2405 513 2470 Romanorum
523 2403 660 2489 judiciis
675 2406 829 2470 dicemus.
851 2405 892 2469 ld
909 2403 1008 2466 modo
1025 2402 1184 2486 addimus,
1198 2425 1314 2489 quem-

57 2515 237 2580 admodum
253 2512 382 2578 Romae
401 2513 556 2576 Praetori
581 2511 615 2576 in
636 2511 774 2577 consilio
797 2521 891 2577 erant
910 2513 1088 2575 llecemor'rr'
1104 2513 1209 2575 litibus
1223 2512 1315 2594 jude·-

61 2625 187 2686 candr's:
208 2623 257 2687 ita
275 2620 521 2695 aPraesidibus
541 2641 653 2686 eorum
672 2621 748 2685 loco
767 2621 932 2687 adhibitos
949 2621 1049 2684 fuisse
1065 2619 1185 2705 viginti
1201 2619 1314 2684 Recu-

64 2743 242 2816 peratores,
262 2731 350 2794 cives
367 2729 551 2794 Romanos:
568 2727 703 2814 Ulpian.
717 2731 849 2814 Lbagm.
865 2729 953 2793 ula.
972 2727 1126 2816 Theoph.
1141 2729 1169 2812 §.
1186 2728 1216 2791 4.
1236 2729 1313 2792 inst.

72 2840 129 2917 Qui
136 2851 163 2904 et
182 2863 225 2903 ec
241 2841 321 2922 quid.
334 2860 436 2901 cause.
451 2833 588 2900 monum.
606 2840 760 2903 nonlicet.
778 2838 978 2907 Commissae
996 2837 1208 2902 Praesidibus
1222 2843 1315 2901 erant

66 2950 160 3012 etiam
178 2949 394 3035 quaestiones
411 2947 453 3010 de
469 2944 669 3027 criminibus,
680 2944 713 3008 in
730 2946 847 3031 quibus
859 2945 1009 3009 eamdem
1026 2947 1136 3010 denuo
1152 2945 1314 3009 rationem

65 3057 222 3122 tenebant
242 3057 435 3137 Praesides,
459 3075 555 3140 quarn
579 3053 612 3116 in
634 3055 715 3116 urbe
734 3053 904 3118 Praefecti
925 3052 1111 3117 Praetorio.
1133 3053 1316 3118 Habebunt
1340 3047 1346 3056 ’

68 3166 150 3228 enim
165 3166 220 3251 jus
238 3163 360 3250 gladii:
380 3165 417 3226 L.
430 3163 461 3225 6.
473 3183 525 3244 pr.
539 3162 577 3224 L.
594 3161 644 3224 11.
663 3161 703 3224 Ι).
719 3163 757 3225 de
777 3163 836 3246 Off.
855 3164 1001 3226 Procons.
1015 3161 1051 3223 L.
1072 3160 1102 3222 6.
1120 3161 1148 3242 5.
1163 3161 1193 3224 8.
1208 3163 1245 3224 1.
1264 3161 1315 3225 13.

63 3295 105 3356 sq.
121 3275 159 3337 L.
172 3273 225 3337 21.
241 3273 282 3336 l).
301 3274 341 3335 cle
364 3273 425 3354 Off.
444 3271 589 3332 Praesid.
613 3269 744 3362 Neque.
759 3279 870 3336 tamen
892 3269 932 3335 iis
952 3278 1023 3334 erat
1040 3269 1096 3355 jus
1116 3265 1315 3351 deportandi

62 3383 93 3445 in
109 3381 268 3444 insulam:
288 3381 325 3442 L.
343 3379 374 3442 2.
389 3381 417 3462 5.
436 3380 466 3443 1.
484 3379 525 3441 Ι).
541 3379 580 3441 de
600 3379 696 3443 Poen.
711 3378 749 3440 L.
765 3377 796 3441 6.
816 3380 893 3463 5.1.
914 3380 955 3441 Ι).
972 3377 1150 3460 deleford.
1171 3386 1200 3440 et
1220 3377 1316 3460 releg.

63 3511 171 3576 neque
190 3489 331 3553 liberam
348 3490 461 3552 mortis
478 3486 670 3552 facultatem
691 3483 913 3551 concedendi:
933 3487 970 3549 L.
982 3485 1013 3550 8.
1027 3487 1054 3568 5.
1070 3485 1099 3548 1.
1110 3489 1152 3548 D.
1165 3485 1204 3547 de
1219 3485 1317 3548 Poen.

63 3620 171 3685 neque
184 3599 241 3683 jus
260 3594 450 3682 publicandi
467 3597 556 3659 bona
570 3603 647 3680 post
659 3597 928 3663 constitutionem
940 3593 1125 3658 Theodosii
1140 3601 1175 3656 et
1188 3593 1318 3658 Valen-

65 3707 200 3771 tiniani:
220 3705 257 3766 L.
271 3726 325 3766 un.
346 3704 378 3767 0.
401 3704 457 3766 ut.
475 3703 527 3768 Ne
545 3708 613 3768 :ine
620 3708 703 3787 juce.
716 3710 820 3788 preire.
836 3714 912 3768 cert.
922 3705 994 3787 jud.
1009 3705 1057 3766 b'c.
1077 3703 1203 3784 confiso.
1217 3700 1318 3787 Cujus

63 3818 110 3878 rei
128 3814 219 3880 ratio
241 3833 308 3875 non
328 3809 394 3876 alia
412 3810 513 3876 fuisse
530 3811 672 3893 videtur,
691 3833 788 3896 quam
810 3812 905 3898 quod
917 3811 980 3876 hae
1000 3831 1132 3897 poenae
1151 3809 1222 3872 fere
1241 3831 1319 3894 per-

68 3923 150 3988 sonis
163 3920 421 4003 honestioribus,
444 3929 479 3984 et
496 3921 530 3982 in
548 3920 711 4006 dignitate
726 3921 913 3984 constitutis
930 3919 1072 4004 irrogari
1085 3917 1244 3998 solerent,
1261 3916 1318 3980 ubi

67 4029 100 4094 in
117 4030 273 4114 plebejos
293 4028 407 4114 gladio
428 4027 829 4094 animadvertebatur:'L.
846 4029 898 4094 27.
917 4029 946 4110 5.
966 4030 994 4092 1.
1010 4027 1041 4092 2.
1059 4027 1098 4088 de
1118 4027 1215 4088 Pocn.
1237 4023 1317 4090 vid.

67 4138 133 4202 Ulr.
161 4138 256 4202 Hub.
283 4136 622 4219 Digressum).
656 4138 838 4203 Praeterea
861 4136 961 4201 etiam
990 4136 1039 4200 rei
1068 4131 1318 4213 frumentariae,

131 4338 166 4404 y)
186 4339 304 4393 Praese:
321 4335 350 4392 in
375 4338 493 4392 mauman
511 4339 631 4403 relegare
652 4343 741 4403 potest
762 4336 918 4390 inconsulto
937 4335 1077 4402 Principe:
1103 4335 1247 4400 deportare
1263 4347 1319 4386 non

65 4429 163 4488 potest,
184 4430 207 4480 l.
226 4422 292 4492 qnia
309 4439 414 4476 merum
432 4422 576 4510 imperium
594 4423 764 4476 deferebatur
781 4423 859 4485 nulii,
875 4422 929 4476 nisi
947 4435 1078 4488 expressa
1094 4418 1257 4486 legislatoris
1272 4431 1324 4470 vo·-

65 4511 177 4573 luatste,
195 4509 280 4576 idque
297 4507 333 4562 iu-
344 4507 468 4574 pertibus
484 4506 595 4575 imperii
611 4507 780 4561 demandatis
797 4508 914 4568 munst:
942 4513 967 4560 2.
985 4523 1026 4560 ne.
1036 4505 1222 4562 honestiorum
1241 4503 1320 4556 bonis

65 4593 214 4660 inhiarent,
233 4607 304 4662 quos
322 4593 518 4660 deportationis
537 4604 626 4660 poene
644 4592 725 4660 plecti
742 4596 915 4661 plerumque,
933 4609 1018 4661 quum
1043 4592 1071 4645 in
1089 4588 1212 4658 piebejos
1229 4587 1321 4653 gladio
1405 4663 1409 4670 η
