3130 5148
537 411 884 460 rnoosnrunr.
1286 397 1330 464 21

83 567 173 647 vitae,
201 563 286 628 cleri
301 566 429 650 pariter
444 585 481 629 ac
500 563 714 648 Theodorae‚
736 565 882 629 mulieris
901 569 1062 648 scenicae,
1083 589 1179 652 quam
1196 589 1334 632 uxorem

83 674 228 754 duxerat,
247 673 438 755 ludibrium,
453 673 495 738 ad
513 673 712 737 evertendas
726 675 836 757 pretio
852 673 946 760 leges
963 675 1196 758 paratissimus,
1220 699 1238 739 a
1258 697 1335 760 pra-

83 783 188 845 dentia
200 781 352 866 denique
362 779 569 864 legislatoria
583 803 697 866 parum
709 782 894 845 instructus.
912 782 967 844 Sic
979 804 1052 846 eum
1064 781 1255 845 describunt
1268 782 1334 846 lide

82 889 235 973 Procopii
257 894 292 951 s'n
318 890 486 951 Anecdatr'e
501 891 534 970 ΙΙ)
563 911 584 952 a
598 889 673 951 Nic.
694 888 883 952 Alemanno
905 889 1064 972 vulgatis,
1091 890 1143 952 cui
1165 891 1335 953 tamenab

82 987 249 1079 Eichelio,
275 995 437 1059 Gabriele
457 995 629 1080 Trivorio‚
652 997 707 1064 Jo.
728 995 820 1059 Petr.
843 996 1031 1080 Ludevigio
1050 997 1191 1085 aliisque
1215 999 1336 1064 acriter

84 1105 322 1170 contradictum
336 1113 395 1167 est.

662 1238 692 1320 §-
710 1237 763 1300 27.

395 1366 556 1448 ladonam,
573 1384 686 1436 quorum
703 1385 785 1437 opera
802 1385 874 1430 um,
891 1367 1000 1422 indoles.

159 1487 237 1549 Nec
250 1505 360 1569 opera·
372 1505 447 1550 usus
463 1484 584 1549 dicitur
598 1485 740 1549 virorum
750 1485 826 1548 huic
839 1485 947 1549 labori
958 1485 1097 1570 parium,
1107 1487 1166 1552 sed
1179 1487 1338 1566 Dwolles‘,

87 1595 251 1676 lleopln'le‘,
274 1591 480 1677 aliorumque
504 1592 599 1678 hujus
623 1595 792 1684 commatis
806 1593 1119 1678 jureconsultorrmr‚
1142 1603 1178 1658 et
1195 1594 1339 1660 maxima

87 1703 279 1776 lithomarii,
304 1701 395 1785 cujus
418 1700 566 1764 indolem
590 1709 665 1786 post
689 1700 823 1764 Suidam
849 1701 883 1764 in
911 1721 994 1764 voce
1021 1702 1236 1781 mimus,
1255 1702 1343 1766 vivis

84 1809 248 1872 coloribus
270 1807 424 1892 depinxit
440 1807 558 1872 Franc.
574 1809 785 1872 Hotomanus
802 1807 836 1871 in
854 1809 1109 1872 Antttntlom‘ano
1129 1829 1155 1872 c.
1173 1809 1224 1872 ll.
1243 1819 1276 1872 ct
1287 1810 1339 1872 12:

82 1939 108 1999 p.
121 1915 194 1980 146.
209 1897 256 1999 sq.
271 1917 315 1997 i).
341 1917 386 1978 Et
403 1937 481 1978 sane
500 1935 599 1999 quum
619 1914 715 2000 hujus
726 1916 788 1979 viri
803 1915 1025 2000 imprudentia
1043 1895 1078 1979 et
1098 1909 1245 1982 sublesta
1254 1917 1339 1980 lides

85 2045 122 2087 ex
138 2025 219 2108 ipsis
231 2023 390 2107 operibus
404 2021 535 2087 elucere
544 2023 707 2106 videatur,
720 2023 885 2108 (quamvis
897 2031 932 2088 et
943 2023 1106 2108 quaedam
1119 2023 1150 2086 ei
1162 2043 1340 2108 perperam

85 2132 371 2210 vitiavertantur,)
387 2131 494 2194 mirati
507 2130 585 2192 olim
601 2151 719 2213 sumus,
735 2131 788 2194 Jo.
803 2131 1009 2194 Chililetium
1027 2131 1067 2193 de
1077 2133 1338 2214 utriusqucjuris

85 2241 267 2311 architectis,
282 2245 317 2300 et
327 2238 448 2301 danum
457 2237 671 2319 Vincentium
686 2237 865 2301 Gravinam
877 2239 916 2300 da
926 2246 999 2300 ortu
1018 2245 1049 2298 ct
1057 2257 1167 2320 progr.
1178 2239 1247 2319 jur.
1260 2239 1339 2298 ciaet.

88 2344 331 2427 0.137.p.159:
344 2367 389 2427 sq.
408 2353 503 2408 tanto
518 2345 688 2408 molimine
709 2345 779 2428 ejus
800 2365 944 2408 caussam
960 2344 1077 2427 egisse.
1100 2342 1158 2424 At,
1171 2363 1208 2406 re
1226 2341 1341 2425 paullo

88 2453 270 2517 adcuratius
288 2473 446 2536 expensa,
469 2475 535 2516 non
557 2452 661 2537 magis
683 2452 877 2536 eonomine
897 2451 1106 2536 indignamur
1121 2449 1341 2530 Triboniano,

90 2583 181 2646 quam
194 2560 344 2624 Juliano.
364 2563 409 2642 (ᾖ.
424 2561 491 2641 14.)
518 2561 612 2624 Nihil
627 2562 715 2628 enim
730 2559 835 2643 illum,
848 2560 910 2624 nisi
934 2580 978 2622 ex
998 2557 1202 2645 praescripto
1216 2556 1342 2644 princi-

90 2671 145 2752 pis,
162 2668 282 2752 egisse,
300 2667 379 2732 satis
393 2676 533 2731 constat.
547 2668 591 2750 k).

663 2818 692 2898 s.
714 2816 766 2880 aa.

565 2947 654 2999 Codex
671 2947 860 3000 Justiniaaem.

168 3067 279 3152 Hujus
293 3085 375 3148 ergo
392 3065 453 3127 viri
473 3085 576 3150 opera
590 3065 636 3145 ¹),
652 3065 872 3150 auspiciisque
882 3061 1073 3148 Justiniani‚
1089 3061 1131 3124 A.
1145 3059 1181 3124 C.
1197 3078 1342 3124 nxxvln.

92 3171 136 3236 Id.
153 3174 253 3236 Febr.
268 3173 375 3257 primo
390 3171 467 3234 loco
485 3172 610 3257 prodiit
626 3189 739 3234 couax
754 3177 1010 3249 Jussrnrnn'sus,
1028 3168 1095 3251 qui,
1116 3189 1212 3250 quam
1229 3185 1341 3249 parurn

95 3280 270 3365 diligenter
292 3279 395 3342 fuerit
420 3301 440 3342 a
461 3279 656 3342 decemviris
682 3277 758 3341 huic
782 3278 877 3364 operi
896 3275 1075 3363 praefectis
1094 3273 1265 3355 collectus,
1286 3271 1343 3336 vel

97 3644 180 3682 versus
192 3629 380 3682 lastinianum
398 3634 425 3680 et
441 3630 622 3693 Theodoram,
634 3643 745 3696 quoque
756 3629 843 3694 magis
861 3630 889 3681 in
907 3631 1019 3697 reliquis
1038 3629 1114 3681 libris
1134 3630 1191 3682 suis
1210 3631 1271 3682 illos
1286 3631 1345 3680 lau-

97 3713 142 3764 dat.
156 3715 217 3766 Irno
236 3713 385 3781 aliquando
403 3729 446 3765 res
466 3713 638 3766 incredibiles
655 3719 761 3776 narrat,
780 3712 955 3781 animumque
972 3713 1063 3778 prodit
1080 3713 1116 3766 ab
1132 3714 1208 3766 omni
1226 3715 1279 3766 fide
1297 3715 1345 3765 ab·

99 3799 258 3851 horrentem:
277 3799 390 3850 Diruere.
409 3805 493 3849 aaran
510 3800 542 3852 de
556 3797 706 3867 philosoph.
721 3795 874 3848 semielriet.
891 3799 912 3865 5.
928 3802 972 3850 23.
986 3799 1015 3850 in
1032 3797 1144 3867 Opusea.
1157 3797 1267 3849 miscell.
1284 3797 1345 3865 Sye-

100 3881 147 3950 lapc
160 3884 186 3935 I.
205 3884 288 3934 Heia.

157 3970 183 4035 i)
203 3969 260 4021 Sed
277 3969 349 4020 hunc
367 3967 524 4032 Hospitalio
541 3969 653 4034 palpum
666 3966 812 4018 obtrudere
829 3965 958 4030 voluisse,
970 3971 998 4018 et
1013 3967 1077 4019 hino
1094 3981 1194 4020 novam
1208 3965 1346 4031 jurispru-

100 4050 197 4104 dentiae
214 4055 315 4105 seotam
336 4053 477 4104 instituere
495 4067 550 4103 non
569 4051 723 4115 dubitasse,
742 4049 911 4102 ostendimus
931 4051 959 4101 ia
973 4049 1093 4117 praefat.
1107 4050 1255 4117 praemissa
1280 4049 1347 4101 Wis-

101 4135 212 4189 senlcels.
231 4135 361 4189 Emdlem.
385 4135 493 4189 Triton.
513 4136 601 4188 Halae
613 4139 688 4190 1736.
699 4139 725 4188 8.
740 4134 810 4204 Opp.
824 4133 855 4185 T.
870 4133 927 4186 ΙΙΙ.
941 4134 1011 4186 Seet.
1026 4139 1049 4186 l.
1056 4152 1086 4201 p.
1103 4135 1246 4186 171-182.
1266 4131 1346 4185 Heia.

161 4223 194 4288 lr)
211 4222 276 4274 Vid.
296 4227 385 4274 const.
405 4223 481 4274 Haec
494 4238 560 4290 quae
578 4219 726 4272 necessario
744 4219 766 4286 t.
782 4224 808 4271 2.
824 4224 911 4271 const.
936 4217 1022 4269 Tanta
1039 4218 1061 4283 ξ.
1075 4220 1117 4268 10.
1136 4222 1223 4268 oonst.
1238 4215 1347 4270 §lamma

102 4305 203 4371 reipubl.
220 4308 244 4374 ξ.
260 4311 286 4359 4.
305 4308 393 4356 const.
415 4304 498 4356 Cordi
513 4304 587 4356 nobis
604 4306 625 4372 §-
644 4309 669 4356 3.
689 4301 777 4355 Miill.

168 4391 192 4456 l)
214 4393 274 4442 lmo
298 4395 379 4441 sexto
397 4391 507 4441 demum
533 4391 594 4439 loco
617 4387 772 4439 nominatur
791 4385 973 4438 'l'ribonianus
995 4383 1023 4435 in
1041 4398 1136 4434 eorum
1157 4383 1279 4436 virorum
1296 4401 1347 4437 nu·
1413 4371 1433 4400 '¹

104 4485 177 4538 mero,
190 4476 290 4542 quibas
305 4472 417 4526 Codicis
429 4473 512 4539 hujus
524 4473 670 4538 colligendi
681 4471 821 4538 provincia
834 4471 995 4522 demandata
1009 4473 1066 4530 cst;
1085 4473 1170 4520 const.
1193 4469 1270 4522 Haec
1281 4487 1350 4540 quae

105 4561 241 4611 necessaria
259 4560 293 4611 de
310 4573 386 4610 novo
404 4559 472 4610 Cod.
490 4560 542 4610 lae.
561 4557 584 4624 ξ.
599 4559 621 4609 l.
640 4556 712 4608 Vide
728 4562 756 4608 et
771 4554 958 4620 Cannegieteri
976 4552 1035 4605 obs·
1056 4555 1097 4604 ll.
1116 4551 1204 4605 Mau.
