3040 5164
348 391 452 476 Qum.
478 391 578 462 Mon.
603 391 765 462 Tasrsn.
791 391 928 462 lsrmu.
942 401 1023 468 ¹etc.
1237 397 1311 470 tto

47 583 306 633 onnnr‘routuus
329 583 366 632 IN
390 585 554 634 nrulutsu
575 585 712 644 PARTEM
739 583 873 652 EORUM,
898 585 989 646 QUAE
1007 583 1091 634 tusis
1115 585 1310 652 DlBBNTUR,

46 691 279 740 ussrounnrus
305 693 428 740 naseu:
451 675 715 760 Theophilum
739 674 875 740 Interea
901 677 1039 740 aderant
1059 675 1220 742 bonorum
1241 699 1311 742 em·
1384 689 1386 694 ’
1449 727 1455 734 .

46 790 154 858 tores,
169 783 227 867 qui
243 790 346 848 totam
362 803 498 848 massam
514 786 675 848 bonorum
692 785 858 865 emebant,
873 785 983 848 vocati
999 783 1099 848 etism
1114 793 1249 848 sectores
1263 786 1309 868 f),

45 889 88 954 de
118 891 245 974 quibus
271 891 339 955 Cic.
355 912 417 974 pro
435 892 468 954 S.
490 894 580 954 Rosc.
596 894 704 954 Amer.
727 914 753 952 c.
767 891 797 954 6.
819 891 956 956 Scilicet
975 901 1121 956 sectores
1142 891 1311 956 vocaban-

45 1007 109 1078 tur,
127 1002 192 1080 qur·
203 1019 288 1081 spem
301 1003 385 1064 tucri
396 1004 449 1062 sut
459 1002 587 1080 sequuta·
598 999 678 1062 bona
692 1001 965 1063 condemnatorum
979 1002 1075 1062 semel
1087 1001 1311 1064 auctionator·
1421 1045 1424 1050 -

46 1115 109 1179 tur,
123 1127 256 1189 proque
270 1111 308 1169 r't‘r
316 1109 470 1188 pecunias
486 1108 689 1188 praedabant
702 1108 850 1186 singulte,
872 1127 909 1168 oo
928 1107 1039 1170 demde
1056 1127 1115 1188 pro
1129 1109 1307 1189 cmupsndtb

46 1236 102 1276 ruo
119 1216 275 1295 singutas
291 1235 500 1296 querqueras
519 1215 636 1296 populo
654 1215 841 1276 vendebant:
856 1213 977 1278 Ascon.
998 1214 1166 1280 Pedianus
1179 1218 1213 1276 ἐπ
1233 1216 1309 1278 Ver·

48 1343 113 1384 rem
139 1323 186 1384 do
206 1323 369 1384 Praetura
390 1323 514 1384 urbano
530 1319 570 1408 [*
575 1343 610 1402 p.
628 1319 678 1383 84.
694 1319 766 1384 226.
781 1320 853 1384 262.
868 1343 913 1404 sq.
934 1341 977 1384 ex
992 1323 1063 1386 adst.
1084 1341 1170 1405 quae
1186 1321 1310 1404 prodiit

46 1429 161 1512 bugd.
184 1430 298 1491 Buteo.
315 1428 407 1491 1676,
425 1427 768 1514 l2.],Nonnumquam
777 1475 787 1510 ,
802 1429 829 1492 si
845 1429 976 1492 deesset
990 1439 1109 1509 sector,
1124 1430 1233 1494 auctio
1250 1429 1310 1492 fic-

49 1537 120 1618 bat,
151 1557 261 1619 eaque
282 1536 489 1602 indicebatur
511 1536 631 1600 acerba
653 1557 736 1600 voce
759 1537 949 1621 praeconis,
967 1537 1056 1620 cujus
1076 1537 1235 1618 formula,
1250 1537 1309 1603 sed

48 1645 184 1730 jocosa,
203 1652 253 1706 est
268 1645 355 1728 apud
371 1645 524 1708 Plautum
541 1645 732 1706 Menoecbm.
752 1645 786 1706 V.
801 1644 831 1707 9.
846 1647 964 1725 r'nflne.
988 1642 1062 1720 Qua
1078 1644 1121 1708 de
1136 1665 1173 1708 re
1189 1645 1309 1710 Cicero

53 1755 157 1835 Epist.
179 1753 225 1814 cd
247 1754 342 1814 Attio.
366 1753 418 1813 VI.
433 1754 462 1813 1.
490 1751 644 1836 Sigonius
667 1752 706 1812 de
722 1761 786 1812 ont.
803 1754 882 1832 jure
900 1755 955 1814 cio.
979 1752 1066 1814 Rom.
1085 1752 1173 1814 cll.
1188 1775 1221 1835 p.
1237 1751 1310 1816 149.

56 1868 88 1923 et
104 1863 146 1949 ds
161 1861 262 1941 judic.
278 1860 304 1922 Ι.
318 1859 367 1922 18.
379 1882 412 1943 p.
425 1859 497 1922 449.
519 1881 564 1943 sq.
586 1859 639 1920 Ne
663 1879 743 1943 ergo
766 1859 848 1922 haec
871 1857 1007 1922 infamia
1028 1857 1061 1922 in
1085 1859 1232 1923 defuncti
1249 1860 1310 1923 do-

52 1969 132 2030 mini
155 1988 268 2030 manes
284 1967 501 2049 redundaret,
518 1967 559 2029 ab
576 1965 742 2030 obaeratis
759 1987 870 2030 servus
893 1967 1126 2030 instituebatur
1146 1967 1259 2050 heres,
1275 1975 1310 2030 et

54 2077 76 2138 is
97 2074 289 2160 cogebatur
310 2073 528 2139 hereditatem
551 2073 660 2156 adire,
677 2083 776 2158 atque
799 2074 876 2138 hinc
891 2074 958 2138 dici
974 2072 1104 2138 solebat
1120 2092 1230 2140 ussus
1248 2093 1309 2140 uls-

52 2198 249 2249 cessamus.

630 2299 659 2379 §.
683 2296 733 2359 12.

551 2413 600 2468 Sui
617 2423 642 2465 et
659 2415 807 2466 necessarii.

140 2518 201 2582 Sur
218 2526 253 2581 et
269 2532 466 2581 uncnssann
482 2524 576 2579 erant
589 2515 704 2600 liberi,
720 2495 932 2600 uncussnnu,
949 2517 1027 2603 quia
1042 2524 1076 2581 et
1090 2515 1153 2600 ipsi
1168 2514 1309 2578 heredes

53 2648 124 2690 esse
142 2625 366 2709 cogebantur:
387 2641 457 2700 sur,
474 2620 629 2710 quiajam
649 2623 731 2688 vivis
753 2626 944 2706 parentibus
958 2627 1052 2712 quasi
1067 2623 1192 2689 domini
1206 2620 1309 2686 habe-

54 2735 190 2798 bantur:
215 2733 244 2814 §.
259 2733 289 2794 2.
308 2735 384 2810 Inst.
406 2733 434 2794 b.
450 2741 470 2792 t.
486 2731 515 2814 ἓ.
530 2731 560 2794 3.
577 2732 652 2793 Inst.
672 2733 711 2792 de
730 2731 848 2804 Hered.
867 2755 947 2816 quoe
967 2735 1005 2796 ab
1027 2739 1130 2796 r'ntest.
1146 2731 1182 2792 I..
1198 2731 1247 2792 ll.
1266 2734 1308 2792 Ι).

57 2845 89 2904 de
101 2843 172 2904 Lib.
190 2851 220 2902 et
236 2849 369 2922 portum.
391 2838 491 2902 Unde
508 2847 543 2901 et
552 2842 711 2920 particeps
728 2843 832 2920 patris
848 2840 1022 2927 eleganter
1035 2840 1157 2904 dicitur
1173 2835 1309 2902 filiusfa-

54 2949 156 3013 milias
180 2946 270 3031 apud
286 2947 480 3009 Terentium
499 2946 714 3008 Heautonttm.
729 2953 800 3007 Act.
815 2949 841 3007 I.
854 2970 897 3010 sc.
912 2950 941 3008 1.
957 2969 984 3009 o.
999 2947 1050 3008 97.
1065 2969 1110 3029 sq.

221 3071 289 3131 Nec
301 3071 362 3148 sas
383 3091 460 3144 esse,
482 3072 548 3130 ulta
569 3090 618 3130 mc
636 3071 796 3170 ootuptate
816 3071 864 3132 br'c
877 3071 961 3148 srur',

227 3177 303 3239 Nr‘si
322 3179 376 3239 ubs‘
393 3179 446 3238 s'tlc
467 3178 527 3238 buc
548 3178 654 3238 salvus
676 3179 805 3240 redierit
824 3200 910 3240 meus
928 3180 1096 3258 particeps.

52 3301 139 3379 Quia
162 3309 275 3363 tamen
298 3298 411 3361 durum
428 3298 612 3381 videbatur,
629 3300 672 3362 ob
695 3299 842 3363 defuncti
862 3301 1009 3383 parentis
1030 3297 1245 3361 infortunium
1265 3298 1308 3362 li-

51 3407 149 3470 beros
175 3407 368 3491 superstites
390 3408 482 3492 quasi
504 3406 671 3472 infamiam
694 3399 913 3471 contraherer
927 3393 1070 3470 Praetor
1091 3406 1168 3490 ipsis
1191 3414 1307 3490 postea

52 3522 265 3580 concesserat
288 3515 483 3577 beneficium
513 3514 714 3579 abstinendi:
736 3515 773 3576 L.
790 3515 840 3577 11.
863 3515 900 3578 L.
916 3516 966 3577 12.
986 3515 1024 3577 L.
1042 3515 1092 3576 57.
1108 3515 1137 3595 §.
1157 3513 1186 3574 1.
1207 3515 1248 3576 D.
1269 3515 1307 3576 de

51 3628 188 3706 Adquir.
205 3624 308 3684 bared.
325 3624 360 3684 1..
375 3622 425 3684 71.
440 3623 469 3703 ὃ.
484 3624 514 3686 9.
529 3626 595 3686 eod.
614 3643 658 3686 ex
681 3645 747 3706 quo
770 3624 857 3705 loco,
880 3622 914 3685 id
930 3623 1125 3687 beneficium
1143 3624 1212 3707 jam
1229 3630 1306 3686 ante

51 3732 170 3796 Sabini
189 3740 340 3813 tempora
354 3729 466 3792 liberis
483 3730 592 3795 datum
611 3732 726 3813 fuisse,
743 3731 894 3822 adparet,

628 3881 657 3961 s.
680 3878 731 3942 13.

612 3995 750 4048 Extranei.

135 4094 296 4180 Denique
312 4087 484 4160 EXTRANEI
507 4103 617 4176 erant,
634 4097 689 4180 qui
706 4118 767 4160 nec
783 4095 959 4160 necessarii
975 4102 1070 4159 erant
1086 4113 1147 4156 nec
1163 4093 1220 4155 sui.
1242 4094 1305 4156 His
1405 4089 1409 4094 ’

51 4225 134 4288 ergo
156 4204 297 4266 liberum
322 4200 482 4284 erat,ch
505 4201 596 4266 adire
620 4204 856 4288 hereditatem,
873 4203 928 4268 vel
949 4201 1141 4286 repudiare,
1161 4199 1187 4262 si
1204 4201 1305 4283 magis

120 4410 152 4475 f)
172 4407 238 4460 vid.
258 4414 347 4462 umen
365 4411 400 4462 de
418 4425 464 4473 ea,
485 4425 555 4478 quae
572 4429 607 4463 ex
625 4418 746 4466 veterum
764 4416 852 4464 mente
871 4409 935 4461 hnic
953 4409 1056 4462 nomini
1075 4409 1144 4462 inost
1162 4408 1188 4460 vi
1207 4424 1239 4460 ac
1256 4424 1304 4473 po·

52 4500 163 4546 testate:
189 4493 295 4546 Stieber
313 4494 330 4546 1.
349 4495 367 4546 l.
385 4511 410 4561 p.
423 4500 453 4547 .4,
471 4511 531 4563 sqq.
559 4496 600 4548 Cf.
624 4497 705 4550 etic'm
728 4511 798 4562 quse
821 4509 904 4560 supra
927 4495 1116 4546 adnotavimus
1139 4491 1190 4544 Tit.
1210 4494 1231 4546 1.
1249 4492 1305 4557 huj.

53 4578 113 4629 libri
132 4579 153 4644 ξ.
172 4581 215 4629 22.
234 4583 290 4630 not
307 4595 334 4644 p.
353 4577 439 4631 Muti.
658 4583 661 4591 “
