3130 5148
234 387 282 454 52
604 368 630 402 ²
712 377 786 446 Lm.
813 376 839 445 I'.
864 375 944 446 Trr.
970 375 1014 445 II.

234 561 350 620 cerunt
368 547 558 634 Praetores,
582 560 618 616 ut
641 553 810 637 antiquum
827 554 892 638 jus,
915 571 1066 635 asperum
1087 549 1171 616 illud
1191 549 1325 634 quidem
1344 549 1494 616 arctissi-

235 663 361 747 misque
386 662 479 726 velut
504 659 660 725 cancellis
686 661 857 740 inclusum,
885 659 1090 744 adjuvarent,
1111 658 1315 744 supplerent,
1340 659 1495 743 corrige-

232 759 308 834 rent
323 775 366 852 θ).
389 769 466 848 Qua
479 769 514 832 in
533 763 569 831 ie
584 790 651 832 non
672 767 772 831 modo
792 767 877 832 banc
901 767 965 830 sibi
984 766 1094 850 legem
1117 767 1181 852 ipsi
1200 767 1438 852 imposuerunt,
1456 775 1496 830 ut

232 897 342 962 neque
353 877 459 962 iniqui
469 874 658 960 quidquam,
669 893 779 960 neque
790 876 947 940 adverus
957 874 1062 958 leges,
1072 875 1354 940 senatusconsulta
1362 897 1495 938 mores-

233 1007 299 1072 que
312 984 430 1070 populi
455 983 626 1046 edicerent
647 981 861 1067 facerentque
877 983 923 1065 ¹¹),
947 1001 1061 1046 verum
1085 983 1195 1065 etiam,
1214 983 1272 1047 ubi
1295 985 1337 1046 ab
1358 983 1494 1068 antiqui

226 1093 311 1180 juris
331 1091 446 1157 indole
470 1089 629 1154 recedere
650 1104 712 1174 pro
734 1111 858 1154 morum
885 1097 1135 1174 temporumque
1159 1091 1289 1154 ratione
1313 1113 1371 1155 eos
1386 1113 1494 1176 opor-

138 1233 140 1238 *
232 1202 336 1282 tabat,
351 1199 386 1263 id
401 1219 468 1262 non
484 1198 657 1262 subitanea
670 1219 777 1262 rerum
792 1199 1021 1280 conversione,
1037 1196 1096 1261 sed
1112 1198 1159 1260 ita
1174 1199 1286 1280 fiebat,
1307 1205 1344 1262 ut
1363 1217 1493 1264 summa

232 1331 299 1394 qua
314 1312 469 1392 poterant
485 1327 561 1370 cura
578 1307 707 1390 pristini
718 1306 803 1390 juris
819 1306 988 1391 principiis
998 1304 1184 1392 parcerent,
1201 1307 1370 1392 ipsiusque
1383 1307 1493 1371 vesti-

231 1416 294 1501 giis
311 1414 597 1495 adhaerescerent,
613 1435 652 1476 ac
667 1407 823 1497 religiose
840 1422 1010 1480 servarent
1018 1415 1141 1499 jurium
1153 1407 1288 1492 'formas
1306 1435 1392 1499 quae
1409 1435 1492 1500 pro-

231 1524 324 1609 priae
343 1531 454 1588 essent
470 1522 576 1588 civilis
587 1521 671 1606 juris
685 1525 728 1604 ο).
751 1524 806 1603 Et,
828 1543 926 1607 quum
945 1523 1010 1585 boc
1029 1520 1084 1585 vel
1103 1522 1245 1586 maxime
1267 1523 1346 1607 ipsis
1360 1545 1491 1609 propo-

229 1633 327 1696 situm
343 1631 453 1713 fuerit,
475 1639 510 1694 ut
530 1633 571 1694 ab
587 1629 706 1714 injuria
722 1629 898 1714 iniquitate
924 1635 1011 1692 tutos
1034 1639 1240 1714 praestarent
1259 1630 1421 1712 homines,
1447 1652 1492 1696 ee

231 1749 342 1806 tamen
364 1738 527 1802 modestia
542 1738 590 1818 usi
607 1746 681 1802 sunt
698 1739 732 1800 in
751 1738 873 1802 veteris
887 1738 971 1824 juris
988 1739 1100 1822 rigore
1120 1735 1348 1823 temperando,
1363 1746 1400 1803 ut
1417 1760 1490 1802 non

229 1848 292 1910 nisi
308 1869 405 1910 causa
426 1846 559 1930 cognita
576 1853 769 1926 statuerent,
793 1845 873 1931 quid
895 1845 1013 1930 cuique
1037 1846 1088 1912 rei
1108 1853 1208 1930 atque
1226 1847 1388 1930 aequitati
1405 1867 1491 1910 con-

229 1955 344 2020 venire
355 1955 525 2018 videretur
539 1953 583 2035 s).
605 1954 703 2016 Hanc
717 1955 820 2038 igitur
833 1954 867 2018 in
877 1955 954 2039 jure
970 1953 1116 2018 dicundo
1129 1954 1306 2040 aequitatis
1320 1953 1489 2018 rationem

228 2062 357 2128 assidue
384 2061 525 2146 sequuti,
550 2061 697 2125 actiones
722 2061 831 2145 laesis,
853 2061 909 2125 vel
931 2063 1174 2146 exceptiones,
1191 2069 1247 2126 aut
1269 2061 1404 2144 dabant,
1428 2071 1489 2127 aut

107 2243 111 2250 ‚
226 2171 445 2236 restituebant
461 2175 506 2251 t).
527 2170 719 2251 Praeterea,
736 2191 834 2256 quum
851 2171 941 2254 ipsae
958 2190 1090 2255 quoque
1106 2169 1200 2254 leges
1213 2171 1410 2234 Praetorem
1426 2170 1489 2236 illa

226 2278 352 2364 placita
365 2278 505 2344 subinde
524 2286 742 2363 agnoscerent
757 2278 1055 2362 confirmarentque
1071 2277 1117 2361 ¹¹),
1133 2297 1243 2362 neque
1258 2299 1338 2343 vero
1355 2299 1487 2344 succes-

226 2515 316 2564 tutum
334 2515 453 2564 evertere
470 2510 614 2574 studuerit,
632 2511 683 2562 boc
701 2509 729 2562 in
750 2511 812 2562 Ioco
830 2510 895 2562 olias
913 2511 1051 2564 fabulatus
1070 2515 1112 2562 est
1129 2509 1301 2576 Heirreocins,
1316 2510 1487 2577 jamdudum

225 2597 323 2648 barum
339 2611 431 2647 rerum
445 2594 515 2660 justi
533 2594 720 2647 aestimatores
738 2595 934 2662 redarguerunt
949 2594 1018 2646 falsa
1036 2610 1097 2648 esse
1115 2596 1267 2664 futilisque.
1285 2595 1376 2662 Digna
1388 2596 1486 2664 itaque

225 2685 298 2741 sunt,
317 2694 386 2747 quae
403 2678 535 2731 oblivioni
550 2679 577 2733 in
595 2694 675 2731 omne
695 2685 801 2744 tempus
820 2679 969 2732 tradentur.
985 2679 1044 2732 Nos
1062 2679 1172 2732 iliorum
1189 2680 1218 2732 in
1235 2682 1325 2732 Iocum
1343 2681 1397 2733 alia
1416 2682 1486 2733 sub-

224 2764 379 2828 stituimus,
397 2763 526 2816 tralatitie
538 2763 649 2832 quidem
664 2770 746 2832 atquc
763 2765 792 2816 in
809 2766 907 2830 vulgus
925 2769 998 2826 nota,
1017 2765 1144 2818 omnibus
1162 2772 1266 2830 maren,
1284 2755 1485 2830 utaperiamus,

197 2875 200 2882 ¹
224 2849 347 2917 probata,
365 2847 539 2917 tironumque
556 2849 647 2915 captui
665 2835 877 2902 accommodata.
897 2848 984 2901 MriM.

291 2934 321 3000 o)
341 2933 374 2986 1..
393 2937 418 2986 7.
436 2933 458 3000 5.
478 2937 500 2984 1.
518 2931 554 2983 Ι).
573 2933 604 2984 de
622 2933 650 2986 J.
673 2944 699 2988 ct
714 2934 743 2985 J.
769 2935 845 2998 „Jus
863 2934 1030 3000 praetorium
1047 2938 1103 2996 est,
1123 2935 1199 3003 quod
1223 2936 1367 2987 Praetores
1393 2935 1485 2988 intro-

224 3020 362 3073 duxerunt
382 3017 545 3084 adjuvandi,
568 3020 610 3070 rel
629 3019 789 3085 supplendi,
813 3021 856 3072 vel
882 3019 1034 3086 corrigendi
1047 3018 1120 3086 juris
1145 3018 1231 3072 eivibs
1248 3019 1351 3085 gratia,
1365 3029 1485 3088 propter

150 3139 153 3144 -
222 3105 361 3158 utilitatem
376 3099 539 3171 paeleum?
553 3133 587 3142 -
599 3103 640 3156 cf.
652 3105 702 3157 Nr.
721 3110 749 3157 ct
765 3106 786 3173 §.
807 3110 830 3157 l.
848 3105 875 3156 J.
895 3105 927 3156 de
945 3103 1003 3156 bon.
1018 3120 1090 3172 poss.
1111 3103 1200 3156 Mu'bl.

292 3187 328 3256 d)
346 3189 379 3240 Ι..
398 3191 424 3241 7.
442 3188 463 3255 5.
477 3193 503 3242 7.
529 3190 564 3241 1).
584 3189 615 3240 dc
628 3197 703 3258 pact.
721 3188 754 3241 1..
777 3189 875 3256 1.5.8.
900 3191 936 3242 D.
956 3191 987 3240 de
1002 3189 1099 3256 portui.
1117 3189 1150 3240 L.
1172 3195 1194 3242 1.
1213 3189 1241 3242 in
1260 3191 1279 3243 f.
1302 3191 1337 3242 D.
1356 3205 1390 3241 ιι·
1407 3189 1483 3260 quib.

188 3285 200 3302 ’
222 3273 402 3343 οιιιι.ιιιιι]ὀν.
416 3274 444 3324 r'ra
461 3274 508 3324 int.
529 3281 592 3324 rest.
611 3273 643 3324 1..
658 3279 699 3327 12.
714 3275 735 3342 5.
750 3279 775 3328 4.
794 3276 830 3327 D.
850 3273 881 3324 de
896 3271 971 3341 publ.
989 3274 1017 3323 ia
1034 3290 1099 3324 rem.
1120 3282 1169 3326 act.
1192 3275 1225 3327 1..
1246 3275 1426 3342 12.§.1.D.
1448 3277 1483 3327 de

223 3357 281 3410 boa.
294 3374 366 3427 poss.
380 3385 412 3396 -
426 3357 516 3420 Quam
541 3359 626 3424 legem
644 3373 699 3409 non
722 3375 828 3424 semper
847 3373 864 3409 a
881 3358 1057 3411 Praetoribus
1075 3373 1135 3410 esse
1144 3358 1323 3424 observatam,
1341 3359 1484 3412 ecioero-

222 3443 265 3497 nis
283 3443 312 3494 in
328 3441 442 3499 Verrem
460 3438 628 3493 orationibus
647 3450 815 3510 compertum
833 3443 972 3495 habemus.
1000 3443 1066 3508 Sed,
1085 3442 1152 3512 quid
1170 3446 1236 3498 baec
1250 3443 1286 3497 ad
1303 3461 1377 3508 rem,
1395 3461 1483 3514 quarn

215 3529 301 3580 defen
358 3527 409 3578 usi
435 3525 507 3578 Ni
510 3542 570 3578 rum
591 3525 659 3580 nihil
677 3534 718 3581 est
741 3533 797 3580 tam
815 3528 918 3581 bonum
945 3541 977 3578 ac
995 3529 1128 3592 salutare,
1147 3529 1213 3597 quin
1240 3532 1310 3582 male
1328 3531 1430 3583 utendo
1451 3531 1483 3584 in

221 3526 368 3678 permeidb
382 3626 480 3662 conver
493 3609 616 3676 'possit
637 3610 725 3664 Miibl.

289 3693 483 3764 e)Gtrjiiust
502 3695 551 3748 IV.
569 3696 591 3763 5.
610 3700 688 3749 34-
702 3701 745 3750 33.
763 3697 828 3762 Uip
845 3697 952 3763 Fragm.
972 3695 1112 3750 XXVIII.
1131 3697 1152 3765 5.
1173 3701 1304 3752 len-1..
1326 3705 1367 3752 14.
1388 3699 1425 3753 Ι).
1447 3701 1482 3752 de

220 3780 302 3834 testib
321 3753 485 3847 „Existimti
503 3795 592 3849 neque
605 3780 669 3846 jure
686 3781 759 3834 civili
777 3787 967 3833 testamentum
984 3781 1083 3846 valere,
1096 3811 1172 3822 --
1184 3799 1272 3852 neque
1287 3783 1351 3888 jure
1368 3789 1482 3850 praeto·

221 3866 276 3931 rie,
295 3866 423 3936 quodjus
441 3865 515 3918 civile
532 3864 727 3934 subsequitur?
745 3865 832 3918 natat.

289 3951 373 4019 I.)V
393 3950 595 4006 Mtihlenbruch
616 3949 819 4004 Ucaaiond.1³'.
835 3951 872 4002 R.
890 3951 912 4018 5.
927 3953 968 4004 15.
987 3950 1069 4004 NrI
1056 3951 1141 4004 Led.
1161 3953 1255 4005 111.-
1266 3952 1411 4004 Caeterum
1428 3953 1481 4006 vix

219 4039 262 4088 cst
279 4036 355 4105 quod
372 4050 543 4098 moneamus,
561 4037 648 4088 multa
664 4053 700 4088 ex
720 4035 768 4098 iis,
786 4050 856 4104 quac
874 4034 962 4101 primo
987 4034 1098 4104 quidem
1116 4049 1171 4087 non
1197 4035 1250 4088 nisi
1267 4053 1351 4089 causa
1368 4038 1482 4103 cognite

220 4119 352 4186 impertiri
369 4121 495 4185 solerent,
508 4117 536 4171 in
550 4126 709 4186 perpetuam
724 4116 924 4187 jurisdictionis
936 4121 1052 4173 formam
1071 4120 1171 4172 sensim
1190 4121 1410 4192 pedetentimque
1428 4124 1481 4176 ab·

220 4203 293 4257 iisse.
313 4203 400 4259 mitt.

288 4289 321 4356 g)
341 4290 375 4341 V.
394 4289 477 4354 Hugo
495 4287 530 4342 R.
549 4285 583 4337 G.
603 4286 656 4340 XI.
674 4303 701 4352 p.
719 4289 780 4340 431.
799 4291 841 4356 sq.
866 4285 953 4340 Mitt.

287 4373 321 4442 h)
342 4373 378 4424 V.
397 4387 467 4442 quae
484 4372 506 4439 5.
523 4375 566 4424 24.
586 4371 621 4422 de
641 4373 701 4438 lege
724 4371 850 4424 Cornelia
868 4371 1006 4440 disputata
1023 4365 1096 4425 su'nt.
1111 4401 1144 4410 -
1162 4373 1204 4425 CI.
1223 4379 1250 4425 et
1267 4373 1333 4439 Lag.
1355 4374 1389 4428 de
1403 4376 1478 4428 Gaii.

219 4457 320 4529 OEsaip.
340 4457 434 4522 fragm.
454 4457 605 4519 1524.-
622 4455 861 4522 „stipulationem
886 4474 967 4526 quam
985 4456 1024 4523 Is,
1044 4457 1091 4528 qui
1108 4458 1213 4510 Romae
1230 4457 1299 4511 inter
1317 4461 1478 4526 peregriaos

215 4543 262 4609 jus
281 4540 359 4605 dicit,
378 4539 406 4594 in
425 4543 486 4596 albo
505 4539 674 4608 propositam
692 4541 801 4593 hebet.”
820 4572 853 4583 -
873 4541 959 4598 Mete.
