3062 5164
188 377 215 390 ι.
266 409 321 476 Da
346 411 436 478 nen.
461 409 565 481 lhvrs.
591 411 645 480 Er
669 411 818 494 Annum:
840 411 954 478 resin.
981 409 1074 478 Dori.
1223 415 1295 482 34⁵

37 587 226 671 spiciuntur
240 587 350 672 juncti
369 588 489 667 bores,
513 588 578 654 acti
597 611 616 652 a
637 589 709 654 viro
732 586 841 652 cinctu
863 586 998 652 Gabino
1017 595 1136 652 ornato
1150 591 1195 668 ·)“.
1217 587 1296 652 Vid.
1412 665 1414 672 Α

37 695 164 759 Ezech.
187 695 310 781 Spanh.
326 698 366 760 de
382 719 443 760 usu
461 705 491 758 et
509 707 631 778 praest.
653 718 738 760 nom.
756 697 890 759 Dbsert.
913 698 971 760 IX.
984 719 1019 779 p.
1036 695 1109 760 W.
1136 695 1309 762 Vaillnnt„
1359 767 1361 776 ,

38 807 74 867 dc
88 808 199 866 numu
215 810 320 868 neceb
334 807 430 868 colon.
446 805 780 886 Latinijuris.Par1's.
797 803 889 868 1695.
900 806 962 884 sol.
983 804 1240 869 Adhibebamur
1261 815 1295 870 et

39 913 102 976 alia
115 913 284 998 quaedam
298 913 379 978 boni
393 912 511 977 ominis
525 933 648 996 caussa,
663 921 699 976 ut
716 911 833 978 Festus
844 912 944 978 docet
955 914 1014 978 sub
1026 935 1110 979 voce
1128 914 1296 990 Quadrato

36 1045 65 1103 p.
82 1020 161 1084 389.
188 1041 274 1105 quae
295 1030 422 1103 tamen,
446 1020 557 1105 qualia
577 1019 717 1101 fuerint,
735 1021 836 1086 hodie
858 1021 1046 1108 ignoramus
1061 1027 1107 1103 ²).
1129 1019 1295 1109 [Polenta

41 1151 147 1193 muros
172 1138 209 1195 ct
222 1129 395 1214 pomoeria
411 1129 621 1216 descripsisse
640 1128 805 1211 Graecos,
821 1138 914 1214 potet
934 1152 976 1194 ex
994 1129 1109 1194 curtio
1126 1129 1184 1194 IV.
1202 1129 1232 1194 8.
1247 1127 1295 1216 6.]

42 1239 110 1302 Jam
127 1259 215 1301 vero
234 1255 276 1301 ex
292 1238 342 1302 his
357 1239 457 1303 facile
477 1236 662 1302 reddideris
679 1236 853 1319 rationem,
869 1259 927 1301 cnr
944 1239 1086 1323 moenia,
1103 1260 1170 1302 non
1186 1245 1293 1302 autem

44 1356 178 1430 portae,
199 1355 312 1410 sancta
333 1347 496 1412 visasint.
518 1348 587 1420 Eae
612 1346 699 1426 enim
723 1346 891 1430 auspicato
907 1367 973 1410 non
993 1347 1206 1430 signabantur
1223 1367 1296 1410 ora-

45 1465 102 1538 tro,
118 1455 201 1541 quia
216 1475 278 1538 per
291 1454 367 1518 illas
384 1455 546 1520 cadavera
561 1454 694 1540 aliaque
712 1454 840 1538 impura
857 1454 1033 1518 evehenda
1047 1463 1157 1520 erant:
1171 1465 1205 1519 et
1219 1455 1296 1518 hinc

47 1585 177 1648 quoque
193 1585 305 1628 sacrae
321 1562 385 1627 hoo
399 1563 532 1649 quidem
549 1583 646 1626 sensu
661 1584 728 1627 non
738 1563 954 1628 videbantur:
968 1562 1139 1628 Plutarchi
1155 1540 1295 1642 thestt.

51 1673 129 1733 Rom.
146 1694 173 1735 c.
187 1671 240 1734 27.

620 1755 650 1838 §.
670 1756 722 1818 10.

522 1865 659 1918 Dediootr‘o
677 1866 814 1918 moenium.

126 1967 285 2031 Perfecta
311 1966 442 2030 moenia
471 1967 570 2031 etiam
596 1965 743 2030 dedicari
766 1963 973 2030 sollemniter
997 1967 1159 2031 solebant.
1189 1966 1295 2052 quue

52 2075 181 2158 adparet
203 2097 248 2138 ex
269 2073 489 2159 Inscriptione
515 2073 601 2159 apud
626 2071 802 2138 Gruterum
821 2096 853 2156 p.
876 2073 1020 2138 CLXVI.
1039 2096 1070 2136 n.
1087 2073 1117 2136 2.
1139 2091 1296 2139 nononis.

50 2199 210 2246 Aucusrn.
233 2200 378 2246 vernoun.
403 2197 503 2247 novt.
530 2198 772 2246 antummum.
796 2198 999 2246 venantum.
1022 2200 1056 2244 11.
1085 2199 1128 2246 nr
1151 2199 1296 2247 nummo.

50 2307 139 2354 ocus.
168 2308 263 2356 stunt.
289 2305 538 2355 venonnnsruu.
559 2305 749 2353 rsnmcs‘rr.
774 2305 829 2353 nx.
852 2305 919 2354 mn.
947 2305 995 2352 111.
1019 2306 1100 2354 non.
1121 2306 1297 2354 lemurum.

48 2414 217 2460 nnnrcarr.
242 2415 293 2462 ra.
316 2415 396 2462 non.
421 2413 619 2461 bronurius.
645 2406 710 2460 etc.
748 2397 852 2461 Facta
878 2417 959 2481 ergo
989 2395 1052 2461 hac
1084 2397 1296 2461 dedicatione
1372 2423 1376 2428 ·

49 2513 158 2568 sancta
173 2505 377 2570 habebantur
391 2506 533 2588 moenia,
550 2528 588 2570 ac
604 2505 746 2590 proinde
761 2525 824 2568 nec
839 2505 930 2569 refici
942 2513 1098 2590 poterant
1112 2505 1183 2569 sine
1198 2505 1298 2570 Prin-

53 2613 162 2696 cipum,
178 2621 343 2698 tamquam
360 2613 558 2676 Pontificum
571 2614 802 2696 Maximorum,
815 2615 1023 2698 auctoritate,
1039 2635 1101 2678 nec
1117 2613 1296 2699 quidquam
1333 2685 1335 2694 Α

54 2720 91 2781 iis
104 2721 338 2806 superimponi:
353 2722 391 2783 L.
407 2719 437 2784 8.
452 2719 481 2802 §.
492 2719 524 2784 2.
546 2721 583 2783 Ι..
597 2720 627 2782 9.
642 2720 671 2803 §.
678 2721 744 2800 fin.
761 2723 802 2784 D.
821 2724 849 2784 h.
864 2733 885 2785 t.

620 2876 649 2957 ς.
671 2874 722 2937 11.

435 2988 491 3041 Cirr
507 2990 631 3040 sanentur
649 2986 747 3041 tributa
765 2987 914 3041 moenibus?

131 3085 162 3149 Si
177 3109 261 3152 vero
277 3087 391 3172 paullo
408 3088 593 3153 adcuratius
614 3110 683 3152 rem
699 3089 900 3171 consideres,
916 3089 1015 3156 facile
1031 3091 1215 3174 adparebit,
1231 3111 1297 3154 non

58 3189 141 3256 aliam
161 3197 204 3259 ob
230 3217 375 3286 caussam
399 3195 461 3260 hac
487 3197 668 3262 sanctitatis
691 3198 850 3282 opinione
872 3198 1014 3262 imbutos
1041 3217 1112 3261 esse
1138 3197 1298 3280 homines,

55 3299 108 3362 nisi
123 3311 156 3367 ut
171 3305 262 3367 cives
286 3325 347 3388 pro
363 3305 554 3387 moenibus,
577 3313 741 3390 tamquam
758 3328 818 3391 pro
840 3328 877 3371 re
894 3314 1022 3386 sancta,
1039 3303 1179 3389 Diisqne
1203 3302 1298 3367 dedi-

55 3419 118 3473 cata
137 3421 232 3476 tanto
257 3412 374 3474 fortius
397 3421 591 3496 pugnarent
613 3413 720 3498 quue
749 3415 849 3476 etiarn
873 3415 1028 3478 observat
1052 3413 1099 3476 M.
1120 3411 1299 3476 Terentius

55 3513 150 3582 Varro
167 3519 257 3605 apud
274 3520 487 3584 Plutarchum
506 3522 648 3598 Quaestt.
665 3522 752 3583 Rom.
768 3545 794 3582 o.
808 3521 861 3585 27.

620 3673 649 3756 §.
671 3673 723 3738 12.

383 3785 385 3789 ’
440 3783 496 3836 Ros
514 3783 622 3836 humani
629 3783 705 3853 juris
724 3785 902 3854 quotuplicss?

126 3880 193 3944 Res
216 3881 350 3946 humani
367 3883 451 3968 juris
475 3884 530 3948 vel
551 3884 586 3948 in
602 3900 768 3967 nunnus,
785 3886 841 3950 vel
862 3887 896 3950 in
915 3904 1133 3952 rfflvsronum
1152 3906 1299 3968 quorum-

61 3983 121 4047 dam
138 3998 233 4052 erant
249 4006 471 4054 PATR1MON10.
497 3992 537 4054 In
556 3991 678 4056 nullius
701 3993 902 4076 patrimonio
929 4003 1023 4058 erant
1043 4015 1096 4058 res
1114 4013 1299 4067 communes,

56 4117 330 4138 *uun—u...—

115 4183 141 4250 ε)
160 4185 236 4237 Hinc
253 4187 335 4238 urbes
354 4186 442 4240 dictae
460 4187 496 4239 ab
512 4187 588 4241 urdo.
615 4188 719 4242 Urbars
736 4191 809 4245 enim
827 4191 966 4245 veteribus
983 4196 1041 4242 erat
1058 4193 1150 4241 aratro
1173 4187 1299 4245 definire:

55 4261 139 4318 arbam
156 4285 221 4322 vero
234 4270 377 4324 dicebatur-
387 4279 541 4338 armatura,
554 4276 630 4342 quod
648 4289 680 4328 ea
699 4275 728 4328 in
740 4278 807 4329 urbe
818 4275 960 4329 condenda
973 4273 1097 4327 adbiberi
1108 4279 1299 4329 consueverat:

57 4346 134 4404 Varro
151 4354 182 4406 ds
201 4355 307 4424 Lirpco
325 4358 384 4410 Lat
402 4357 455 4410 IV.
471 4363 513 4411 3⁴2.
529 4377 558 4427 p.
572 4365 615 4413 24.
642 4361 777 4427 Pompon.
795 4363 829 4415 L.
846 4367 906 4416 239.
924 4363 945 4430 ς.
963 4366 988 4415 6.
1006 4361 1042 4412 D.
1062 4361 1093 4412 ds
1119 4357 1192 4411 Verb.
1211 4359 1299 4428 siparis.

56 4432 92 4486 Ct.
108 4437 162 4490 lac
180 4440 315 4494 Raevard
336 4440 488 4512 conjectae.
505 4445 547 4498 ΙΙ.
566 4448 591 4499 7.
605 4463 634 4514 p.
652 4450 695 4500 49.
712 4447 793 4500 Heia.

58 4599 62 4612 .
116 4522 140 4587 t)
160 4524 204 4576 Ita
220 4532 247 4578 et
264 4525 293 4578 in
306 4527 483 4580 terminorum
501 4529 681 4584 erectionibus
700 4532 831 4584 nonnulla
848 4533 948 4584 fiebant
960 4531 1024 4584 boni
1037 4513 1136 4582 ominis
1155 4544 1261 4596 mussa,
1272 4538 1300 4584 et

57 4617 80 4652 ¹1¹
97 4606 275 4664 fundamentis
294 4612 456 4692 templorum
474 4613 616 4678 ponendis.
638 4613 721 4670 chus.
