3056 5154
225 376 298 442 seo
524 368 599 436 ιιι
624 367 687 435 ιιι.
713 367 794 436 un.
818 353 981 436 xxvui
1003 368 1184 454 (xxvii)

225 549 323 630 1⁸qu
343 546 539 607 mansurae
555 552 748 625 procurator
765 552 891 626 petrau,
916 545 1001 626 quod
1018 549 1101 626 ἔμε,
1117 548 1174 606 cns·
1191 545 1300 615 deles,
1317 564 1350 604 se
1366 547 1460 606 mom·

228 655 317 715 modo
334 660 388 712 tuo
405 660 592 713 exacturum
609 661 715 733 negat.
736 654 783 712 At
801 671 884 724 vero,
904 654 1050 734 ippum
1062 651 1120 710 tr'br'
1133 671 1201 732 ego,
1217 652 1331 722 Brute,
1346 671 1402 712 oon
1415 654 1461 712 sol·
1517 725 1518 738 χ

227 783 315 832 vom,
329 761 498 840 coprus
513 767 579 820 ote
600 777 722 832 moero,
744 760 878 840 anplius
896 780 932 820 eo
946 760 1250 830 mmmmm,
1268 759 1359 838 cujus
1372 761 1463 839 petitio
1517 759 1518 774 ¹

228 872 278 941 ut,
290 869 473 949 petiturum.

814 979 844 1060 §.
865 979 897 1042 3.

604 1097 729 1149 Aeuom
746 1113 780 1147 ex
796 1095 846 1148 lroe
863 1097 940 1166 quari
956 1104 1102 1148 canaan.

312 1194 599 1273 Quemadmodum
623 1219 705 1260 vero
729 1197 865 1261 domino
893 1196 1049 1260 adversus
1076 1196 1289 1280 negotiorum
1317 1203 1465 1280 gestorem

230 1302 358 1368 directa
377 1301 590 1388 competebat
606 1305 694 1368 actio
710 1304 753 1367 ad
767 1303 971 1367 reddendam
993 1304 1288 1382 administrationis
1302 1303 1466 1366 rationem:

230 1412 277 1474 ita
294 1392 503 1498 negotiorum
522 1412 646 1496 gestori
672 1410 812 1474 dabatur
834 1411 998 1474 contraria
1015 1410 1057 1473 ad
1073 1408 1304 1495 praestandam
1320 1409 1466 1473 indemni·

230 1528 349 1599 tatem,
365 1527 400 1581 et
414 1517 634 1581 restituendas
649 1519 813 1603 impensas
836 1518 936 1583 utiles
952 1527 987 1580 et
1002 1520 1221 1600 necessarias,
1238 1517 1360 1601 quibus
1373 1525 1465 1580 umen

229 1646 296 1690 non
316 1624 580 1688 adcensebantur
593 1647 673 1707 eae,
687 1647 773 1711 quae
788 1627 941 1710 pietatis,
958 1625 1012 1688 vel
1028 1624 1207 1708 voluptatis
1223 1645 1339 1687 caussa
1355 1625 1467 1688 fuerant

229 1735 337 1798 factae
347 1759 355 1796 ι
367 1734 406 1796 L.
421 1733 472 1794 45.
485 1754 539 1814 pr.
551 1732 589 1794 L.
603 1732 654 1794 27.
663 1717 821 1816 praiacsD.
838 1736 922 1815 Neg.
935 1741 1016 1815 gest.
1035 1733 1067 1794 N
1070 1734 1257 1818 egotiorum
1274 1753 1358 1795 vero
1373 1741 1468 1818 gestor

231 1850 266 1904 et
280 1841 400 1903 bonam
426 1839 523 1901 fidem
548 1846 582 1901 et
606 1840 845 1903 exactissimam
870 1840 1078 1925 diligentiam
1102 1849 1271 1924 praestare
1294 1842 1467 1916 tenebatur,

230 1950 327 2027 adeo,
343 1955 379 2010 ut
394 1967 636 2030 nonnumquam
653 1956 687 2010 et
705 1969 797 2010 casus
813 1956 899 2010 esset
913 1949 1143 2030 praestandus:
1158 1949 1196 2010 L.
1208 1949 1261 2011 10.
1275 1955 1312 2012 et
1325 1947 1377 2009 11.
1390 1949 1427 2009 Ι).
1439 1948 1468 2006 cle
1517 2019 1518 2028 χ

229 2055 312 2136 Neg.
324 2063 404 2138 gest.
419 2052 485 2115 imo
502 2061 536 2116 et
551 2075 666 2117 usurae
684 2055 921 2135 restituendae,
935 2063 970 2118 et
981 2055 1162 2137 periculum
1173 2077 1287 2117 eorum
1303 2056 1467 2135 nominum,
1517 2039 1518 2132 i

229 2162 346 2250 quibus
362 2161 433 2244 ipse
448 2161 620 2245 pecuniam
634 2161 876 2244 collocaverat,
888 2162 1091 2225 subeundum
1099 2212 1109 2245 ,
1124 2163 1152 2226 si
1166 2163 1235 2226 litis
1249 2173 1403 2247 tempore
1416 2159 1467 2223 sol·
1517 2133 1518 2190 l

142 2324 145 2330 .
229 2268 340 2334 vendo
360 2289 427 2332 non
450 2277 576 2332 essent:
591 2269 689 2333 Pauli
708 2273 861 2332 Sententt.
876 2272 1017 2354 Recepti.
1033 2272 1059 2331 1.
1073 2271 1103 2332 4.
1117 2270 1147 2334 3.
1176 2269 1276 2355 Isque
1293 2272 1381 2356 juris
1395 2271 1468 2353 rigor

231 2380 331 2442 etiam
348 2386 462 2440 contra
477 2387 604 2460 patrem
621 2399 695 2441 sese
712 2378 903 2460 exserebat,
919 2377 946 2440 si
960 2377 1021 2439 filii
1039 2378 1237 2462 emancipati
1254 2379 1409 2462 gessisset
1423 2399 1468 2439 ne-

230 2486 374 2572 gotium:
391 2488 425 2545 L.
442 2482 493 2545 37.
513 2485 542 2564 §.
558 2487 614 2546 ult.
631 2487 672 2546 D.
690 2485 729 2546 de
747 2485 829 2567 Neg.
847 2495 926 2568 gest.
947 2483 1105 2570 Reliqua,
1122 2508 1206 2570 quae
1222 2485 1287 2548 huc
1303 2487 1467 2572 pertinent,

229 2594 382 2656 doctores
398 2590 475 2654 satis
492 2589 672 2675 diligenter
686 2591 861 2655 inculcant.

312 2961 458 3024 ruram
476 2980 609 3045 quoque
626 2959 718 3045 quasi
738 2968 925 3024 contractus
947 2970 1014 3043 est,
1039 2982 1083 3024 ex
1102 2983 1209 3046 eaque
1224 2963 1374 3026 nascitur
1394 2961 1467 3026 actio

230 3068 356 3134 tutelae
374 3087 475 3152 quum
490 3069 626 3142 directo,
649 3068 691 3132 ad
706 3067 893 3132 reddendas
912 3063 1059 3133 rationes
1075 3079 1110 3134 et
1131 3071 1334 3153 praestanda
1353 3070 1467 3146 damna,

229 3177 329 3242 etiam
348 3174 416 3239 levi
437 3175 535 3260 culpa
558 3175 651 3240 data:
672 3179 707 3237 L.
722 3175 774 3238 33
788 3177 831 3236 1).
845 3177 884 3236 de
898 3177 991 3238 Adm.
1005 3186 1062 3239 tut.
1078 3186 1147 3242 tum
1165 3183 1344 3254 carcerario,
1366 3180 1408 3240 ad
1419 3177 1468 3239 iu·

110 3369 114 3376 ,
228 3305 345 3370 pensas
367 3283 566 3368 repetendas
586 3282 1171 3366 impetrandamque«indemnitatem.
1193 3284 1260 3350 Ubi
1284 3286 1398 3350 denuo
1419 3285 1468 3346 ola

230 3392 440 3472 servandum,
457 3390 624 3456 infamiam
640 3390 773 3454 inivisse
788 3397 947 3473 tutorem,
963 3391 1085 3474 siquid
1101 3391 1181 3455 dolo
1202 3393 1291 3456 mulo
1312 3392 1467 3458 admisisse
1516 3387 1517 3420 ³

223 3500 444 3585 judicaretur:
464 3497 583 3562 Cicero
595 3519 656 3581 pro
670 3502 709 3561 A.
727 3499 862 3561 Coccina
876 3519 902 3562 o.
917 3497 947 3561 3.

809 3669 837 3748 ς.
860 3667 890 3727 5.

773 3783 934 3836 Communio.

313 3883 500 3948 Gouuuuro
519 3899 635 3948 annun
655 3884 726 3967 ipsa
743 3904 810 3946 non
834 3892 884 3947 est
899 3883 993 3967 quasi
1015 3890 1216 3964 contractus,
1233 3883 1293 3946 sed
1309 3892 1430 3966 status,
1444 3885 1469 3946 in

230 4013 296 4077 qno
311 3991 421 4074 plures
441 3991 618 4054 dominium
635 3992 690 4055 vel
699 3994 754 4078 jus
769 3990 943 4055 indivisum
959 3989 993 4053 in
1008 3991 1107 4054 rebus
1122 3991 1247 4054 habent
1253 4039 1262 4072 ,
1280 3999 1315 4054 et
1332 3993 1368 4056 in
1384 4013 1469 4076 quen

228 4105 345 4162 statum
361 4096 537 4162 devenitur
556 4107 590 4162 et
610 4097 680 4163 sinc
701 4098 939 4163 conventione:
953 4099 991 4160 Ι..
1008 4097 1058 4161 31.
1077 4101 1113 4161 Ι..
1125 4099 1177 4162 33.
1194 4101 1234 4160 D.
1255 4099 1324 4162 Pro
1347 4121 1409 4163 soc.
1429 4099 1469 4162 Ac

228 4205 368 4290 proinde
393 4225 457 4268 non
485 4214 610 4271 tantum
634 4203 745 4271 differt
769 4230 789 4271 a
812 4214 982 4271 contractu
1007 4206 1191 4289 societatis,
1218 4207 1309 4291 quod
1334 4205 1471 4272 ostendit
1515 4217 1516 4226 ³

229 4311 380 4395 Cujacius
396 4315 545 4376 Paratae.
563 4317 607 4377 ιιι.
628 4316 660 4376 C.
679 4317 747 4377 Pro
761 4336 822 4378 soc.
836 4335 948 4378 verum
973 4314 1072 4378 etiam
1096 4337 1115 4377 a
1131 4315 1223 4399 quasi
1247 4315 1471 4378 contractibus
1515 4279 1516 4369 l

229 4419 259 4480 A
276 4419 435 4484 societate
452 4419 578 4503 differt,
595 4422 672 4505 quia
696 4444 736 4485 ea
755 4443 816 4506 per
830 4429 1030 4485 contractum
1054 4443 1111 4485 seu
1134 4423 1393 4485 conventionem
1416 4419 1469 4482 ini·

217 4523 335 4607 batur,
356 4527 441 4590 unde
463 4529 656 4592 societatem
673 4509 788 4593 Tullio
808 4551 869 4613 pro
884 4532 923 4592 Ρ.
942 4529 1100 4608 Quinctio
1123 4533 1336 4592 voluntantum
1358 4530 1469 4593 dictam
