3056 5168
143 463 145 472 Ι
218 367 291 434 730
497 459 499 467 J
649 357 724 426 Lm.
751 357 810 428 lv.
836 357 919 426 Tru.
946 357 1037 428 xvl.

212 536 390 624 jurandum
413 537 484 598 erat
506 534 666 616 omnibus,
683 535 740 619 qui
756 533 984 620 jusjurandum
1000 531 1098 598 alteri
1120 533 1327 598 detulerant:
1350 533 1463 597 Paulus

220 643 585 724 Sententt.1tooeptt.ll.
605 643 636 715 1,
649 641 679 703 2.
699 641 737 702 L.
751 641 803 704 34.
824 643 862 706 L.
876 643 928 705 37.
943 644 983 704 de
1002 642 1144 724 Jorejur.
1165 661 1277 725 neque
1299 641 1464 726 quisquam

219 755 260 816 ab
286 751 348 814 hac
369 749 447 834 lege
470 751 694 828 eximebatur,
716 757 946 834 praeterquam
970 759 1125 834 parentes
1149 757 1184 812 et
1205 749 1339 834 patroni
1362 747 1466 811 liberis

219 867 253 922 et
274 857 404 943 libertis
419 857 647 942 jusjurandum
681 855 885 920 deferentes:
908 859 945 918 L.
967 857 997 918 7.
1011 858 1049 939 ,§.
1071 857 1101 920 3.
1127 859 1169 920 D.
1194 859 1234 918 de
1258 855 1394 936 Obseqrn
1413 877 1466 937 po·

218 975 298 1029 rent.
313 967 356 1047 lI).
381 964 448 1027 Sed
472 973 506 1028 et
528 965 569 1045 ia,
592 965 649 1049 qui
675 987 795 1028 novum
813 965 909 1028 alteri
930 986 1012 1048 opus
1034 964 1228 1044 nunciabat,
1246 964 1367 1047 jurare
1388 964 1465 1046 prius

218 1072 406 1153 tenebatur,
421 1089 492 1136 uon
510 1089 708 1136 cruuunmu
730 1089 862 1137 caussa
880 1089 920 1136 sn
939 1088 1024 1135 orus
1045 1088 1164 1136 uovuu
1178 1087 1373 1134 uuuomnuz
1394 1071 1467 1132 Ιώ.

217 1182 247 1263 §.
262 1181 312 1242 14.
329 1182 370 1241 D.
386 1183 425 1242 de
446 1182 556 1261 Operis
573 1200 640 1243 nov.
658 1184 796 1242 nunor’at.
819 1179 1011 1260 Praeterea,
1028 1180 1084 1263 qui
1104 1179 1214 1242 damni
1229 1175 1366 1256 arfasti,
1381 1177 1468 1240 item·

220 1310 285 1374 que
302 1289 359 1372 qui
382 1286 423 1350 ad
440 1285 662 1376 exhibendum
687 1289 820 1370 agebat,
837 1274 949 1372 jurare
966 1288 1054 1372 prius
1070 1285 1218 1350 debebat
1233 1283 1277 1347 de
1294 1284 1467 1347 calumnia:

218 1399 254 1459 L.
269 1395 320 1460 13.
338 1397 366 1477 §.
382 1393 413 1457 3.
428 1395 469 1456 D.
486 1395 525 1456 de
542 1395 658 1456 Dama.
676 1397 732 1475 inf.
755 1415 898 1458 necnon
915 1397 971 1480 qui
993 1395 1180 1464 thesaurum
1196 1413 1290 1455 suum
1313 1392 1351 1454 in
1367 1391 1469 1454 alieno

220 1503 385 1566 defossum
407 1502 555 1565 effodere
578 1500 732 1566 volebat:
755 1503 793 1564 L.
812 1504 863 1565 15.
884 1504 924 1564 D.
949 1505 1004 1565 Ad
1019 1502 1180 1564 exhibend.
1202 1509 1239 1563 ut
1265 1507 1301 1562 et
1323 1500 1470 1575 creditor,

220 1611 277 1696 qui
299 1611 333 1673 in
349 1609 589 1693 possessionem
605 1609 765 1672 bonorum
784 1610 944 1673 debitoris
962 1611 1075 1672 missus
1092 1610 1258 1671 rationum
1278 1608 1469 1671 instrumen-

220 1727 394 1801 torumque
419 1716 578 1779 debitoris
599 1718 863 1800 recognitionem
884 1716 1215 1802 dispunctionemque
1236 1716 1365 1779 iterum
1385 1721 1467 1798 pete

137 1893 141 1902 q
219 1827 294 1888 bat:
324 1825 361 1886 L.
384 1827 439 1886 ult.
462 1825 503 1884 D.
524 1825 564 1886 de
585 1826 661 1886 Reb.
684 1827 790 1886 eredat.
820 1824 888 1890 Sed
911 1824 986 1911 hoe*
999 1825 1132 1910 quidem
1155 1832 1228 1887 erat
1244 1823 1465 1908 jusjurandum

221 1931 405 1996 calumniae
419 1933 560 2012 spectate.
574 1932 714 2005 Praeter
728 1931 763 1994 id
780 1932 879 1994 etiam
894 1942 1013 2016 postea
1030 1939 1198 2016 receptum
1210 1933 1373 2012 generale,
1385 1927 1465 2013 quod

222 2040 264 2103 ab
287 2037 383 2102 initio
401 2037 520 2123 judicii
537 2039 577 2101 ab
594 2048 724 2117 actore,
738 2061 798 2102 reo
818 2047 853 2104 et
875 2040 1043 2106 advocatis
1059 2040 1214 2124 exigitur,
1238 2040 1337 2124 cujus
1357 2037 1469 2100 formu-

220 2146 276 2210 lae
292 2155 366 2211 sunt
383 2146 417 2210 in
433 2149 463 2208 d.
478 2151 512 2209 L.
527 2144 556 2207 2.
565 2151 668 2228 prino.
687 2148 720 2211 G.
736 2149 775 2209 de
789 2147 891 2230 Jurej.
902 2159 1032 2231 propter
1048 2150 1105 2211 ool.
1121 2153 1163 2230 ⁰).

810 2305 838 2386 §.
859 2304 889 2366 2.

701 2419 739 2470 Et
754 2419 782 2472 r'a
801 2405 988 2474 ariminaltbaa

306 2519 457 2583 Haecin
478 2521 614 2604 privatis
635 2519 779 2604 judiciis,
811 2521 850 2584 In
876 2521 1017 2604 publicis
1039 2541 1170 2605 semper
1195 2519 1392 2584 adcusatori
1413 2519 1472 2602 eje-

222 2625 327 2690 randa
347 2634 418 2688 erat
438 2625 609 2690 calumnia.
639 2628 728 2690 Hinc
756 2629 791 2691 in
813 2628 891 2712 lege
914 2629 1072 2709 Servilia,
1102 2650 1199 2712 quam
1224 2628 1301 2690 Car.
1327 2627 1472 2712 Sigonius

223 2733 379 2809 restituit,
396 2743 526 2798 cautum
549 2735 671 2798 fuerat:
698 2737 762 2813 Qui
776 2741 941 2818 pecuniam
959 2738 997 2798 ab
1015 2741 1113 2806 altero
1130 2745 1232 2817 petet,
1250 2739 1277 2797 ir
1295 2757 1384 2811 eum,
1402 2735 1474 2798 unde

221 2853 320 2926 petet,
338 2864 377 2904 ea
396 2845 616 2917 Praetoribus,
634 2849 706 2926 quei
724 2851 757 2906 tn
778 2845 983 2908 eom'arznum
1005 2847 1079 2905 leotz·
1095 2852 1206 2916 erum,
1223 2843 1270 2904 ad
1282 2846 1430 2925 judicem
1447 2846 1474 2902 in

224 2973 295 3012 eum
313 2971 442 3023 annium,
461 2955 534 3032 quei
552 2973 591 3012 aa
604 2953 647 3012 H.
665 2952 703 3012 L.
716 2953 828 3030 sactus
843 2957 913 3026 erit,
928 2958 960 3014 r'n
975 2955 1052 3034 jour
1070 2952 1201 3022 educato,
1220 2971 1404 3034 nomenque
1416 2953 1476 3032 ejus

225 3057 360 3134 deserto,
377 3059 408 3118 si
420 3058 624 3138 dejerabant,
638 3062 813 3140 oalrrmm'ae
826 3081 942 3121 caussa
960 3080 1022 3120 non
1039 3057 1263 3140 postularet).
1284 3059 1334 3120 Et
1350 3057 1395 3118 de
1410 3059 1479 3119 Me-

225 3162 307 3226 tello
324 3171 439 3226 auctor
459 3173 508 3228 est
527 3164 647 3229 Ascon.
664 3166 831 3229 Pedianus
841 3170 880 3228 r'n
900 3168 988 3228 Orat.
1007 3167 1067 3228 Oia.
1077 3186 1138 3247 pro
1152 3164 1190 3224 G.-
1202 3163 1351 3226 Cornelii>
1364 3187 1397 3246 p.
1413 3161 1476 3224 128.

217 3293 317 3352 reum,
341 3271 516 3336 Curionem
537 3273 778 3350 adcusaturum‚
800 3275 849 3338 bis
865 3274 1011 3357 jurasse,
1034 3271 1136 3338 semel
1154 3270 1314 3334 adactum
1338 3279 1472 3354 epatre,

224 3379 343 3442 iterum
357 3379 435 3463 lege
450 3389 534 3463 tum,
550 3402 647 3466 quum
658 3382 788 3466 juraret
803 3383 1009 3448 calumniam.
1077 3421 1084 3446 t

809 3532 838 3612 ς.
860 3531 891 3594 3.

580 3645 678 3698 'Poena
696 3646 843 3699 calumniae
860 3667 893 3699 ex
911 3647 967 3714 layo
986 3646 1117 3699 Remmia.

309 3742 344 3806 Si
365 3743 436 3827 quis
454 3753 563 3808 tamen
579 3747 793 3830 jurisjurandi
804 3747 1189 3836 immemorcalumuiose
1206 3743 1353 3812 alterum
1377 3746 1432 3812 vel
1451 3745 1480 3806 in

295 3949 328 4016 b)
350 3950 413 4002 Non
437 3955 526 4001 tamen
549 3950 584 4002 ils
610 3951 710 4004 remitti
734 3952 840 4006 videtur
861 3969 895 4005 ex
920 3955 952 4006 L.
970 3958 1012 4006 34.
1030 3953 1051 4018 ξ.
1068 3955 1094 4004 4.
1115 3949 1148 4003 D.
1167 3949 1199 4002 de
1216 3949 1347 4021 Jurqjur.
1378 3957 1417 4008 At
1434 3949 1482 4002 rid

228 4035 423 4102 Lynkersboek
440 4033 585 4088 Observata.
603 4036 698 4090 ΗΜ.
716 4057 738 4091 o.
756 4043 798 4090 23.
808 4039 910 4091 Abralr.
923 4035 1065 4103 Wieliugii
1078 4035 1279 4104 Jurr'rprudent.
1299 4045 1367 4089 rest.
1380 4055 1412 4106 p.
1427 4039 1481 4088 2¹1.
1519 4035 1520 4064 ³

227 4126 255 4172 et
271 4123 349 4173 Ever.
368 4121 461 4172 Ottou.
482 4120 577 4184 Praes.
600 4121 730 4175 Ibesauri
737 4125 812 4193 juria
830 4125 948 4176 Romani
968 4125 1041 4176 Tom.
1059 4121 1100 4174 II.
1114 4139 1144 4189 p.
1165 4121 1314 4174 lb..0ann.

296 4207 324 4272 o)
345 4205 483 4258 Malblauo
509 4205 638 4258 Doctrina
657 4208 688 4257 de
697 4209 879 4278 jurejurando
897 4228 920 4264 o.
937 4215 962 4264 8.
990 4210 1011 4275 b.
1030 4211 1072 4260 89.
1090 4225 1113 4258 c.
1130 4211 1154 4259 9.
1172 4207 1194 4272 ξ.
1214 4208 1258 4257 90.
1284 4221 1314 4270 p.
1333 4207 1482 4259 250-252.

144 4283 147 4286 ¹
227 4291 269 4344 ed.
287 4293 322 4343 11.
341 4290 428 4344 Haud.
473 4279 479 4294 ’

296 4375 329 4440 d)
350 4375 412 4426 vid.
431 4375 515 4427 Clem.
527 4377 559 4428 Λ.
573 4375 603 4428 C.
616 4375 720 4426 Klenzo
736 4375 896 4444 Fragmenta
915 4373 978 4446 ledis
997 4377 1125 4431 Serviliae
1143 4373 1357 4442 repetundarum
1377 4373 1482 4442 (Beroi-

228 4459 304 4509 1825.
320 4459 360 4525 4.)
389 4459 455 4523 Cap.
473 4461 550 4512 VIII.
568 4465 595 4512 et
620 4475 689 4526 quae
707 4459 744 4513 ibi
763 4463 907 4515 observata
924 4468 988 4515 suut
1006 4480 1034 4528 p.
1052 4467 1094 4514 ³³.
1113 4477 1173 4528 sqq.
1192 4459 1315 4511 maxime
1333 4477 1364 4526 p.
1383 4465 1431 4512 36·
1448 4473 1483 4522 Sl·

229 4546 286 4590 not.
304 4545 330 4593 7.
349 4545 382 4594 os.
402 4549 429 4594 et
445 4543 506 4596 ibid.
524 4561 552 4609 p.
569 4549 595 4598 6.
613 4549 670 4598 not.
691 4548 731 4599 16.
760 4545 846 4599 Miiltl.
990 4555 993 4562 “
