3130 5148
534 379 880 426 encaenium.
1290 364 1335 430 ll

78 535 169 613 eoepit
183 534 351 612 r‘dsaoere,
372 535 432 596 sed
447 543 521 596 aare
535 534 791 612 Interfectorert.
807 535 840 613 ²)
864 531 948 594 Sunt
967 531 1079 614 etiam,
1098 533 1155 617 qui
1175 533 1338 596 Constan-

77 641 176 702 tinum
196 639 245 702 Μ.
268 639 311 703 de
333 639 496 723 ejusmodi
524 659 664 723 corpore
684 638 768 722 juris
793 638 1004 722 compilando
1025 639 1186 722 cogitasse
1211 640 1337 704 feranda

77 747 183 808 Beier.
198 747 303 807 Parit.
322 748 368 808 ad
381 747 543 829 Digestl.
559 746 588 808 l.
604 746 677 810 lto
695 746 754 809 sed
770 746 882 808 nescio
899 767 966 830 quo
989 753 1132 808 auctore.
1147 748 1178 828 b)
1210 747 1251 810 ld
1264 767 1338 810 cer·

76 855 146 933 tius,
160 853 280 916 horum
292 853 438 918 omnium
453 853 590 916 consilia
599 853 698 916 fuisse
706 853 808 916 irrita.
816 853 856 916 In
864 852 976 935 primis
988 851 1178 935 dolendum,
1191 852 1337 935 Caesari,

77 961 149 1024 huic
162 960 262 1043 operi
284 981 381 1043 quam
402 962 543 1024 maxime
567 961 650 1044 pari,
669 981 730 1044 per
751 960 821 1024 fata
840 981 908 1024 non
926 959 1058 1024 licuisse
1080 968 1146 1024 tarn
1166 961 1337 1045 praeclare

79 1068 116 1130 de
130 1068 287 1132 Romana
297 1068 560 1152 jurisprudentia
577 1069 707 1132 mereri.
722 1069 851 1132 Huber.
867 1069 995 1150 Auspr'c.
1010 1070 1134 1131 dorset.
1152 1069 1187 1130 V.
1197 1092 1231 1152 p.
1246 1069 1317 1130 177.

682 1287 689 1302 .
710 1239 761 1303 13.

361 1355 459 1409 Edicta
479 1358 644 1430 Praeturam
657 1241 776 1425 {dmum
793 1353 904 1408 collecta
918 1353 950 1406 ab
973 1352 1061 1424 Ofilio.

157 1455 283 1520 Edicta
293 1463 492 1538 praetorum,
504 1457 657 1542 Augusto
674 1457 867 1540 imperante,
879 1453 1058 1538 diligenter
1067 1453 1227 1536 colligere
1236 1453 1339 1515 inter·

80 1565 269 1648 pretarique
288 1559 446 1648 coeperat
458 1564 494 1627 C.
509 1563 615 1627 Aulus
631 1564 758 1646 Ofilius,
763 1562 1026 1648 jureconsultus:
1043 1565 1072 1644 ο)
1093 1561 1131 1622 J..
1144 1559 1174 1622 2.
1192 1561 1220 1642 §
1228 1559 1279 1621 44.
1298 1562 1339 1622 D.

80 1675 116 1734 de
138 1673 174 1732 0.
187 1673 217 1732 J.
234 1671 274 1732 L.
283 1670 313 1731 l.
329 1671 358 1752 §.
368 1671 398 1732 2.
414 1673 455 1732 D.
471 1672 524 1734 Ne
540 1677 609 1754 qm's
623 1693 704 1746 eum,
721 1675 778 1754 qui
792 1675 824 1732 r’n
834 1673 892 1753 jus
911 1670 1080 1736 vocabitur.
1103 1665 1171 1729 Sed
1187 1667 1338 1752 privatim

72 1785 264 1861 ,susceptum
291 1776 399 1840 fuerat
421 1777 590 1861 hocopus,
614 1777 791 1862 (quidquid
811 1776 865 1840 hic
884 1777 1037 1838 obvertat
1053 1775 1157 1836 Henr.
1171 1772 1339 1837 Dodwell.

80 1887 236 1946 Praelect.
262 1885 429 1946 Cambden.
443 1896 476 1966 ρ’.
495 1883 584 1966 780.)
604 1904 713 1968 neque
740 1884 825 1948 adeo
844 1882 1009 1968 publicam
1030 1902 1181 1966 umquam
1197 1880 1340 1944 auctori-

81 2000 179 2055 tatem
192 1990 329 2056 videtur
343 1992 531 2054 obtinuisse.
550 1990 684 2075 Menag.
699 1995 902 2054 Amoem'tatt.
912 1993 982 2074 jur.
994 1994 1049 2052 cio.
1068 2011 1093 2050 c.
1107 1988 1158 2050 42.
1181 1987 1280 2050 Unde
1297 2008 1340 2050 eo

82 2099 207 2163 facilius
220 2100 333 2184 periit,
352 2107 524 2184 postquam
538 2097 681 2164 edictum
701 2100 724 2163 J
726 2098 828 2162 uliani
841 2099 910 2182 ejus
925 2096 1102 2161 luminibus
1120 2095 1242 2158 offecit.

631 2313 634 2325 ,
683 2317 690 2332 .
712 2271 763 2332 14.

446 2385 568 2440 Edt'ctum
581 2271 743 2456 perpeluum
763 2384 848 2438 Salvii
864 2381 976 2435 Iuliani.

161 2489 300 2569 Postea,
314 2484 487 2550 Hadriano
497 2488 692 2571 imperante,
709 2485 818 2550 edicta
828 2492 1016 2570 praetorum
1026 2483 1060 2544 in
1079 2503 1177 2576 unum
1193 2480 1340 2544 codicem

85 2595 248 2678 coaluere,
264 2594 320 2658 vel
336 2615 379 2655 ex
396 2594 503 2657 multis
523 2596 632 2679 potius
644 2594 788 2658 edictum
806 2615 914 2676 unum,
927 2590 1023 2677 quod¹
1034 2598 1228 2675 perpetuum
1242 2610 1342 2654 voca-

85 2703 188 2786 batur,
209 2703 439 2765 concinnatum
459 2711 519 2786 est,
544 2705 630 2767 circa
652 2723 781 2786 annum,
796 2703 843 2766 uti
864 2701 942 2766 Ant.
960 2701 1046 2784 Pagi
1069 2699 1104 2762 in
1122 2700 1207 2761 Dr'sr.
1222 2697 1342 2778 Hypat.

86 2811 123 2871 P.
140 2813 183 2873 II.
189 2833 225 2894 p.
240 2809 367 2900 ²⁰92&
384 2809 419 2871 in
437 2811 513 2872 crit.
526 2811 644 2872 Boron.
658 2831 692 2892 p.
701 2807 772 2872 128.
794 2811 911 2871 romu.
925 2812 1103 2892 computat,
1122 2819 1252 2868 cxxxll.
1274 2803 1343 2865 En-

85 2923 166 3001 trop.
180 2919 268 2979 Hist.
285 2918 373 2978 Rom.
387 2917 475 2978 VIII.
483 2917 513 2978 9.
529 2917 567 2977 L.
581 2916 631 2978 lo.
654 2917 686 2977 0.
700 2918 741 2979 de
754 2917 890 2978 condiet.
902 2917 1035 2976 r'rrdebr'tr'.
1056 2913 1184 2993 (Const.
1197 2917 1289 2972 tanta
1300 2909 1342 2972 de

87 3025 227 3086 confirm.
242 3024 324 3106 Dig.
340 3025 368 3104 §.
386 3022 456 3103 18).
472 3022 600 3086 Auctor
615 3024 724 3106 operis
746 3044 813 3086 non
830 3020 950 3084 Didius
966 3020 1128 3100 Julianus,
1147 3017 1342 3101 Imperator,

86 3139 120 3194 ut
133 3153 175 3194 ex
192 3133 272 3194 loco
284 3129 426 3215 quodam
438 3130 569 3193 Aurelii
584 3131 730 3195 Victoris
750 3132 837 3193 male
851 3127 1024 3192 intellecto
1040 3125 1228 3208 conjecerat
1240 3124 1343 3206 Hugo
1428 3125 1431 3134 ’

87 3238 178 3302 Grot.
197 3242 332 3302 Illorum
354 3258 456 3319 spara.
476 3260 510 3320 p.
524 3237 574 3299 87.
590 3237 681 3323 [ἢεί.
695 3237 815 3323 Ηα1.*]
842 3236 899 3299 sed
917 3233 1046 3297 Salvius
1067 3227 1228 3311 Julianus,
1250 3227 1344 3291 Didii

87 3367 241 3430 proavus,
270 3351 356 3407 teste
384 3343 558 3427 Spartiano
586 3349 638 3408 vr't.
658 3345 776 3406 Julian.
790 3346 822 3404 'c.
841 3344 870 3405 1.
899 3348 999 3428 gente
1022 3338 1213 3418 Africanus,
1234 3333 1346 3400 Adru-

87 3455 162 3516 meti
186 3461 294 3536 natus,
314 3458 350 3515 ut
374 3451 544 3537 colligitur
567 3473 610 3515 ex
627 3453 917 3537 SpartianIulr'an.
936 3472 961 3513 c.
974 3449 1003 3511 1.
1026 3456 1060 3511 et
1079 3447 1173 3511 Grut.
1187 3447 1346 3526 Insrrr'ptl.

153 3691 185 3757 a)
206 3691 268 3741 Imo
287 3691 383 3755 procul
402 3688 486 3742 dubio
504 3690 573 3742 falsa
585 3694 627 3742 est
643 3689 710 3741 haee
722 3689 822 3741 Isidori
839 3685 967 3750 narratio,
981 3685 1046 3754 quia
1063 3699 1144 3736 nemo
1161 3684 1283 3734 veterum
1294 3680 1347 3731 hoo

91 3774 236 3839 adnotavit,
257 3772 381 3827 Isidorus
399 3791 464 3826 vcro
482 3776 592 3826 demum
604 3775 663 3826 Sec.
678 3774 740 3825 VII.
759 3773 858 3836 floruit,
871 3777 929 3823 tum
948 3769 1013 3837 quia
1029 3766 1180 3832 Pompejus
1194 3781 1244 3818 nec
1257 3762 1347 3816 Iuris·

91 3862 228 3912 consultus
241 3858 302 3922 mit,
317 3876 367 3910 nec
379 3858 522 3915 scribendo
534 3859 634 3910 famam
645 3857 787 3926 quaesIvit,
797 3873 846 3910 neo
860 3855 1024 3921 reipublicae
1032 3849 1239 3904 constituendae
1250 3861 1348 3900 caussa

92 3944 202 3997 dictator
220 3949 337 3996 creatus.
355 3943 436 3996 Heia.
659 3937 662 3944 ’
974 3931 976 3936 ’

155 4029 189 4096 b)
210 4027 400 4081 Theodosium
412 4030 446 4079 ΙΙ.
460 4029 513 4080 tale
533 4027 601 4094 quid
614 4027 739 4092 agitasse,
762 4025 858 4093 idjam
870 4028 943 4076 certo
962 4023 1072 4074 scimus.
1084 4019 1149 4072 Vid.
1162 4019 1248 4070 const.
1261 4029 1347 4078 nuper

93 4118 231 4178 repertam,
251 4128 324 4182 quae
341 4114 390 4162 est.
405 4113 437 4164 L.
449 4118 475 4164 5.
488 4113 557 4165 Cod.
569 4113 672 4164 Tireod.
694 4114 725 4164 de
744 4107 967 4164 constitutionibus
981 4105 1142 4176 principum,
1161 4101 1190 4153 in
1208 4099 1264 4166 huj.
1277 4099 1345 4152 eod.

93 4197 130 4248 ed.
147 4197 251 4251 norim.
272 4195 361 4248 Mu'IrI.

157 4282 186 4349 c)
206 4283 272 4334 Iam
291 4287 355 4334 ante
368 4281 398 4333 C.
412 4281 523 4334 Ofilium
536 4282 571 4333 ad
586 4281 714 4334 Edictum
728 4281 863 4350 quaedam
881 4273 1058 4331 commentari
1075 4273 1202 4335 coeperat
1216 4269 1272 4321 Ser.
1286 4269 1348 4322 Sul-

95 4365 192 4430 picius,
212 4383 285 4434 quae
300 4367 389 4417 Bruto
407 4363 551 4418 dedicarat.
570 4368 602 4419 L.
620 4372 645 4420 2.
663 4368 684 4434 ς.
696 4372 738 4420 44.
752 4367 787 4418 D.
807 4367 837 4417 de
860 4364 893 4416 0.
912 4365 940 4415 J.
958 4377 994 4412 ex
1012 4371 1067 4426 qno
1080 4352 1194 4420 Sulpicii
1211 4369 1349 4406 commen-

96 4450 159 4503 tario
175 4453 361 4518 fragmentum
380 4455 476 4502 exstat.
495 4451 527 4504 L.
539 4455 564 4504 ὁ.
578 4451 598 4518 ξ,
620 4457 643 4503 l.
660 4450 695 4503 D.
709 4452 741 4502 de
759 4449 878 4502 Institor.
891 4447 1001 4502 actione.
1020 4439 1074 4496 Sed
1092 4438 1283 4494 brevissimum
1294 4441 1349 4492 hoc

97 4549 160 4600 opas
177 4538 273 4604 faisse,
292 4537 421 4590 observat
437 4535 614 4602 Pomponius.
635 4535 714 4588 Heia.
