3062 5156
188 329 259 398 168
472 322 547 392 Lus
573 323 600 392 1.
626 321 708 392 Tru.
731 322 825 390 Xlll.
852 323 975 411 Uspun
999 326 1054 393 An
1082 325 1161 395 XX.

187 498 345 560 XXXIX.
360 498 390 562 6.
412 487 491 564 Vid.
512 497 587 561 Car.
603 497 717 582 Sigon.
733 500 773 560 de
785 501 915 581 antiquo
922 501 1002 580 jure
1017 504 1073 562 ab.
1087 501 1177 564 Rata.
1194 499 1287 566 1.13.
1307 499 1443 564 Inveni-

188 626 258 668 mus
276 627 371 687 sane,
388 608 521 668 Atilium
536 607 684 688 Longum
708 606 801 669 Trib.
814 604 923 689 plebis
942 606 1041 670 fuisse
1061 627 1149 670 anno
1167 605 1211 670 U.
1226 605 1263 669 C.
1280 624 1387 671 oocrx.
1405 609 1442 670 L.

189 715 320 774 Atilium
338 733 424 775 anno
448 730 603 776 cocxnln.
616 714 688 776 Liv.
705 714 763 776 IX.
777 713 829 776 30.
849 715 908 778 sed
929 722 1079 778 neutrum
1102 715 1187 778 hanc
1202 713 1314 796 legem
1330 714 1442 777 tulisse

188 817 377 882 verosimile
393 827 453 901 est,
466 821 621 904 quoniam
637 827 715 882 tunc
731 821 876 888 nondum
893 829 967 885 erat
981 821 1125 886 Pr'aetor
1138 823 1289 885 urbanus.
1310 819 1442 885 Annum

188 926 230 989 U.
247 925 283 988 C.
300 944 438 989 cccccx.
460 948 527 1012 quo
549 925 691 991 Praetor
712 927 774 990 fuit
795 928 841 991 M.
857 929 980 993 Atilius
996 928 1164 1012 Regulus,
1189 926 1266 991 huic
1288 926 1360 1011 legi
1386 930 1444 991 ad·
1521 1013 1522 1020 ἵ

188 1032 298 1116 signat
313 1031 427 1116 Steph.
442 1033 521 1098 Vin.
536 1032 633 1117 Pigh.
655 1038 688 1097 a'n
710 1038 828 1097 Anaal.
844 1038 888 1099 ad
905 1058 980 1098 aaa.
999 1051 1136 1099 ccchx.
1152 1035 1211 1098 sed
1228 1044 1263 1100 et
1278 1036 1366 1100 hunc
1378 1058 1442 1100 non
1521 1035 1522 1080 i

88 1221 91 1228 =
189 1140 293 1224 magis
310 1147 476 1204 auctorem
491 1139 577 1224 legis
594 1161 665 1205 esse
682 1141 892 1205 arbitramur:
909 1143 1050 1212 maxime
1067 1164 1164 1227 quum
1180 1143 1361 1206 Praetores
1373 1141 1444 1226 ple·
1521 1169 1522 1202 r

188 1245 307 1310 biscita
328 1247 415 1309 ferre
437 1268 504 1311 non
529 1248 683 1312 solerent.
706 1249 829 1314 Procul
845 1250 947 1314 dubio
962 1250 1031 1315 lata
1047 1258 1097 1313 est
1120 1270 1207 1312 anno
1229 1267 1407 1314 ccocxnlu.
1421 1271 1442 1310 a

187 1351 225 1418 L.
241 1352 349 1417 Atilio
364 1353 512 1440 Regulo,
529 1354 621 1420 Trib.
635 1357 756 1441 plebis,
772 1359 863 1444 cujus
878 1357 1028 1421 meminit
1041 1357 1114 1420 Liv.
1129 1355 1189 1419 IX.
1202 1355 1254 1420 30.

761 1529 790 1608 §.
812 1526 863 1590 10.

639 1643 712 1701 Quid
728 1660 760 1695 ea
778 1643 835 1712 leffe
852 1645 999 1696 sanatum?

273 1741 348 1804 Hac
369 1761 451 1804 vero
474 1739 552 1826 lege
575 1750 705 1805 cautum
724 1752 792 1826 est,
810 1752 846 1808 ut
861 1744 997 1828 pupillis
1019 1750 1053 1806 et
1072 1740 1219 1822 feminis,
1240 1740 1358 1825 quibus
1381 1760 1442 1802 nec

189 1848 471 1928 testamentarius,
487 1870 549 1911 nec
563 1849 732 1932 legitimus
750 1859 842 1915 tutor
858 1857 962 1932 esset,
982 1858 1073 1914 tutor
1092 1851 1227 1914 daretur
1243 1871 1263 1912 a
1280 1847 1442 1911 Praetore

191 1963 225 2017 et
250 1957 375 2042 majore
397 1963 491 2037 parte
516 1955 737 2019 Tribunorum
759 1955 868 2041 plebis
884 1959 928 2039 ¹).
955 1958 1152 2042 Exemplum
1177 1964 1227 2019 est
1260 1956 1349 2038 apud
1371 1956 1443 2018 Liv.

189 2061 345 2138 XXXIX
360 2060 389 2123 9.
405 2061 461 2124 ubi
476 2062 645 2127 Fecennia
659 2065 801 2148 Hispala
810 2075 886 2148 poet
893 2071 1027 2150 patroni
1039 2075 1180 2148 mortem,
1193 2068 1267 2146 quala
1279 2065 1400 2125 nullius
1413 2068 1445 2124 r'n

188 2190 286 2232 manu
307 2180 404 2247 esset,
424 2178 557 2232 tutorem
576 2192 598 2233 a
612 2193 784 2236 carnunto
801 2181 834 2235 et
846 2191 1021 2235 nnannoan
1033 2178 1161 2255 petuisse
1178 2170 1307 2234 dicitur.
1325 2170 1446 2232 Dictus

190 2275 352 2361 ejusmodi
368 2284 460 2341 tutor
473 2281 651 2352 Attianae,
668 2300 813 2343 necnon
830 2282 969 2353 detritus,
985 2302 1005 2342 a
1019 2279 1179 2361 formula,
1196 2299 1261 2362 qua
1276 2277 1325 2341 uti
1340 2278 1447 2341 Prae·
1521 2355 1522 2372 χ

189 2393 279 2448 tores
301 2385 471 2448 solebant:
491 2403 536 2448 no
555 2403 598 2448 ru
618 2402 798 2451 Turonum:
813 2387 957 2450 Brisson.
975 2388 1014 2449 dc
1028 2389 1134 2449 Form.
1155 2387 1190 2448 V.
1202 2407 1235 2468 p.
1249 2385 1322 2448 408.
1337 2385 1382 2465 ¹).

784 2602 791 2617 .
813 2556 864 2618 11.

670 2672 730 2724 Lea·
746 2558 822 2725 {alta
839 2680 866 2724 et
886 2671 964 2726 titia

105 2843 109 2851 Ι
194 2754 198 2762 ’
275 2770 343 2834 Sed
369 2789 466 2853 quum
493 2791 535 2834 ea
560 2770 617 2836 lex
646 2771 776 2836 Romae
802 2781 928 2837 tantum
956 2773 1097 2836 haberet
1118 2770 1252 2864 locumz
1287 2768 1449 2852 (Ulpian.
1521 2825 1522 2832 ,

191 2881 325 2960 Fragm.
339 2878 398 2940 XI.
413 2876 480 2958 18.)
501 2900 610 2942 annno
629 2881 673 2944 U.
693 2880 730 2943 C.
747 2897 896 2944 nccxxn.
917 2880 1072 2966 Augusto
1087 2879 1150 2943 Ill.
1173 2886 1207 2941 et
1222 2877 1268 2940 M.
1284 2875 1379 2938 Titio
1399 2877 1447 2938 M.

191 2987 229 3050 F.
243 2985 334 3048 Rufo
355 2983 445 3048 Coss.
461 2985 529 3050 lata
551 2996 601 3051 est
622 2987 678 3050 lex
699 2988 792 3052 Julia
809 2996 844 3051 et
867 2988 973 3051 Titia:
989 2990 1095 3051 Henr.
1109 2984 1223 3052 Voles.
1239 2983 1281 3048 ad
1296 2985 1447 3066 Eacerpt.

193 3095 386 3158 Pea‘resciaa.
399 3116 434 3178 p.
452 3094 504 3157 61.
526 3097 621 3160 Tacit.
641 3099 726 3160 Ana.
744 3096 804 3158 111.
819 3095 872 3158 25.
895 3095 985 3174 Quia
1007 3091 1216 3160 enim'antea
1238 3092 1295 3156 diu
1318 3091 1352 3153 in
1377 3089 1448 3152 sola

193 3200 309 3268 Sicilia
337 3202 446 3266 fuerat
473 3204 617 3266 moribus
645 3211 834 3287 receptum,
865 3212 901 3268 ut
927 3204 1107 3268 Praetores
1132 3215 1198 3278 τοῖς
1226 3200 1371 3282 ὀρφανοῖς
1396 3200 1448 3262 καὶ

194 3311 334 3396 γυναιξὶν
349 3313 473 3392 ἐρήμοις
494 3286 663 3394 sapiencia,
679 3315 808 3394 pupillis
828 3323 859 3376 et
870 3313 1002 3391 seminat
1020 3313 1233 3395 adgnatorum
1255 3327 1334 3369 cara
1357 3306 1450 3366 desti-

133 3461 139 3468 ·
194 3420 280 3494 tatis,
298 3424 423 3480 tutores
440 3417 573 3482 darent:
589 3418 729 3485 Diodor.
745 3420 809 3484 Sic.
827 3421 860 3482 in
874 3400 1024 3502 Eacerpt.
1047 3421 1181 3481 Pea‘resc.
1191 3439 1226 3500 p.
1239 3413 1312 3478 397.
1326 3412 1450 3475 sactum

196 3531 262 3606 est,
285 3531 322 3588 nt
343 3523 427 3588 illud
441 3515 499 3610 jus
514 3527 577 3589 hac
594 3526 669 3608 lege
688 3529 787 3592 etiam
811 3551 882 3592 cum
898 3528 972 3592 aliis
987 3525 1166 3612 provinciis
1191 3521 1451 3587 communicare-

263 3729 289 3796 i)
309 3729 342 3782 Id
355 3745 419 3782 vero
432 3730 495 3782 ideo
510 3730 617 3783 videtur
630 3731 772 3796 sancitum,
791 3731 857 3800 quia
872 3731 1020 3800 aliqnando
1043 3743 1100 3781 una
1122 3744 1184 3780 cum
1209 3729 1340 3780 Praetore
1363 3724 1452 3776 edicta

195 3814 403 3870 conscribebant
427 3813 555 3879 Tribuni,
580 3821 628 3868 aut
651 3824 723 3870 certe
745 3817 774 3870 hi
792 3832 809 3869 a
827 3813 1003 3868 Praetoribus
1027 3813 1055 3866 in
1074 3812 1219 3866 consitium
1244 3810 1451 3865 adhibebantur.

192 3899 260 3952 vid.
280 3901 336 3954 Cic.
354 3899 387 3951 da
410 3900 489 3969 Offic.
508 3900 567 3954 III.
585 3904 627 3954 20.
646 3901 774 3954 Ceterum
791 3901 836 3953 bio
853 3899 883 3952 id
899 3899 1037 3966 singulare
1055 3903 1106 3964 cst,
1123 3898 1199 3966 qnod
1216 3898 1296 3963 plura
1313 3891 1452 3947 Tribuno-

196 4002 258 4038 rum
275 3984 363 4051 plebis
381 3985 509 4052 suffragia
533 3985 672 4038 vincerent
694 3985 840 4053 pauciora,
859 4001 944 4053 quum
966 3985 1033 4037 alias
1052 3981 1166 4048 singulis
1185 3986 1256 4033 esset
1270 3981 1318 4048 jus
1337 3981 1452 4032 interce-

196 4069 280 4123 dendi
304 4069 486 4138 turbantique
503 4071 671 4138 reliquorum
688 4071 805 4122 decreta.
830 4069 1013 4122 Observatum
1029 4069 1058 4122 id
1073 4069 1133 4136 jam
1149 4083 1166 4119 a
1183 4068 1228 4119 Fr.
1247 4065 1408 4118 Hotomauo
1426 4068 1453 4116 ct

196 4156 263 4208 Aru.
281 4153 384 4207 Vinnio
404 4156 445 4207 ad
462 4173 508 4224 pr.
527 4155 593 4210 last.
612 4156 643 4206 da
661 4153 725 4206 Atat.
744 4162 791 4206 tut.
819 4155 899 4207 Heia.
924 4155 966 4208 Cf.
987 4155 1039 4206 Pb.
1056 4154 1088 4206 G.
1106 4153 1238 4207 Huschke
1256 4151 1288 4202 de
1304 4149 1452 4218 privileyita

198 4240 359 4293 Pescenniae
382 4241 512 4310 Hispalae
536 4241 598 4294 Sata
617 4256 729 4292 concess.
753 4241 828 4292 Gott.
852 4245 928 4294 1822.
951 4244 975 4292 8.
993 4255 1021 4306 p.
1039 4243 1082 4293 52.
1100 4237 1220 4290 Rudorff
1234 4235 1252 4286 l·
1271 4235 1289 4288 l.
1307 4237 1329 4286 I.
1347 4251 1375 4301 p.
1393 4237 1452 4286 342.

196 4339 237 4392 aq.
257 4324 343 4377 Miitt.

130 4469 134 4479 ,
266 4409 300 4474 k)
321 4408 466 4462 Caeterum
483 4413 588 4462 veteres
605 4409 677 4462 hunc
694 4408 723 4461 in
740 4409 836 4477 primis
854 4410 993 4476 appellare
1008 4411 1175 4460 consuerunt
1189 4405 1313 4459 dativum
1323 4409 1451 4470 tutorem,

196 4491 244 4566 qui
262 4498 424 4549 testamento
442 4499 517 4548 tutor
535 4494 616 4548 datus
635 4499 684 4549 est
703 4495 763 4566 Gaj.
783 4498 804 4549 Ι.
825 4500 883 4550 154.
901 4494 964 4561 Ulp.
981 4494 1034 4549 XL
1055 4499 1095 4548 14.
1114 4491 1201 4548 Matr.
