3080 5154
389 387 442 456 lla
467 389 562 458 June
588 389 679 458 Nsr.
705 353 818 462 Gara.
842 411 888 458 nr
913 389 986 459 Cre.
1266 400 1311 466 71

60 569 208 634 Interrex
228 572 287 630 aut
305 564 501 630 Praefectus
522 565 606 648 urbi,
625 565 668 630 ad
691 566 848 631 Senatum
872 567 1060 632 referebat:
1080 567 1168 633 Gell.
1181 569 1270 632 XIV.
1283 571 1313 633 7.

61 676 93 738 Si
111 675 247 760 quando
265 675 302 738 id
322 672 492 739 recusaret
509 673 650 738 Consul:
667 695 722 738 eas
741 675 774 738 in
793 697 829 738 se
850 682 960 759 partes
978 677 1179 761 suscipiebat
1194 677 1314 762 aliquis

62 785 223 847 Tribunus
243 783 364 867 plebis,
384 782 435 846 cui
454 782 553 846 etiam
560 781 616 866 jus
632 791 714 863 erat,
733 782 856 846 addere
871 783 1029 848 relationi
1042 785 1206 866 Consulis,
1224 785 1314 870 quod

61 914 134 955 cre
163 891 363 973 videbatur,
389 899 445 955 aut
476 911 595 954 novam
622 890 665 954 de
689 890 822 974 integro
849 890 961 955 ordiri.
990 891 1100 956 Paull.
1125 892 1253 957 Manut.
1275 895 1314 956 de

61 999 175 1062 Senatu
193 1000 226 1060 tn
238 1020 273 1080 p.
287 997 360 1061 859.
374 997 610 1062 Relationibus
622 997 818 1084 plerumque
833 999 977 1083 praefari
995 999 1149 1065 solebant
1159 999 1314 1064 sollemni

61 1106 111 1168 illa
127 1107 294 1170 formula:
317 1123 412 1183 ouon
428 1123 545 1170 souuu
560 1122 731 1189 rsusruu,
748 1124 861 1188 rsnrx,
883 1123 1117 1172 roaruusruu
1136 1125 1206 1172 sm:
1229 1108 1314 1172 Sne-

60 1222 120 1277 ton.
139 1216 242 1298 Oau'g.
258 1236 283 1277 c.
296 1215 347 1276 15.
363 1214 487 1278 deinde
513 1213 697 1278 addebant:
718 1230 912 1280 narenruus
930 1229 978 1278 an
996 1229 1069 1298 vos,
1085 1231 1216 1282 narnus
1230 1231 1314 1280 oon-
1400 1287 1407 1310 Ι

62 1337 204 1386 seruum:
220 1322 370 1386 Brissom
381 1323 422 1386 de
433 1323 538 1386 Form.
554 1323 596 1386 II.
606 1344 641 1405 p.
655 1321 727 1385 165.

632 1480 662 1561 ς.
683 1477 735 1542 es.

158 1661 161 1668 Ι
542 1595 663 1664 Roqctae
677 1595 830 1648 sententiae.

138 1695 252 1758 Finita
268 1695 446 1784 relatione,
466 1695 663 1760 sententiam
678 1696 883 1782 rogabantur
898 1695 1077 1761 Senatores
1092 1701 1137 1780 l),
1151 1718 1220 1762 non
1238 1717 1314 1761 ver·

69 1804 113 1866 bis
127 1804 316 1888 precativis,
342 1804 495 1888 qualibus
511 1805 545 1867 in
560 1803 701 1868 comitiis
725 1805 905 1869 utebantur
922 1813 1107 1890 rogatores,
1129 1806 1187 1870 sed
1207 1805 1313 1892 impe·

65 1913 183 1976 rativis:
206 1930 282 1994 mo,
307 1927 356 1976 sn.
379 1928 641 1993 rosruu1,Qum
664 1917 805 1977 causus?
824 1913 896 1976 Liv.
908 1913 973 1978 IX.
987 1913 1018 1976 8.
1042 1914 1098 1978 vel
1121 1932 1205 1991 Qum
1222 1931 1312 1979 rrum
1366 1913 1369 1921 '

66 2027 204 2084 rancun?
234 2037 321 2098 Qum
339 2036 435 2084 roms
464 2025 632 2084 vrnnrun?
653 2020 797 2083 Brisson.
812 2023 852 2084 de
866 2023 972 2084 Form.
992 2023 1035 2084 ΙΙ.
1047 2027 1080 2106 ρ.
1092 2023 1164 2086 165.
1185 2021 1262 2102 Qua
1277 2025 1312 2088 in
1360 2059 1365 2064 -

66 2150 94 2191 re
110 2151 174 2192 non
195 2128 287 2191 idem
314 2149 454 2211 semper,
482 2138 516 2192 at
540 2129 734 2214 plerumque
760 2130 787 2192 is
810 2130 1048 2195 observabatur
1064 2131 1158 2214 ordo,
1183 2142 1217 2196 ut
1233 2140 1312 2195 ante

66 2237 188 2302 comitia
210 2237 366 2322 princeps
401 2237 552 2320 Senatus,
578 2243 655 2321 post
684 2236 818 2301 comitia
846 2258 926 2300 vero
956 2237 1117 2304 Consules
1146 2239 1312 2324 designati

65 2347 159 2428 primo
179 2345 259 2408 loco
282 2347 394 2408 dicere
404 2346 604 2430 juberentur
621 2345 812 2408 sententias.
829 2343 1062 2430 Sequebantur
1078 2368 1136 2409 eos
1148 2346 1210 2410 viri
1222 2345 1313 2409 Con-

11 2473 15 2480 ·
66 2455 187 2536 sulares,
219 2453 280 2516 hos
300 2453 477 2535 Praetorii,
496 2462 564 2517 tum
590 2451 762 2534 Aedilicii,
793 2452 984 2531 Quaestorii
1010 2453 1048 2518 ac
1073 2455 1219 2540 denique
1235 2453 1313 2518 Tri-

66 2564 177 2627 bunicii
193 2568 241 2647 t),
257 2563 347 2627 inter
370 2572 451 2647 quos
470 2567 579 2625 tamen
601 2560 748 2646 reliquos
772 2562 931 2645 anteibat,
960 2583 1058 2648 quem
1079 2563 1203 2627 Consul
1221 2563 1313 2646 prio-

66 2693 127 2734 rem
139 2679 302 2756 rogasset,
319 2671 418 2735 modo
431 2670 552 2756 gradus
567 2669 815 2756 magistratuum
831 2692 897 2734 non
914 2672 1134 2736 turbarentur.
1150 2670 1312 2735 ciam.

74 2779 160 2842 ms.
175 2780 342 2844 Solebant
367 2799 447 2843 vero
474 2777 645 2859 Consules,
681 2799 777 2864 quem
803 2779 953 2842 ordinem
983 2779 1080 2844 initio
1105 2779 1312 2862 magistratus

66 2889 277 2968 instituerant,
294 2887 446 2951 eumdem
465 2908 527 2972 per
546 2894 651 2950 totum
676 2909 796 2951 annum
815 2896 943 2969 tenere,
964 2887 1071 2950 donec
1094 2891 1169 2951 eum
1186 2907 1311 2950 morem

65 2998 222 3082 antiquum
242 2996 280 3060 C.
296 2995 405 3059 Julius
420 2994 543 3060 Caesar
560 2994 734 3078 migraret:
759 2995 895 3060 Sueton.
912 2995 976 3056 Jal.
995 3017 1020 3057 c.
1033 2995 1085 3058 21.
1109 2995 1181 3058 lmo
1193 2994 1311 3079 Augu-

66 3113 121 3168 stus
136 3125 269 3169 omnem
285 3103 436 3167 ordinem
453 3103 553 3190 plane
570 3102 710 3184 sustulit,
721 3105 905 3187 promiscue
920 3122 1102 3187 perrogans
1119 3103 1310 3187 sententias,

66 3222 95 3276 ut
111 3215 212 3299 magis
229 3213 370 3298 quisque
387 3213 584 3277 attenderet.
602 3211 739 3275 Sueton.
754 3214 842 3295 Aug.
863 3232 889 3275 c.
904 3209 955 3273 35.

629 3380 658 3461 §-
679 3378 730 3442 49.

486 3495 652 3566 Eaedemque
670 3497 762 3550 ordine
780 3497 873 3550 dictae.

137 3599 348 3664 Sententiam
361 3596 483 3683 singuli
496 3598 653 3662 dicebant
669 3604 804 3679 stantes,
822 3595 964 3680 formula
974 3596 1040 3660 usi:
1056 3614 1149 3672 Quom
1163 3615 1191 3662 c.
1202 3612 1311 3662 Pausa

66 3724 162 3772 ursas
175 3725 275 3772 rscrr
296 3725 441 3770 nn--ne
460 3722 504 3770 ss
520 3723 564 3770 ns
583 3721 643 3770 ms
663 3722 802 3770 onusuo.
818 3705 1310 3787 Brisson.de1orm.11.p.169.

66 3814 212 3900 Integrae
232 3815 395 3901 ejusmodi
417 3822 602 3879 senatorum
624 3813 810 3878 sententiae
834 3819 966 3876 exstant
982 3813 1070 3898 apud
1092 3813 1160 3879 Cic.
1175 3814 1310 3894 Pbilsbp.

124 4081 157 4148 p)
176 4079 234 4144 Qui
252 4079 400 4145 rogabant,
413 4093 572 4141 consumar,
583 4092 866 4132 necnonrmuossse
883 4091 1044 4131 scansurus
1062 4075 1233 4128 dicebantur:
1252 4072 1311 4128 Lis.
1394 4109 1401 4124 .

67 4164 162 4218 XXII.
179 4170 222 4219 60.
243 4162 366 4217 XXIX.
386 4167 426 4216 19.
445 4165 518 4218 Suet.
536 4166 605 4232 Asty.
620 4183 642 4217 c.
660 4168 703 4218 ³5.
721 4160 802 4216 Heia.

125 4251 156 4317 q)
177 4249 293 4302 Tribuni
315 4249 404 4314 plebis
428 4265 483 4302 non
507 4254 584 4302 erant
607 4248 673 4300 olim
691 4249 851 4314 Senatores,
866 4265 916 4300 nec
929 4247 977 4314 jus
1001 4245 1037 4298 iis
1053 4249 1111 4296 erat
1135 4243 1266 4296 dicendae
1282 4242 1311 4296 in

66 4332 158 4386 Senatu
175 4333 335 4387 sententiae.
352 4335 424 4388 Ante
441 4334 545 4388 curiam
562 4334 656 4402 itaque
673 4333 804 4386 sedebant
820 4334 849 4385 in
867 4331 1012 4398 subselliis,
1031 4331 1118 4382 donec
1137 4329 1209 4382 seta
1227 4330 1262 4381 ad
1281 4345 1311 4382 se

66 4417 195 4483 senonim,
213 4435 286 4490 quae
304 4419 360 4486 ipsi
379 4422 421 4472 vel
439 4418 627 4486 adprobabent
644 4419 750 4481 deinde,
767 4421 810 4471 vel
828 4419 993 4486 rejiciebant
1012 4416 1072 4469 Val.
1091 4411 1169 4468 Max.
1187 4416 1229 4468 ΙΙ.
1245 4421 1271 4468 2.
1286 4420 1311 4469 7.

67 4503 98 4554 lt
111 4503 189 4558 etiem
206 4504 347 4560 senatoria
364 4504 481 4571 dignitas
494 4505 597 4574 jusque
615 4504 723 4558 dicendi
741 4505 901 4558 sententiam
918 4504 953 4558 iis
970 4505 1034 4557 data
1051 4506 1115 4555 sunt
1129 4502 1187 4566 lege
1204 4500 1310 4556 Atinia:

69 4587 127 4642 Gell.
144 4592 227 4648 Noctt.
246 4593 306 4646 Aet.
328 4589 411 4643 XIV.
428 4590 476 4645 att.
502 4589 581 4642 Heln.
