3130 5148
399 328 463 412 Da
479 316 575 412 duna
599 342 690 410 Nar.
716 341 829 412 Gnun.
854 365 900 410 nr
925 343 1000 411 Crv.
1278 351 1324 418 37

72 519 319 602 comprobatum
336 527 388 582 est
402 518 446 600 11).
468 516 590 601 Scripti
597 517 683 601 juris
697 525 809 602 partes
820 524 896 582 sunt
912 520 974 594 Iee,
988 519 1160 600 plebicola,
1178 529 1326 584 senatus-

71 629 226 701 emeulta,
244 630 426 709 putaminum
445 627 582 706 plumbu,
607 631 852 706 magistratuum
875 626 992 698 edsbtu,
1012 645 1164 706 responsu
1182 627 1326 707 prodam

72 743 131 796 tam
144 737 189 814 ο).
209 734 257 796 Et
269 733 312 796 de
328 734 380 796 his
399 731 534 817 quidem
553 751 595 794 eo
615 752 702 794 nunc
727 732 845 796 ordine
866 732 1101 815 exponendum
1121 731 1196 813 erit,
1212 734 1268 817 qui
1281 731 1325 794 ad

70 839 257 904 historicam
275 841 326 905 rei
346 840 539 904 tractandae
553 837 717 903 rationem
733 839 885 922 proxime
902 839 1040 904 accedit.
1064 841 1162 902 uem.

657 986 686 1069 §-
707 985 739 1049 a.

390 1105 475 1173 Lepet
489 1103 601 1172 proprie
618 1101 655 1154 rie
674 1101 758 1154 dictae
776 1119 793 1154 a
811 1101 904 1172 quibus
922 1101 1009 1156 lutus?

143 1205 226 1268 Lux
248 1203 421 1285 Romanis,
444 1203 553 1266 libera
574 1201 686 1292 adhuc·
705 1201 889 1286 republica,
915 1203 1112 1285 vocabatur,
1140 1224 1237 1288 quam
1262 1224 1325 1288 po-

70 1311 157 1395 pulus
179 1311 369 1392 Romanus,
394 1309 564 1394 superiore
592 1310 785 1394 magistratu
809 1317 967 1396 rogante,
990 1309 1228 1374 constituebat:
1253 1311 1282 1392 §.
1294 1311 1323 1372 4.

70 1421 141 1479 Inst.
162 1419 193 1480 d.
221 1427 243 1480 t.
278 1417 451 1502 Ejusmodi
476 1417 685 1504 magistratus
711 1417 916 1500 superiores,
951 1417 1070 1504 quibus
1099 1438 1172 1480 eum
1197 1417 1323 1501 populo

72 1526 185 1610 agendi
203 1527 262 1612 jus
286 1533 389 1608 esset,
417 1531 551 1609 praeter
573 1524 705 1609 Reges,
732 1523 940 1610 Interreges,
963 1525 1172 1608 Dictatores,
1197 1523 1325 1588 Consu-

69 1631 122 1714 les,
146 1640 248 1696 erant
276 1631 418 1695 Tribuni
443 1627 584 1696 militum
609 1653 698 1696 cons.
720 1639 904 1717 potestate,
938 1633 1101 1697 Censores
1115 1633 1161 1716 f),
1183 1631 1325 1697 Praeto-

130 1879 162 1947 d)
183 1879 209 1946 5.
225 1881 251 1930 9.
270 1877 294 1931 Ι.
312 1877 339 1930 t.
359 1886 377 1929 t.
395 1905 430 1916 -
448 1879 490 1932 Cf.
508 1879 564 1932 Οἱς.
583 1881 653 1946 Τορ.
668 1898 692 1932 c.
711 1887 738 1936 ὁ.
758 1877 846 1932 must.

129 1965 158 2032 e)
180 1963 280 2026 Quare
296 1961 470 2016 ,lastinianus
494 1979 626 2030 responsa
643 1964 808 2031 prudentum
831 1963 860 2017 in
877 1959 971 2029 scripti
991 1961 1064 2030 juris
1086 1963 1176 2016 tontes
1194 1963 1325 2030 retulerit,

71 2065 145 2118 quum
162 2045 345 2115 Pomponius
366 2047 409 2113 (e.
421 2051 447 2099 2.
460 2047 482 2114 t.
496 2053 554 2102 oet
566 2054 608 2103 12.
627 2051 664 2102 D.
683 2050 716 2100 de
734 2049 801 2117 erip.
812 2048 895 2117 jur.)
912 2047 960 2115 jus
979 2048 1145 2114 prudentum
1163 2048 1325 2102 auctoritate

70 2133 249 2200 compositum
267 2148 301 2186 eo
319 2132 348 2186 in
367 2131 473 2200 jurium
489 2148 588 2199 genere
610 2132 751 2197 habuerit,
771 2132 846 2202 quod
870 2131 930 2184 sine
953 2132 1056 2198 scripto
1073 2131 1161 2196 venit,
1181 2132 1324 2186 nonsatis

70 2225 167 2272 canstat
187 2219 262 2271 inter
281 2216 413 2270 eruditos.
441 2215 555 2270 Videtur
573 2217 721 2284 imperator
738 2213 894 2282 respexisse
908 2216 955 2282 jus
973 2215 1050 2280 illud,
1068 2214 1143 2284 quod
1161 2231 1178 2267 a
1194 2215 1325 2281 principi-

71 2304 114 2356 bus
130 2301 303 2371 impertitum
322 2306 364 2354 est
380 2299 600 2366 iurisconsultis,
619 2306 651 2354 ut
668 2315 802 2366 responsa
820 2315 915 2352 eorum
938 2298 1139 2364 praescriptave
1162 2301 1252 2364 legum
1270 2301 1326 2353 tere

71 2388 101 2439 ad
115 2388 205 2440 instar
221 2392 316 2439 essent
341 2385 416 2453 (vid.
431 2383 502 2438 inira
518 2387 540 2453 §.
556 2391 599 2439 ³9.
613 2386 708 2454 sqq.).
728 2384 866 2450 Scriptum
883 2381 956 2434 enirn
969 2382 1017 2449 jus
1035 2387 1085 2446 est,
1104 2383 1180 2450 quod
1197 2401 1233 2436 ex
1251 2399 1326 2438 mera

72 2469 309 2538 praescribendum
326 2485 349 2522 s.
368 2469 590 2523 constituentium
607 2467 769 2521 auctoritate
787 2465 981 2538 proficiscitur,
1000 2471 1082 2534 atque
1099 2464 1164 2518 binc
1181 2474 1231 2532 est,
1250 2469 1326 2536 quod

72 2557 157 2608 Cicero
179 2558 266 2622 (orat
283 2556 353 2619 part.
371 2570 394 2605 e.
411 2553 460 2620 37)
484 2553 566 2607 etiam
584 2555 690 2606 tabulas
717 2550 885 2616 testamenti,
911 2555 990 2617 pacta
1009 2555 1143 2604 conventa
1165 2557 1193 2604 et
1210 2553 1325 2619 stipula-

71 2637 149 2692 tiones
168 2637 275 2704 scripto
297 2636 356 2704 juri
374 2637 541 2692 adnumeret.
558 2639 622 2692 Jam
641 2653 715 2701 vero,
741 2637 824 2706 quod,
848 2637 915 2688 dum
932 2635 1018 2688 libera
1035 2636 1189 2702 respublica
1206 2638 1289 2702 stetit,
1307 2653 1325 2691 a

71 2723 139 2776 qus
156 2722 348 2776 introductum
365 2726 422 2774 erat
436 2722 484 2790 jus
505 2723 555 2790 (de
572 2738 628 2790 quo
645 2721 756 2790 quidem
768 2719 939 2786 Pomponius
950 2721 1107 2790 loquitur),
1122 2722 1151 2774 id
1174 2737 1229 2774 non
1247 2722 1324 2788 prius

71 2807 129 2874 legis
147 2806 341 2861 auctoritatem
365 2805 496 2871 obtinuit,
515 2823 598 2874 quam
614 2805 738 2859 moribus
760 2805 1014 2874 consuetudineque
1037 2812 1109 2860 esset
1126 2807 1324 2873 confirmatum,

71 2893 135 2944 nse
152 2890 325 2958 euamjum
342 2893 443 2960 recepe
458 2889 569 2944 nomine
586 2889 673 2952 venre
695 2889 764 2958 (vra.
777 2890 797 2956 g.
811 2893 854 2941 aa.
870 2865 928 2955 nu'J.
940 2887 1006 2957 m).
1032 2890 1120 2943 amat.

130 2979 161 3045 t)
179 2979 224 3030 Au
234 2974 403 3028 censoribus
417 2975 463 3040 jus
478 2974 559 3026 fuerit
576 2975 708 3040 populum
726 2973 762 3025 ad
780 2973 908 3038 suffragia
925 2974 954 3026 in
974 2989 1100 3040 eampum
1117 2976 1248 3039 sonandi,
1267 2976 1325 3028 sive

71 3061 239 3126 magistratus
267 3059 414 3123 creandus,
439 3059 497 3112 sive
518 3060 563 3110 lex
580 3058 691 3110 terenda
709 3063 792 3121 esset,
811 3057 878 3110 satis
895 3063 999 3110 certum
1017 3075 1071 3112 uon
1089 3064 1138 3110 est.
1164 3061 1211 3112 Ait
1228 3059 1323 3114 Livius

72 3145 173 3209 msa
193 3145 313 3213 Appium
333 3143 474 3195 Censorem
488 3143 595 3210 peat'm
613 3143 790 3202 commistum,
803 3144 957 3212 comitiaque
972 3143 1032 3212 mssa
1046 3161 1061 3194 u
1075 3145 1107 3194 L.
1122 3143 1206 3196 Pierio
1218 3142 1324 3196 tribuno

72 3225 104 3292 pl.
119 3228 299 3296 interpellata,
324 3228 406 3279 donec
429 3245 456 3279 se
480 3244 593 3279 censura
609 3223 754 3280 abdicavit:
772 3229 821 3280 sed
839 3229 943 3280 comitia
961 3227 1018 3296 spus
1034 3224 1162 3292 intellige,
1179 3225 1324 3293 inquibus

73 3319 191 3376 ageretur
207 3314 244 3365 de
263 3311 415 3364 Consulatu
432 3309 460 3363 iu
478 3327 541 3364 eum
558 3311 731 3365 conferendo.
758 3313 801 3364 lta
819 3311 915 3364 Cicero
934 3317 1028 3364 eontra
1047 3313 1120 3365 Ruti·
1136 3327 1159 3363 c.
1172 3315 1198 3363 2.
1219 3311 1324 3364 comitia

73 3402 224 3461 marceat,
243 3396 272 3450 in
297 3395 398 3464 quibus
417 3395 522 3450 Consul
545 3396 703 3463 designatus
726 3397 831 3452 luerat:
854 3396 917 3451 binc
940 3401 967 3448 et
988 3394 1099 3450 comitia
1116 3395 1324 3464 magistratuum

73 3482 246 3534 creandorum
264 3496 320 3534 uon
338 3481 372 3534 ab
395 3479 443 3536 illo
461 3496 559 3534 nornen
577 3481 729 3547 accipiant,
747 3479 796 3548 qui
819 3479 993 3544 convocavit,
1011 3481 1059 3534 sed
1077 3498 1095 3535 a
1112 3480 1323 3548 magistratibus,

74 3565 158 3631 quiin
172 3566 208 3618 iis
231 3570 366 3618 creantur.
398 3567 440 3618 lta
459 3565 633 3628 Considaria,
652 3565 805 3627 Praetoria,
825 3563 989 3628 Tribunitia,
1014 3565 1177 3628 Quaestoria
1194 3583 1210 3618 e
1228 3565 1324 3620 Ponti·

74 3648 127 3701 icia
143 3658 220 3714 suut,
239 3649 268 3701 iu
288 3648 387 3716 quibus
406 3650 555 3713 Consules,
572 3651 730 3712 Praetores,
747 3649 862 3702 Tribuni
881 3649 981 3715 plebis,
999 3651 1165 3713 Quaestores
1183 3657 1210 3704 et
1228 3651 1323 3706 Ponti-

74 3733 129 3786 fices
152 3737 231 3788 fiunt„
260 3736 320 3786 Lex
345 3733 462 3788 Caecilia
485 3735 519 3788 de
542 3735 691 3789 fullonibus
711 3733 804 3800 (Ptin.
827 3733 891 3788 bist.
915 3740 970 3786 nat.
993 3735 1123 3788 XXXV.
1144 3737 1204 3802 17.)
1230 3751 1283 3788 non
1307 3751 1323 3788 a

75 3815 184 3871 censore
201 3821 275 3881 lata,
296 3818 344 3868 sed
362 3819 496 3872 Censores
522 3818 726 3886 ejus‘ierendae
744 3819 863 3872 Caecilio
888 3819 1001 3872 Metello
1018 3825 1143 3874 auctores
1159 3822 1248 3883 fuere,
1267 3835 1323 3872 nou

74 3900 121 3965 ipsi
135 3905 230 3956 tulere.
261 3905 298 3955 Et
315 3901 377 3956 licet
394 3903 567 3956 lastinianus
588 3903 725 3956 senatorio
744 3903 902 3970 magistratu
926 3908 1040 3970 rogante
1057 3906 1131 3970 leges
1149 3906 1218 3956 latus
1241 3903 1322 3968 dieat,

73 4000 247 4054 censoresque
268 3985 411 4038 senatoriis
429 3987 631 4054 magistratibus
650 3981 862 4041 adcenscantur:
880 4003 935 4042 non
954 3996 1043 4042 tamen
1063 3979 1236 4042 in'omnibus
1257 3990 1323 4040 haec

75 4068 185 4124 delinitio
197 4071 331 4137 procedit.
345 4073 518 4126 Hotomanus
527 4088 575 4138 per
585 4072 737 4126 senatorios
749 4072 923 4138 magistratus
935 4073 1061 4140 intelligit
1067 4074 1209 4136 Consules,
1220 4072 1323 4138 Gipha·

75 4151 128 4206 uins
140 4155 285 4220 patricios:
303 4156 436 4210 incertum
453 4164 542 4210 mmcn
562 4163 660 4220 manet,
673 4173 708 4210 au
724 4158 858 4210 Censores
871 4160 944 4225 leges
957 4159 1074 4212 tulerint.
1095 4159 1178 4210 Canu.
1197 4159 1322 4216 Varrone

75 4246 182 4306 auctore,
197 4241 233 4294 de
252 4240 346 4308 lingua
361 4245 407 4296 lat.
418 4261 441 4294 c.
457 4247 483 4296 9.
496 4258 622 4294 censores
641 4248 767 4308 poterant
784 4241 895 4312 quidem
912 4257 1061 4295 convocare
1078 4241 1228 4293 exercitum
1240 4243 1322 4295 urba·

75 4339 140 4389 num,
157 4325 175 4378 i.
189 4343 213 4379 e.
227 4327 380 4380 centuriata
391 4327 502 4380 comitia
519 4327 624 4388 habere,
636 4328 703 4380 haec
720 4336 811 4382 tamen
825 4328 935 4382 comitia
946 4342 1044 4380 census
1057 4325 1190 4395 lustrique
1204 4327 1325 4385 habendi

75 4411 150 4472 grafia
162 4414 272 4475 flebant,
285 4429 337 4463 nec
349 4411 459 4478 proprie
476 4412 594 4478 comitia,
613 4413 662 4466 sed
679 4413 823 4466 conciones
838 4415 1053 4480 appellabantur.
1065 4412 1124 4469 Lis.
1138 4413 1201 4465 hist.
1215 4414 1326 4472 xant

76 4493 154 4548 Varro
171 4500 190 4550 1.
208 4499 227 4552 1.
241 4496 307 4549 Vid.
320 4496 410 4550 Adam
429 4497 509 4552 Riim.
528 4499 709 4576 Altcrthtimer
721 4500 744 4552 l.
755 4516 783 4568 p.
798 4505 856 4554 165.
875 4517 911 4554 ex
930 4515 984 4554 see·
998 4499 1105 4567 Meyeri
1117 4497 1182 4552 edit.
1194 4503 1221 4552 et
1237 4498 1267 4558 C.
1285 4499 1328 4556 F<
