3122 5162
473 400 528 493 Di
553 409 714 492 Punnrors
738 422 902 494 Jnnrons.
945 443 950 452 “
986 378 989 383 ¹
1244 433 1319 500 189

75 599 219 664 amma.
240 595 379 678 Reoeptt.
402 596 437 660 V.
452 595 502 660 26
522 597 552 659 1.
573 599 613 662 In
637 619 765 662 crucem
787 599 993 667 tollebantur
1013 600 1162 666 homines
1185 602 1316 670 intimae

72 706 177 786 sartis,
203 703 363 784 maxime,
382 702 439 787 qui
460 702 642 770 latrociniis
666 706 827 772 dederant
850 730 1006 792 operams
1025 711 1202 774 Petronius
1218 712 1316 776 Subi.
1381 791 1383 796 Ι

71 837 93 878 c.
112 814 178 876 111.
195 813 323 876 Seneca
339 813 440 894 maa
455 812 485 873 7.
503 817 537 874 t.
553 812 604 876 28.
621 813 650 894 δ.
666 813 715 875 15.
731 816 772 876 D.
790 817 829 878 ds
844 819 942 880 Poerr.
958 817 1014 880 ubi
1035 818 1197 901 abrogato
1210 819 1281 903 jam
1298 845 1318 886 a

72 919 284 986 Constantino
307 921 395 984 inter
409 919 614 984 Christianos
633 922 737 985 crucis
759 922 937 1006 supplicio,
953 933 1039 988 teste
1056 926 1194 989 Hermia
1210 926 1318 991 Sozo-

70 1051 161 1094 meno
178 1030 347 1090 Hbtors'er.
364 1028 573 1090 Ecclesiastr'c.
590 1029 614 1089 I.
630 1027 659 1090 8.
675 1011 799 1092 furcam
816 1051 877 1114 pro
894 1051 989 1095 cruce
1012 1032 1121 1116 posuit
1137 1033 1317 1098 Tribonia-

69 1161 143 1216 nus,
169 1135 258 1222 quod
275 1142 310 1198 et
332 1133 411 1198 alibi
428 1155 502 1198 cum
523 1135 640 1199 fecisse
661 1145 778 1200 notant
792 1137 910 1203 Jacob.
924 1139 1119 1204 Raevardus
1137 1141 1316 1224 Conjeotuu.

67 1246 158 1309 1.16.
177 1252 211 1307 et
229 1243 354 1306 Anton.
376 1242 600 1326 Schultingius
622 1244 802 1327 Jurr‘sprud.
824 1249 1017 1329 Antejurtin.
1035 1270 1068 1330 p.
1083 1249 1155 1312 506.
1180 1241 1318 1314 Alii'ex

68 1356 159 1420 faece
184 1352 370 1432 bominum,
400 1350 456 1435 qui
482 1350 617 1414 caedem
645 1353 890 1430 commiserant,
912 1355 1026 1419 bestiis
1053 1356 1317 1439 objiciebanturr

67 1461 187 1526 Paulus
210 1461 280 1522 r'br'd.
305 1458 405 1523 Unde
422 1457 657 1541 insignioribus
678 1459 851 1527 homicidis
873 1461 976 1547 vulgo
998 1463 1220 1546 poscebantur
1242 1465 1317 1529 leo-

68 1593 134 1649 nes,
152 1577 236 1634 teste
252 1566 462 1632 Tertulliano
478 1567 517 1629 de
533 1566 707 1648 Spectacul.
722 1589 746 1630 c.
761 1567 812 1632 21.
828 1569 886 1632 sub
894 1575 957 1652 fla.

640 1714 669 1796 §.
690 1714 741 1779 62.

507 1829 574 1888 Quis
591 1829 704 1883 culleum
724 1829 880 1900 abruperit?

149 1934 301 1998 culleum
322 1930 494 2016 parricidis
515 1930 712 1996 destinatum
740 1934 915 2018 abrogavit
935 1935 1142 2001 Hadrianus:
1166 1937 1201 2000 L.
1222 1938 1252 2000 9.
1275 1940 1317 2004 D.

70 2045 113 2106 ed
126 2043 201 2125 Leg.
217 2044 327 2121 Pomp.
342 2041 381 2102 de
396 2041 555 2122 parrum·
568 2060 764 2124 quamquam
788 2048 822 2104 et
843 2053 919 2126 post
942 2046 1011 2130 ejus
1035 2045 1316 2128 constitutionem,

70 2160 106 2213 ut
124 2169 163 2212 ex
179 2149 292 2212 eadem
309 2147 403 2231 Lege
419 2146 573 2230 adparet,
590 2145 690 2208 cullei
706 2147 899 2232 supplicium
922 2151 955 2214 in
973 2174 1030 2224 usu
1053 2152 1170 2215 mansit
1186 2154 1219 2214 in
1235 2153 1318 2216 locis

68 2257 243 2322 maritimis.
265 2255 389 2318 Postea
412 2255 683 2332 vivicomburium
707 2264 740 2318 et
765 2256 807 2318 ad
830 2257 950 2321 bestias
978 2258 1145 2322 damnatio
1168 2259 1317 2324 invaluit.

66 2365 166 2430 Unde
183 2363 224 2427 de
247 2385 304 2426 sua
327 2371 437 2426 aetate
453 2362 575 2425 Paulus
591 2363 744 2425 Senteutt.
761 2363 902 2446 Recepit.
924 2366 958 2427 V.
978 2363 1029 2429 24.
1045 2363 1074 2428 1.
1096 2367 1319 2433 Hodr'etamen
1400 2435 1402 2440 ,
1480 2326 1491 2348 ι

63 2473 244 2556 parricidae
257 2475 321 2535 vius·
333 2481 524 2546 exuruntur,
542 2474 590 2534 oet
604 2472 648 2532 od
664 2473 778 2533 bestr'cu
793 2472 921 2535 dantur.

641 2619 670 2704 a
692 2617 744 2684 aa.

384 2737 442 2788 Lex
463 2736 587 2790 Cornelia
607 2737 730 2805 defaltis
749 2740 945 2792 testamentaria
965 2740 1001 2807 t),

151 2838 342 2904 Proximum
358 2846 407 2900 est
423 2837 545 2900 crimen
561 2854 669 2919 nansl,
686 2837 776 2922 quod
792 2847 826 2902 et
841 2839 946 2922 ipsum
962 2838 1096 2924 publico
1106 2839 1236 2924 judicio
1248 2845 1321 2910 rin-

67 2949 212 3012 dicatum
237 2928 295 3007 est.
321 2941 486 3028 Equidem
503 2946 573 3030 jam
601 2946 832 3032 antiquissimis
853 2947 1056 3032 temporibus
1086 2946 1128 3010 de
1151 2949 1236 3015 falso
1261 2973 1322 3016 ex·

15 3097 16 3100 =
66 3055 189 3119 stitisse
215 3052 327 3141 leges,
350 3074 451 3147 ‘nemo
485 3040 696 3116 dubitaverit.
728 3053 796 3117 Sed
827 3076 937 3138 earum
960 3053 1031 3138 jam
1059 3055 1186 3140 pridem
1221 3060 1321 3142 periit

66 3161 236 3226 memoria.
259 3159 484 3224 celeberrima
501 3168 551 3223 est
566 3177 633 3222 Lux
653 3177 820 3225 connisum
838 3181 883 3226 ns
899 3179 1026 3246 nausis,
1043 3185 1138 3248 quam
1156 3174 1321 3228 testamen·
1347 3191 1351 3206 ¹

66 3275 185 3333 tarium
201 3275 234 3332 et
250 3274 428 3332 numeriam
450 3276 547 3332 vocat
566 3266 684 3330 Cicero
700 3273 732 3329 r'n
755 3268 893 3344 Verrem,
910 3272 1030 3333 Action.
1044 3271 1088 3333 ΙΙ.
1106 3270 1172 3336 Lib.
1188 3274 1212 3334 Ι.
1227 3294 1254 3343 c.
1269 3275 1319 3336 42.

66 3377 127 3462 qui
144 3378 254 3457 addit,
276 3382 309 3438 in
325 3398 363 3440 ea
385 3398 448 3439 uon
464 3379 524 3460 jus
540 3377 666 3456 aliquod
682 3395 795 3438 nouum
811 3380 927 3458 populo
947 3400 1015 3442 esse
1034 3383 1249 3454 constitutum,
1265 3384 1323 3446 sed

65 3491 234 3557 sonutam,
254 3485 399 3565 acquod
417 3505 537 3566 semper
553 3485 671 3544 reulum
683 3484 817 3561 facetius
829 3484 944 3563 suerit,
968 3487 1037 3567 ejus
1058 3491 1197 3567 quaestio
1212 3489 1255 3549 ad
1264 3511 1322 3570 po-

59 3595 178 3676 pulum
193 3594 365 3673 pertineret
386 3611 424 3652 eu
444 3601 529 3653 certo
551 3600 694 3672 tempore.
716 3589 947 3667 Quaerebatur
969 3611 1011 3654 ex
1031 3591 1093 3656 bac
1114 3592 1192 3678 lege
1215 3596 1321 3678 primo

66 3701 112 3763 de
131 3700 202 3784 ejus
225 3697 345 3782 capite,
363 3697 419 3781 qui
437 3707 666 3774 testamentum
684 3699 855 3777 amoverit,
878 3699 1053 3774 celaverit,
1070 3701 1245 3785 eripuerit,
1263 3703 1323 3782 des

63 3807 210 3886 leserit,
233 3803 457 3884 interieverit,
476 3805 671 3892 subjecerit,
694 3807 928 3892 resignaverit,
945 3807 1068 3893 quique
1090 3817 1317 3876 testamentum

64 3913 188 3978 falsum
203 3913 379 3998 scripserit,
394 3913 573 3998 signaverit
588 3915 668 3978 dolo
689 3917 787 3997 malo,
803 3918 934 4001 cujusve
951 3915 1031 3980 dolo
1048 3915 1133 3980 malo
1151 3918 1184 3980 id
1201 3917 1316 3984 facturn

63 4021 190 4104 fuerit,
207 4021 333 4106 ,quibus
359 4020 509 4083 omnibus
532 4043 617 4106 aqua
641 4034 676 4087 et
697 4024 767 4108 igni
791 4045 834 4086 ex
855 4024 916 4088 bac
942 4023 1020 4110 lege
1043 4023 1318 4090 interdicebatur

142 4266 168 4332 t)
190 4265 270 4317 Zuob.
288 4265 394 4318 Huberi
413 4267 483 4318 Dira.
502 4267 533 4316 de
552 4264 608 4333 lepe
629 4265 767 4327 Cornelia,
792 4285 870 4337 quem
888 4279 1073 4322 commemorat
1097 4271 1236 4324 ›Stretonim
1252 4272 1278 4324 iu
1295 4291 1318 4325 u.

61 4351 189 4418 Auyurti
205 4367 227 4402 c.
244 4353 287 4402 33.
305 4350 386 4417 deque
404 4352 531 4404 sententia
549 4349 582 4404 ab
602 4351 669 4418 Imp.
691 4350 801 4402 Claudio
820 4352 874 4404 lota
893 4353 965 4420 apud
982 4352 1110 4406 Eunnlem
1127 4356 1154 4406 in
1172 4373 1195 4406 u.
1217 4355 1320 4422 Claudii

62 4455 88 4489 c.
114 4440 156 4490 15.
176 4433 203 4486 in
224 4435 293 4486 Dias.
302 4436 409 4503 juridd.
430 4435 572 4504 philolopy.
590 4438 622 4488 Τ.
641 4437 676 4488 11.
696 4450 722 4500 p.
741 4437 1320 4506 74-91.Βαιιιι.Βωιιο1ιιι0111616911.

49 4520 228 4574 varmum
255 4520 286 4570 de
305 4519 392 4585 falso.
416 4521 447 4571 1..
472 4522 505 4574 B.
536 4526 611 4576 1721.
634 4527 659 4576 4.
685 4521 865 4576 vockesuers
891 4522 961 4574 Dias.
986 4520 1057 4574 laud.
1084 4522 1116 4572 P.
1145 4521 1179 4572 11.
1208 4539 1228 4573 a
1247 4527 1272 4574 9.
1291 4537 1319 4587 p.

64 4597 226 4660 lor-170.
241 4602 367 4658 Rossbirt
384 4601 401 4655 1.
420 4604 437 4656 1.
455 4605 479 4667 S.
497 4607 644 4660 aur-232.
661 4621 688 4672 p.
705 4608 854 4660 497-523.
870 4603 958 4659 Haud.
