3062 5156
335 345 390 413 lle
416 343 573 413 Turnum
596 344 755 414 Teanam.
780 345 906 416 Luem.
930 347 1020 414 Dar.
1235 355 1306 424 175

646 565 654 582 .
675 518 728 584 22.

188 635 367 706 Privilepa'um
384 633 515 688 indultum
532 519 694 698 mediet-llus,
712 651 781 704 queo
798 643 840 688 ter
857 645 982 716 quatem
995 647 1168 708 pepererant.

130 739 260 803 Eadem
283 747 394 801 tamen
413 735 492 820 lege
512 734 620 816 Papia
636 736 799 820 Poppaea
821 737 987 802 invectum
1011 745 1061 802 ast
1076 739 1133 823 jus
1152 739 1249 803 trium
1272 750 1307 806 et

58 855 192 934 quatuor
214 846 414 925 liberorum,
434 842 526 926 quod
547 843 648 906 etiam
664 866 683 906 a
700 844 807 908 tutela
828 843 994 910 liberabat
1016 846 1195 930 ingenuas,
1220 869 1306 933 quae
1414 849 1420 860 '

57 954 320 1032 ter31ibertinaa‚
338 970 422 1034 quae
438 958 556 1032 quater
573 951 795 1034 peperissentc
812 951 880 1014 Dio
891 953 1308 1040 Lat.LV1.10.(Gajiinsc

38 1048 184 1144 1145).
199 1059 336 1144 ulpian.
351 1059 484 1140 magn.
499 1059 624 1120 rrrrr.
637 1057 667 1120 2.
683 1066 719 1121 et
732 1057 763 1120 a.
777 1060 907 1140 mag..
917 1061 987 1142 jur.
998 1061 1120 1124 noma
1131 1063 1159 1144 §-
1168 1063 1210 1125 15
1219 1065 1308 1146 (17).

55 1171 91 1234 ld
101 1190 182 1234 vero
193 1168 250 1253 jus
264 1185 361 1248 quum
377 1165 506 1248 saepius
519 1165 617 1228 etiam
630 1165 759 1229 steriles
776 1172 811 1228 et
826 1167 899 1230 orbi
912 1167 1082 1252 utriusque
1096 1187 1192 1233 sexus
1204 1171 1309 1234 bene·
1377 1191 1382 1200 ·

56 1278 126 1340 ficio
141 1274 310 1357 Principis
326 1273 559 1356 impetrarent:
573 1273 642 1338 Dio
660 1273 748 1337 Cass.
761 1273 833 1336 LV.
847 1274 877 1336 2.
893 1273 980 1336 Plin.
996 1275 1097 1356 ltptat.
1113 1277 1156 1338 ΙΙ.
1172 1275 1222 1338 13.
1240 1279 1308 1340 VIL

56 1385 102 1448 26.
125 1384 168 1446 Χ
189 1384 244 1445 95.
265 1379 376 1444 Paull.
398 1382 550 1442 Sententt.
573 1379 632 1440 IV.
654 1378 684 1440 9.
706 1377 759 1442 26.
779 1379 878 1444 facile
902 1389 1014 1465 patet,
1034 1381 1176 1446 rariores
1202 1405 1245 1447 ex
1267 1405 1309 1450 eo

59 1499 204 1574 tempore
219 1489 324 1553 factas
340 1509 413 1551 ease
428 1485 602 1550 mulierum
616 1485 748 1550 tutelas.

635 1655 664 1736 §-
682 1651 734 1718 m.

283 1773 329 1826 An
347 1772 449 1828 Suum
470 1770 645 1824 Claudianum
664 1770 759 1824 tutelae
777 1771 916 1823 mulierum
933 1771 1089 1826 ustulavit?

137 1873 303 1938 Successit
317 1874 390 1936 Lex
407 1871 559 1954 Claudia,
575 1892 641 1956 qua
655 1879 765 1935 tamen
782 1893 850 1934 non
867 1870 971 1934 omnis
982 1873 1016 1936 in
1033 1874 1218 1940 universum
1233 1879 1311 1942 sub·

63 1980 124 2044 lata
144 1989 195 2046 est
216 1979 325 2044 tutela
344 1978 535 2062 mulierum,
558 1979 642 2043 sicut
659 1979 762 2041 visum
788 1985 838 2040 est
852 1976 923 2042 Jac.
942 1979 1080 2064 Cujacio
1096 1983 1140 2044 ad
1153 1985 1190 2047 L.
1206 2008 1259 2050 aa.
1278 1987 1311 2050 0.

69 2087 122 2149 un·
132 2099 227 2150 tutor.
243 2091 294 2149 oet
306 2096 407 2150 curat.
420 2094 455 2150 et
468 2086 585 2150 Marco
601 2086 756 2151 Vertran.
768 2084 887 2148 Mauro
907 2087 946 2148 de
960 2087 1039 2150 Jure
1053 2092 1312 2156 transsumam.

66 2195 115 2256 sed
132 2203 258 2260 tantum
280 2199 412 2257 cessatio.
436 2193 586 2257 Nolebat
609 2193 696 2256 enim
720 2192 878 2256 Claudius
899 2193 1022 2258 tutelae
1044 2195 1215 2260 mulierum
1239 2199 1312 2264 aliis

65 2301 149 2385 cedi,
164 2303 199 2365 id
217 2302 308 2387 quod
326 2309 425 2366 antea
443 2302 516 2366 fieri
532 2291 767 2374 consueverat;
788 2299 846 2362 sed
870 2302 1048 2384 oportebat
1062 2303 1231 2386 proximos
1253 2307 1313 2369 ad·
1332 2345 1335 2350 ·

66 2419 173 2494 gnatos
190 2431 247 2474 eas
263 2411 350 2494 ipsas
362 2409 601 2474 administrare.
616 2410 661 2471 Et
672 2407 719 2470 ita
733 2405 956 2491 intelligenda
973 2428 1044 2473 esse
1060 2411 1164 2473 verba
1174 2411 1312 2496 Ulpiani

66 2519 186 2602 Fragm.
201 2519 262 2582 XI.
274 2517 304 2582 8.
319 2517 448 2582 erudite
463 2517 564 2580 docet
578 2516 658 2579 Ant.
670 2513 895 2598 Schultingius
910 2519 943 2578 tn
958 2518 1076 2582 Adnot.
1085 2539 1120 2602 p.
1128 2518 1201 2582 596.
1210 2541 1255 2603 eq.
1270 2524 1313 2603 ¹).

633 2691 662 2774 §-
683 2691 735 2754 m.

517 2807 604 2866 Quum
623 2807 668 2860 ata
687 2807 862 2860 duraverint?

140 2910 216 2974 Jam
230 2929 331 2991 vero,
351 2915 610 2972 consenescente
628 2907 736 2971 libera
749 2906 937 2990 republica,
959 2908 1008 2970 via
1024 2908 1129 2972 omnis
1145 2911 1314 2976 muliebris

68 3016 185 3080 tutelae
201 3036 306 3100 penes
321 3015 489 3099 legitimos
504 3022 630 3079 tutores
651 3021 862 3078 remanserat.
884 3013 1022 3098 Reliqui
1046 3017 1132 3078 enim
1151 3013 1315 3082 foemina-

67 3143 128 3186 rum
153 3131 281 3188 tutorea
308 3132 365 3188 aut
393 3123 474 3186 dicis
509 3129 634 3185 tantum
670 3141 768 3186 causa
795 3120 1055 3205 interponebant
1083 3123 1312 3188 auctoritatem

67 3251 164 3312 suam,
192 3238 251 3294 aut
276 3231 374 3294 inviti
396 3239 548 3294 auctores
576 3229 649 3292 fieri
676 3253 697 3292 a
721 3229 881 3293 Praetore
912 3227 1119 3312 cogebantur
1135 3233 1184 3309 ⁸);
1213 3230 1314 3310 unde,

68 3360 144 3422 quae
170 3338 314 3402 fiduciae
345 3360 441 3402 causa
467 3339 570 3402 fiebat
593 3335 755 3418 cobmtio,
785 3338 902 3400 tutelae
929 3337 1216 3401 eenamcenam
1243 3337 1315 3400 fieri

129 3579 160 3645 a)
181 3577 258 3644 Lege
285 3574 401 3628 Claudia
427 3573 576 3643 legitimam
601 3582 758 3642 aquatorum
782 3575 895 3627 tutelam
919 3576 1054 3631 sublatam
1076 3591 1150 3641 esse,
1166 3577 1224 3645 jam
1252 3578 1317 3646 Gaji

68 3664 101 3730 (1.
118 3667 176 3717 1⁶7.
197 3661 271 3730 171.)
292 3659 447 3713 testimonio
473 3661 616 3725 probatur,
634 3673 724 3727 eoque
746 3659 828 3712 etiam
850 3661 1000 3712 {audenter
1018 3662 1192 3714 confirmatur
1211 3663 1316 3729 Cujacii

67 3748 227 3814 conjectura,
245 3747 337 3798 locum
354 3761 391 3798 cx
407 3745 526 3812 Ulpiano
545 3746 658 3798 altatmu
676 3742 716 3797 aio
733 3743 916 3800 restituentis:
935 3744 1122 3808 „seminarum
1138 3752 1230 3800 autem
1248 3748 1315 3814 legl-

67 3831 140 3884 timas
164 3833 266 3884 tutelas
291 3831 352 3882 Lex
376 3829 492 3882 Claudia
516 3828 646 3888 meatu?
672 3843 724 3893 pro
742 3828 904 3892 ‚‚e1uttnet,”
930 3845 1013 3898 quam
1039 3830 1150 3898 quidem
1173 3831 1316 3886 lectionem
1407 3833 1409 3838 '

66 3916 142 3970 etiam
154 3913 344 3981 Schultingius
356 3917 455 3966 tuetur.
474 3911 550 3966 Vitio
562 3911 644 3978 igitur
656 3913 764 3965 sublato
779 3911 911 3976 lectionis,
926 3928 976 3966 sua
989 3920 1086 3979 sponte
1100 3913 1203 3966 corruit
1213 3919 1316 3968 Aucto-

67 3999 100 4052 rie
117 3999 268 4065 sententia,
288 3998 404 4052 Claudia
428 3999 489 4064 lege
516 3996 599 4050 modo
625 3997 766 4049 sermonem
789 3996 926 4064 legitimae
946 3999 1058 4052 tutelae
1072 3998 1238 4064 prohibitam
1255 4013 1316 4052 case

68 4085 252 4138 existimantis.
263 4087 333 4152 (von
340 4082 459 4149 Savigny
467 4083 495 4134 ia
503 4084 527 4136 d.
534 4081 690 4148 Zeitsclcr.fi
697 4082 785 4149 pesclo.
793 4082 829 4134 R.
843 4081 919 4134 W.'l'.
926 4081 976 4134 111.
987 4097 1014 4147 p.
1021 4086 1073 4134 ³42
1080 4109 1115 4121 -
1123 4087 1183 4135 344.
1195 4083 1316 4134 Dirkeen

74 4168 139 4222 Vm.
157 4187 212 4222 zur
226 4169 300 4222 Krit.
317 4185 344 4222 u.
361 4167 438 4219 Aust.
456 4182 484 4232 p.
503 4169 578 4234 117).
597 4166 742 4218 Caeterum
758 4181 815 4218 nou
832 4167 951 4231 defuere,
970 4166 1098 4235 quilegie
1113 4165 1186 4218 illiue
1199 4166 1317 4218 sanctio·

68 4270 124 4307 nem
139 4255 176 4308 ad
196 4254 372 4320 impuberum
389 4241 501 4321 qu'oquo
516 4249 663 4304 mulierum
680 4253 794 4303 tutelam
812 4251 965 4315 traherent,
977 4254 1008 4302 ut
1024 4265 1060 4302 ex
1078 4249 1317 4305 constitutionibus

69 4346 181 4406 apparet
200 4341 266 4393 Vid.
285 4338 317 4390 L.
333 4341 358 4390 2.
377 4337 429 4390 rh.
447 4337 479 4389 C.
497 4337 529 4390 de
547 4336 678 4389 tutor..L.
693 4338 719 4388 3.
737 4335 769 4388 C.
781 4335 889 4404 dtl‘ttl·
902 4344 949 4388 tut.
967 4336 1008 4388 Cf.
1025 4349 1079 4389 ron
1095 4334 1244 4404 Savignyl.
1259 4337 1276 4390 l.
1291 4353 1318 4404 p.

69 4426 223 4479 tto-³4⁷.
242 4423 362 4478 Rudoru
383 4421 572 4474 Vormundecl.
590 4421 627 4474 R.
645 4421 667 4472 1.
685 4434 714 4484 p.
733 4424 793 4473 214.
811 4425 871 4473 216.
896 4418 984 4474 mul.

130 4512 161 4578 a)
185 4511 248 4577 Gaj.
267 4509 290 4560 1.
310 4511 367 4560 190.
387 4508 422 4560 ΙΙ.
443 4509 500 4558 122
517 4531 548 4544 -
561 4504 594 4555 ct.
614 4519 697 4570 supra
716 4504 736 4570 ξ.
759 4508 799 4555 16.
818 4502 881 4555 int.
909 4501 996 4554 Miilat.
