3080 5154
679 385 754 452 nm.
782 385 807 453 1.
833 383 914 451 rm
940 384 984 452 u.

663 511 668 520 ¹
783 561 812 643 ς.
832 559 885 623 so.

289 680 433 744 Flebant
454 678 543 742 scta
564 699 631 741 non
649 677 711 740 nisi
739 677 773 740 in
796 699 888 740 sacro
909 674 1129 762 auspiciisque
1148 676 1304 740 dedicato
1324 677 1403 740 loco
1418 680 1463 757 ⁰).

206 787 367 852 Romulus
383 790 417 851 in
434 787 561 872 templo
577 785 721 850 Vulcani
735 794 831 848 extra
844 785 959 848 urbem
979 785 1136 849 Senatum
1148 786 1276 870 coegit:
1292 783 1462 848 Plutarch.

209 897 351 972 Quaestt.
369 899 501 958 Roman.
514 895 564 956 47.
581 893 689 980 [*Vot.
709 894 777 955 VII.
791 916 823 976 p.
836 893 908 956 116.
922 917 966 976 sq.
987 895 1062 975 opp.
1077 894 1250 982 Plutarchi
1264 915 1304 954 er
1320 894 1393 954 eds’t.
1407 893 1430 956 J
1432 915 1462 954 o.

205 1005 277 1068 Jac.
291 1003 448 1088 Reiskii.]
472 979 774 1066 Tullus'Hostilius
799 1003 833 1064 in
858 1002 948 1064 curia
970 1001 1126 1064 Hostilia.
1144 1002 1267 1066 Libera
1288 1001 1464 1084 republica

207 1111 307 1175 aedes
331 1110 512 1196 Apollinis,
535 1109 664 1191 Martis,
687 1109 862 1192 Bellonae,
883 1109 1026 1190 Quirini,
1054 1108 1210 1191 Uestorio,
1239 1107 1462 1191 Concordiae,

205 1219 359 1302 Virtutis,
380 1217 490 1296 Fidei,
514 1224 601 1280 utet
623 1197 734 1280 curiae
747 1218 906 1299 Hostilia,
925 1217 1098 1300 Pompeja,
1119 1217 1222 1298 Julia,
1243 1215 1381 1280 Senatui
1401 1216 1463 1280 ha-

205 1327 318 1389 bendo
344 1325 585 1390 inserviebant:
612 1324 701 1412 Call.
722 1325 828 1387 Noctt.
847 1329 943 1388 Auta.
963 1326 1053 1386 XIV.
1071 1323 1102 1385 7.
1135 1323 1221 1386 Nam
1248 1323 1340 1387 etin
1364 1324 1464 1387 curiis

206 1434 330 1520 templa
344 1442 439 1498 erant
448 1455 510 1518 per
521 1453 661 1518 augures
676 1432 846 1496 dedicata:
863 1432 951 1495 Gell.
963 1435 1032 1494 itta.
1048 1431 1224 1496 Ordinaria
1241 1440 1353 1495 tamen
1366 1453 1463 1495 sena-

206 1542 280 1605 cula
303 1551 398 1606 erant
422 1542 522 1605 aedes
542 1541 762 1623 Concordiae,
779 1542 880 1605 aedes
900 1539 1075 1622 Bellonae,
1102 1549 1137 1604 et
1159 1540 1252 1604 locus
1270 1541 1313 1604 ad
1331 1549 1464 1625 portam

206 1650 392 1735 Capenam:
414 1653 503 1714 Fest.
523 1649 582 1714 sub
603 1671 687 1713 voce
709 1651 900 1714 Senecalum
916 1672 951 1732 p.
974 1648 1046 1712 431.
1069 1649 1302 1714 Conveniebat
1320 1649 1464 1713 Senatus

206 1760 298 1824 statis
311 1760 526 1843 temporibus,
538 1759 603 1821 hoc
618 1766 678 1840 est,
697 1759 834 1842 singulis
850 1757 1025 1837 Kalendis,
1042 1757 1148 1821 Nonis
1164 1765 1198 1820 et
1209 1757 1335 1854 Idibus,
1347 1779 1466 1820 exem-

205 1867 247 1931 tis
265 1875 376 1930 tamen
403 1867 520 1929 diebus
546 1865 777 1948 comitialibus,
802 1867 938 1951 (quibus
956 1867 1136 1930 convenire
1161 1867 1255 1930 nefas
1277 1865 1466 1930 habebatur

205 1997 267 2059 per
280 1975 392 2060 legem
408 1974 563 2057 Pupiam:
580 1973 701 2037 Cicero
717 1976 761 2036 ad
770 1976 841 2037 Diu.
855 1975 937 2056 Ι.4.)
957 1995 1019 2037 nec
1030 1995 1098 2039 non
1109 1974 1226 2039 dicbus
1241 1974 1330 2055 atris,
1343 1974 1465 2058 quibus

207 2083 365 2146 Senatum
377 2104 444 2146 non
453 2081 515 2145 nisi
523 2082 559 2144 in
573 2083 672 2156 rebus
682 2083 822 2167 trepidis
831 2083 955 2146 babere
966 2076 1108 2146 licebat:
1123 2083 1191 2146 Dio
1204 2081 1464 2146 Cass.X11V.l7.

204 2192 250 2254 Et
265 2191 299 2252 bi
315 2191 474 2254 ordinarii
491 2199 674 2266 conventus
689 2190 830 2254 Senatus
844 2206 1029 2255 nummatus
1041 2189 1246 2254 dicebantur.
1262 2190 1299 2253 Si
1312 2210 1395 2252 vero
1406 2189 1464 2253 vel

205 2299 326 2384 legatis
345 2299 400 2362 vel
427 2298 500 2363 aliis
521 2298 565 2361 ob
588 2320 827 2384 quamcumque
857 2321 1000 2364 caussam
1027 2298 1168 2362 Senatus
1190 2306 1285 2361 extra
1310 2297 1465 2361 ordinem

205 2408 361 2471 dabatur:
376 2408 435 2470 ille
455 2409 567 2471 vocari
590 2407 722 2471 solebat
742 2424 918 2471 litaturus:
946 2409 1000 2469 Fr.
1016 2408 1154 2469 Hotom.
1175 2409 1215 2469 de
1231 2407 1353 2469 Senatu
1364 2408 1395 2468 5.
1419 2407 1466 2470 Et

206 2525 284 2579 tunc
297 2515 431 2600 quidem
448 2516 717 2579 convocabantur
733 2514 927 2600 plerumque
944 2514 1122 2578 Senatores
1139 2535 1200 2599 per
1221 2514 1377 2597 edictum,
1394 2535 1465 2598 quo

207 2622 287 2686 olim
304 2623 498 2707 frequentes
514 2623 630 2686 adesse
642 2623 848 2706 jubebantur
863 2641 922 2699 Qus
940 2639 1081 2705 Peraea,
1099 2639 1226 2699 Quietus
1246 2638 1465 2686 consumeris

205 2731 278 2794 Liv.
296 2732 339 2791 II.
361 2730 392 2794 1.
409 2739 526 2814 postea
548 2751 628 2794 vero
653 2730 740 2794 edici
760 2731 888 2814 coepit:
910 2749 970 2809 Qtu
992 2747 1466 2814 suunroaus,oulsusouu1u

110 2883 115 2892 ·
207 2855 341 2904 snuaru
357 2855 576 2903 ssnrnurrsu
592 2857 714 2904 niceas
726 2857 844 2901 nicar:
858 2839 947 2904 Fert.
962 2840 1119 2904 subvocc.
1130 2841 1349 2922 Consorspttet
1361 2840 1466 2902 Sena-

207 2957 290 3010 tores
314 2947 429 3032 ibique
449 2948 568 3011 Dacer.
584 2971 620 3031 p.
633 2948 706 3012 496.
734 2947 823 3012 Gall.
842 2949 947 3011 Noott.
964 2951 1060 3012 Atts'c.
1082 2949 1172 3010 XIV.
1190 2947 1241 3012 18.
1259 2949 1406 3012 Brisson.
1427 2949 1468 3010 de

207 3056 313 3118 Fbrm.
330 3057 372 3116 II.
383 3077 416 3138 p.
432 3055 505 3119 264.

764 3159 813 3240 ς.
834 3156 886 3221 47.

475 3273 582 3326 Relatio
592 3271 674 3340 sacta
692 3291 709 3324 a
736 3273 857 3335 Consule,
881 3275 1027 3335 Dictatore,
1047 3275 1189 3326 Praetura.

171 3367 178 3376 ’
290 3376 462 3459 Frequens
475 3374 632 3448 siaderat
645 3373 797 3458 Senatus,
815 3385 882 3439 tum
903 3375 1038 3457 Consul,
1058 3395 1161 3459 penes
1180 3394 1278 3459 quem
1297 3372 1405 3436 fasces
1423 3395 1467 3436 eo

208 3503 321 3544 mense
336 3489 441 3563 erant,
455 3491 512 3546 aut
531 3502 573 3544 eo
589 3483 726 3546 absente
742 3484 895 3566 Praetor,
910 3492 967 3548 aut
978 3482 1144 3564 Dictator,
1168 3483 1194 3545 si
1210 3481 1282 3567 quis
1302 3489 1385 3563 eret,
1406 3490 1467 3546 aut

277 3735 311 3802 o)
331 3735 390 3787 Imo
408 3741 436 3788 et
452 3751 507 3788 non
525 3735 579 3788 nisi
596 3734 713 3801 peractis
737 3737 834 3802 saone,
853 3737 994 3807 captisque
1011 3735 1146 3803 auguriis,
1164 3735 1280 3790 fiebant:
1296 3735 1414 3802 Appian.
1436 3737 1469 3788 ds

208 3819 290 3873 Bello
309 3821 355 3873 cia.
376 3821 416 3872 11.
437 3825 494 3873 115.
513 3821 647 3887 Exempla
664 3827 774 3876 exstant
790 3823 863 3888 apud
884 3824 942 3876 niv.
959 3824 1065 3892 xxll.
1084 3829 1125 3875 11.
1140 3821 1254 3873 XXIV.
1275 3828 1316 3875 11.
1335 3823 1398 3874 Non
1417 3821 1469 3873 ad-

210 3906 362 3958 dicentibus
380 3906 489 3969 aribus,
501 3905 640 3972 negotium
652 3906 681 3959 in
698 3907 782 3961 alium
801 3909 872 3960 diem
885 3908 1072 3961 differebatur:
1090 3907 1147 3960 Cio.
1160 3907 1245 3976 Epist.
1259 3906 1298 3958 X.
1314 3910 1353 3959 12.
1371 3907 1470 3971 Augu·

209 3997 269 4044 stus
285 3992 337 4044 bac
353 3979 479 4043 molestia
496 3991 658 4044 liberaturus
677 3993 837 4056 Senatores,
848 3995 944 4057 aeaut,
962 4002 1000 4058 ut,
1011 3994 1168 4062 priusquam
1187 3992 1331 4044 conmutat
1349 3992 1470 4060 quisque,

186 4087 189 4094 '
210 4076 294 4130 thura
305 4093 337 4128 ac
355 4093 427 4128 mero
441 4077 604 4144 supplicaret
620 4079 695 4146 apud
711 4097 787 4132 aram
805 4081 862 4150 ejus
880 4080 941 4138 Dei,
952 4080 981 4131 in
998 4079 1073 4149 myas
1088 4077 1186 4146 templo
1205 4078 1334 4130 seirenes:
1353 4077 1470 4128 Sueten.

209 4161 322 4228 Anytus.
340 4181 361 4213 c.
378 4166 421 4214 ³6.
439 4163 518 4213 Heia.
545 4162 617 4214 Addi
635 4169 725 4230 potest
742 4163 797 4216 Dio
816 4164 929 4216 Cassius
945 4163 1022 4218 LIV.
1038 4167 1097 4226 30..
1114 4168 1197 4228 prout
1214 4178 1231 4213 a
1249 4162 1413 4214 Casaubone
1428 4165 1472 4214 est

210 4247 383 4298 emendatus:
401 4245 507 4310 θυμιᾶν
528 4263 554 4296 rs
572 4247 635 4306 roric
652 4249 805 4312 βουλευτάς
819 4246 848 4301 ἐν
861 4247 897 4316 τῴ
921 4249 1059 4316 συνεδρίῳ,
1078 4241 1173 4308 ὁσάκις
1191 4240 1227 4299 ἂν
1248 4246 1315 4312 ἕδρα
1334 4239 1425 4296 αὐτῶν
1444 4235 1470 4312 ᾖ,

210 4331 256 4382 καὶ
268 4329 314 4397 τήν
325 4325 420 4396 ἄφιξιν
432 4330 501 4398 πρὸς
515 4330 612 4384 taust:
632 4327 665 4382 osi
677 4336 835 4397 ποιεῖσθαι,
847 4333 876 4385 ra'
889 4335 947 4397 μέν,
959 4333 1004 4384 ἵνα
1016 4330 1180 4396 θεοσεβώσι,
1192 4330 1222 4382 τὸ
1240 4331 1278 4394 δέ,
1296 4331 1341 4382 ἵνα
1353 4325 1471 4398 ἀπονητὶ

213 4414 331 4478 aestues,
350 4414 470 4470 irritasse
484 4411 687 4487 (Αὔγουστος).
707 4419 868 4488 (Imperavit
884 4420 1027 4486 Astyrum,
1044 4428 1075 4470 at
1093 4419 1237 4472 Senatores
1253 4417 1282 4468 s'u
1299 4417 1385 4476 curia,
1404 4434 1471 4485 quo-

210 4501 259 4554 ties
278 4500 390 4554 Senatus
407 4513 546 4572 affaretur,
563 4504 641 4557 thure
662 4507 857 4574 supplicarent,
874 4521 957 4572 nequa
980 4505 1066 4573 :psum
1090 4505 1167 4573 prius
1184 4501 1327 4555 :mutatum
1345 4502 1470 4556 adirent:

206 4589 310 4656 partim
321 4596 387 4640 utse
396 4588 514 4657 rsls'ys'ose
521 4598 655 4657 parerent,
663 4592 764 4658 partlm
776 4599 806 4643 ut
817 4606 847 4641 eo
859 4589 960 4641 minore
972 4607 1031 4642 cum
1043 4589 1159 4641 molestia
1172 4586 1363 4654 couveuirsnt.)
1382 4587 1471 4640 Canas.
