3080 5154
548 311 612 432 ns·
627 363 782 432 Nurrrrs.

621 541 650 622 ς.
671 541 701 602 r.

381 654 400 706 1
406 654 433 706 V.
452 654 533 706 Bono
550 657 643 708 uxoris
660 657 697 709 ad
712 626 836 711 maritum
854 659 950 714 deluto.

125 758 283 834 Quartum
309 753 460 818 effectum
483 764 571 836 erat,
587 757 648 819 IV.
673 757 763 843 quod
787 760 919 825 maritus
941 762 1029 827 bona
1045 764 1156 830 omnia
1178 768 1290 830 uxoris

60 866 170 930 nomine
193 864 282 927 dotis
307 864 491 947 acciperet:
514 862 582 926 Cic.
606 865 705 948 Τυρὼ.
720 866 750 927 4.
773 875 808 930 et
825 867 859 930 id
883 869 1015 952 quidem
1037 873 1154 956 procul
1176 873 1290 958 dubio,

60 975 120 1058 quia
134 972 190 1036 ills
208 979 282 1034 erat
302 971 336 1034 in
358 970 467 1034 mariti
484 978 668 1055 potestate,
686 974 771 1038 sicut
787 974 902 1058 paullo
921 986 1000 1041 ante
1018 978 1168 1045 diximus.
1189 981 1289 1046 Unde

61 1083 173 1144 Terent.
193 1081 299 1142 Andr.
315 1082 386 1141 Act.
406 1080 529 1142 Issen.
549 1080 578 1140 5.
593 1101 622 1143 v.
641 1080 692 1142 60.
713 1103 777 1164 sqq.

205 1189 249 1250 Te
266 1191 322 1249 isti
332 1191 434 1250 orrum
451 1188 506 1259 do,
524 1191 672 1258 umerum,
688 1197 838 1263 tutorem,
854 1177 987 1270 patrem.

200 1310 295 1357 soNn
309 1303 417 1357 nostra
432 1296 510 1355 tues
524 1294 582 1356 titt
594 1311 783 1369 oonmrrn,
801 1305 834 1357 et
848 1305 922 1359 tuoe
936 1298 1049 1360 mondo
1060 1300 1151 1382 fidei.

199 1402 301 1464 Hono
314 1402 392 1462 melre·
402 1405 435 1462 tn
451 1422 579 1462 murrum
596 1402 670 1464 dot.-
691 1439 730 1450 -
751 1439 795 1450 -
815 1440 857 1450 -

60 1512 98 1572 Ex
111 1529 168 1593 quo
185 1507 289 1574 facile
304 1517 409 1596 patet,
423 1529 586 1594 quaenam
607 1510 648 1573 sit
668 1510 755 1574 dotis
773 1510 910 1604 dominii
931 1511 1039 1596 origo,
1060 1511 1103 1575 de
1123 1536 1189 1598 qua
1202 1515 1290 1579 infra

60 1617 152 1679 IleI.
163 1617 219 1679 tlt.
232 1618 321 1681 VIII.
334 1615 508 1718 dicendum
520 1617 582 1680 erit
591 1617 750 1701 pluribus.
763 1619 812 1700 (V
813 1619 858 1682 id.
865 1629 900 1684 et
906 1620 979 1682 Lib.
989 1621 1032 1685 ΙΙ.
1040 1621 1108 1684 Tit.
1117 1622 1182 1686 IX.
1189 1625 1218 1706 §.
1228 1624 1289 1706 4.).

620 1805 649 1886 §-
671 1803 701 1867 s

284 1943 312 1996 V.
333 1943 489 2014 Uorp'upium
509 1945 637 2014 ep‘usmodi
652 1943 709 1997 solo
727 1944 914 2015 differentium
931 1945 1049 2002 solubile.
1126 1986 1134 2008 ,

122 2070 281 2148 Quintum
303 2066 455 2132 effectum
479 2077 549 2132 erat
571 2069 612 2133 V.
634 2071 722 2154 quod
746 2071 943 2135 connubium
971 2072 1133 2157 ejusmodi
1153 2071 1289 2137 dissolvi

59 2197 108 2238 non
126 2184 254 2260 posset,
274 2177 337 2239 nisi
356 2193 667 2258 Drrnfflnunrronn,
690 2199 793 2261 quae,
816 2200 914 2263 quum
939 2187 1024 2242 teste
1043 2181 1162 2262 Festo,
1181 2181 1240 2243 sub
1258 2202 1288 2242 v.
1305 2221 1308 2226 ·

58 2286 248 2367 dffarreotto,
265 2291 353 2347 esset
368 2306 471 2369 genus
488 2285 657 2367 sacrificii,
675 2285 790 2369 procul
815 2285 917 2348 dubio
933 2287 1066 2349 nonnisi
1090 2288 1287 2350 auctoritate

57 2391 231 2455 Pontificum
259 2393 378 2475 fiebat,
401 2403 435 2456 et
459 2391 535 2455 hinc
565 2401 635 2458 erat
657 2393 819 2456 rarissima
846 2401 880 2456 et
909 2391 1119 2474 difficillima,
1146 2393 1180 2456 in
1207 2415 1287 2478 qua,

57 2498 213 2564 Plutarcho
236 2485 340 2583 teste,
362 2499 554 2587 [*Qrtoestt.
580 2502 712 2563 Roman.
739 2502 816 2583 opp.
840 2501 1010 2563 Plutarchi
1028 2499 1092 2560 Vol.
1117 2501 1186 2562 VII.
1211 2502 1288 2583 opp.
1373 2512 1377 2520 '

22 2609 25 2614 '
57 2609 152 2669 morell.
175 2619 206 2671 et
217 2610 452 2692 philosophiam.
472 2609 512 2670 P.
536 2610 577 2670 II.
591 2631 625 2691 p.
644 2608 717 2673 118.
736 2629 781 2690 sq.
805 2631 846 2671 eor
859 2609 935 2670 edit.
955 2607 978 2670 J
980 2629 1010 2670 0.
1031 2606 1102 2670 Juc.
1124 2605 1288 2694 Reislrii.]

57 2714 139 2778 multe
148 2717 256 2780 tristia
271 2737 308 2779 ac
326 2714 547 2779 abominanda
561 2717 634 2780 lieri
650 2715 812 2780 solebant.
831 2715 943 2793 Quare
958 2715 1071 2799 primis
1082 2715 1287 2799 reipublicae

56 2823 237 2906 temporibus
264 2823 429 2887 exstitisse
454 2833 578 2907 negant
604 2825 738 2888 divortii
762 2821 950 2905 exemplum
974 2809 1078 2906 usqne
1101 2821 1142 2884 ad
1167 2844 1286 2886 annum

56 2926 88 2988 U.
102 2929 132 2992 C.
145 2949 229 2995 uxx.
248 2933 387 3017 Dionys.
405 2931 517 2995 11.25.
537 2931 625 2994 Plut.
643 2931 677 2994 in
694 2932 828 2993 Romulo
841 2927 893 2991 22.
913 2929 996 2992 etin
1021 2929 1131 2992 Numa
1149 2927 1199 2991 17.
1218 2929 1288 2996 Vu-

56 3184 113 3234 nnde
127 3184 287 3252 eligerentur
305 3186 426 3239 flamines
444 3186 577 3253 majores,
591 3187 650 3249 lege
668 3181 786 3251 quadem
805 3185 914 3234 cautum
933 3183 1126 3250 effectumque,
1145 3187 1176 3234 ut
1190 3182 1288 3234 mulier

55 3269 201 3322 contenente
220 3307 237 3335 ‚,
243 3287 383 3324 sacrorum
395 3285 483 3322 causa
500 3270 529 3322 in
543 3273 676 3334 potestate
689 3267 751 3332 viri,
763 3275 869 3321 caetera
881 3266 1037 3332 promiscuo
1049 3266 1209 3318 feminarum
1224 3266 1288 3332 jure

56 3354 148 3415 ageret’
160 3355 390 3422 (TaeannaldV.
400 3357 465 3421 lu),
473 3355 490 3406 i.
497 3371 520 3406 c.
527 3361 558 3405 ut
565 3369 613 3419 per
620 3354 861 3406 confarreationem
869 3367 1008 3404 sacrorum
1016 3351 1126 3420 quidem
1131 3351 1288 3403 communio

55 3438 178 3491 efficeretur
189 3440 262 3493 inter
277 3439 366 3491 virum
378 3445 405 3491 et
420 3424 547 3505 uxorem,
560 3435 733 3506 caeteroquin
746 3453 761 3488 e
777 3437 862 3504 patris
871 3437 934 3503 jure
946 3434 1103 3504 familiaque
1114 3437 1188 3489 hand
1200 3435 1288 3489 exiret

56 3523 133 3575 mulier
150 3526 196 3592 (ct.
215 3524 280 3590 Gaji
299 3527 366 3576 Inst.
379 3525 399 3575 1.
412 3521 521 3590 §.¹136).
548 3525 607 3592 Nec
622 3521 705 3589 igitur
722 3529 765 3575 est
783 3523 858 3591 quod
876 3521 1013 3585 miremur,
1031 3537 1085 3590 qua
1099 3521 1205 3575 ratione
1216 3522 1288 3590 juris

55 3608 123 3658 nosti
134 3614 266 3672 suctores,
285 3608 319 3659 de
331 3608 420 3661 causis
435 3608 462 3660 in
474 3624 586 3662 manum
598 3608 786 3660 conventionis
799 3608 973 3676 disserentes,
986 3623 1042 3660 non
1054 3609 1110 3660 tere
1120 3607 1174 3660 nisi
1186 3607 1289 3674 coimp-

60 3691 1286 3760 timumentiouemteeeresolitisint,(Hassel.l.§.23.etZimmernR.G.§.227.p.8³6.sq.)

56 3774 104 3826 Jam
115 3793 172 3830 vero
190 3778 271 3830 tacite
286 3777 337 3829 erit
350 3777 483 3844 judicare,
498 3777 612 3845 propius
632 3776 743 3845 quidem
761 3777 857 3828 abesse
869 3793 886 3828 a
897 3776 1018 3840 veritate,
1037 3793 1108 3846 quse
1121 3779 1174 3829 hoc
1186 3775 1214 3828 in
1226 3777 1287 3826 loco

55 3863 148 3922 protulit
160 3865 273 3925 Auctor,
292 3878 381 3931 neque
393 3869 482 3914 temen
495 3861 622 3916 omnibus
633 3862 662 3914 in
676 3860 799 3927 partibus
812 3859 901 3914 eidem
913 3877 973 3915 esse
985 3862 1196 3915 assentiendum.
1215 3858 1287 3912 Nem

55 3947 159 3999 necastis
171 3952 298 3999 accurate
317 3947 512 4010 vocabulorum
526 3949 664 4016 potestatis
681 3951 709 3999 et
724 3945 849 4013 mancipii
865 3945 991 3998 distinxit
1006 3963 1087 3999 usum
1104 3947 1242 4011 vulgarem
1260 3947 1288 3994 et

55 4030 188 4097 proprium,
206 4047 258 4083 neo
275 4030 373 4085 solidis
393 4049 472 4086 suam
492 4032 661 4084 confirmavit
678 4029 838 4083 sententiam
860 4028 1025 4084 rationibus:
1038 4036 1196 4100 potestatem
1216 4045 1287 4079 mm-

57 4127 112 4164 nan
127 4115 152 4167 in
167 4131 281 4181 uxores,
293 4133 349 4170 non
368 4133 447 4171 secus
461 4133 494 4169 ec
505 4117 533 4170 in
551 4116 631 4182 filias,
647 4114 803 4168 exercuisse
815 4114 880 4168 otim
892 4117 1014 4170 maritos.
1032 4118 1176 4168 Praeterea
1187 4129 1222 4165 ex
1234 4111 1287 4175 his,

55 4211 111 4262 qnae
121 4203 197 4255 modo
210 4219 227 4254 a
238 4200 319 4254 nobis
332 4201 405 4254 dicta
416 4207 488 4268 sunt,
496 4207 616 4268 apparet,
627 4217 767 4254 sacrorum
782 4199 999 4253 communionem
1013 4215 1068 4252 non
1083 4214 1189 4264 semper
1202 4196 1288 4250 tuisse

54 4297 104 4336 cum
119 4293 248 4351 potestate
269 4287 452 4354 conjunctam.
477 4287 559 4351 Quod
575 4293 665 4338 autem
683 4287 798 4353 legimus
819 4285 893 4351 apud
913 4285 1030 4337 Gellium
1049 4285 1099 4352 (N.
1113 4285 1146 4336 A.
1161 4283 1210 4335 IV.
1223 4287 1247 4334 3.
1260 4279 1289 4334 et

55 4365 143 4423 xvln.
154 4373 208 4440 6.):
228 4372 257 4425 in
278 4389 360 4425 manu
377 4374 557 4442 manmptoque
569 4371 659 4424 meriti
674 4387 734 4423 esse
753 4370 908 4434 mulierem,
927 4369 955 4421 id
971 4368 1120 4421 universim
1131 4368 1166 4419 sd
1184 4368 1287 4421 menei-

55 4455 122 4513 pandi
129 4457 181 4522 jus,
195 4474 251 4510 non
264 4459 299 4510 ad
310 4458 455 4510 mulierum
468 4458 540 4511 serio
552 4457 803 4511 venumdendarum
818 4459 979 4521 potestatem
990 4454 1161 4507 referendum
1174 4470 1234 4508 csse
1246 4455 1286 4506 vi-

55 4536 124 4591 detur.
142 4542 225 4596 Mittit.
