3040 5164
297 404 352 474 lla
377 405 485 475 Tusa.
511 375 639 476 (lanis.
664 405 774 477 Tasr.
800 405 925 479 Mmsr.
951 421 1019 480 stc.
1215 416 1288 529 ,⁴¹⁹

37 586 111 646 bato
134 582 266 644 civium.
288 579 402 660 Quare
425 581 535 666 potius
553 582 595 646 ad
617 583 838 667 pelliciendos
864 585 898 648 in
919 586 1070 650 militiam
1093 587 1218 651 animos
1234 587 1287 652 in-

36 695 167 752 ventum
188 697 238 753 est
258 688 323 752 hoc
342 691 486 754 testandi
507 690 738 777 privilegium:
759 694 826 756 imo
852 700 886 768 et
908 693 1080 777 religionis
1096 715 1208 759 caussa
1228 697 1287 760 ad·
1381 735 1385 742 ·

36 798 182 879 missum,
201 805 236 859 et
252 795 329 859 hinc
345 797 523 879 abolitum,
541 799 635 862 simul
657 822 696 862 ac
711 799 802 864 bella
825 801 993 884 auspicato
1014 801 1086 886 geri
1103 801 1286 868 desierants

38 904 98 967 Cic.
114 906 154 966 de
170 903 250 965 Nat.
266 907 360 968 Dear.
375 908 417 996 II.
430 906 460 968 3.
484 905 634 969 Cinctum
657 908 743 972 enim
761 906 925 971 (labinum
949 912 1121 974 sumebant
1138 911 1287 995 Impera-

38 1019 128 1092 tores,
147 1013 207 1098 qui
224 1033 257 1074 se
273 1013 335 1076 Dis
349 1013 504 1076 Manibus
519 1035 580 1098 pro
596 1017 744 1078 exercitu
764 1015 990 1080 devovebant:
1001 1017 1075 1081 Liv.
1092 1017 1178 1078 VIII.
1194 1018 1287 1082 9.10.

39 1122 72 1182 r.
85 1120 114 1182 7.
129 1119 183 1183 as.
208 1121 298 1184 nin.
319 1121 439 1184 eorem
460 1105 682 1186 induebamur
703 1123 824 1187 matites
845 1124 879 1186 in
901 1123 999 1188 renas
1020 1125 1178 1208 saepius,
1195 1127 1286 1209 quau

39 1229 144 1290 devoti
160 1228 227 1290 Dis
242 1227 405 1292 Manibus.
428 1229 554 1294 Ultima
571 1251 652 1294 vero
666 1231 781 1297 horum
806 1231 1000 1295 devotorum
1016 1231 1169 1296 voluntas
1187 1253 1286 1316 quum

40 1357 89 1419 pro
104 1335 185 1418 lege
204 1343 305 1399 esset:
321 1337 393 1400 Liv.
411 1338 450 1398 X.
466 1336 517 1399 29.
528 1341 632 1418 janot.
648 1337 771 1401 XXVI.
789 1339 853 1401 lla
869 1338 969 1402 etiam
985 1346 1181 1404 testamenta
1200 1341 1288 1404 mili-

40 1443 150 1506 tum-in
167 1443 343 1526 procinctu
359 1444 446 1508 facta
459 1453 532 1509 rata
547 1465 618 1508 esse
632 1445 848 1530 jubebantur,
863 1447 967 1509 tacito
988 1447 1105 1531 populi
1120 1447 1286 1530 sulii-agio,

42 1560 200 1634 umquam
215 1549 303 1631 νόμοι
322 1551 464 1637 ἄγραφοι,
484 1553 759 1636 quemadmodum
780 1562 979 1618 testamenta
992 1553 1026 1616 in
1042 1555 1183 1618 comitiis
1199 1555 1287 1619 cala-

45 1660 79 1721 tis
90 1659 225 1722 condita
240 1666 404 1744 tamquam
422 1659 509 1743 νόμοι
527 1665 672 1746 ἔγγραφοι
686 1661 853 1725 valebant.
875 1661 965 1726 Hinc
986 1662 1087 1727 facile
1103 1661 1288 1726 reddideris

45 1766 214 1848 rationem,
231 1775 368 1834 curtam
384 1789 459 1831 raro
475 1775 510 1831 et
524 1771 655 1833 nonnisi
677 1763 711 1833 in
728 1779 878 1834 extremo
894 1789 1000 1835 rerum
1019 1770 1206 1836 discrimine
1227 1771 1288 1833 hu·

41 1874 169 1956 jusmodi
192 1882 394 1938 testamenta
416 1877 565 1940 condita:
589 1877 654 1942 vid.
670 1877 822 1963 Vellejus
843 1878 972 1940 Patere.
987 1880 1030 1939 ΙΙ.
1044 1879 1074 1939 5.
1093 1877 1288 1941 Plutarchus

46 1981 72 2043 in
88 1983 332 2045 desideriunt).
353 1985 459 2048 Extra
472 1985 653 2069 periculum
672 1985 757 2048 enim
774 1994 809 2048 et
824 1986 965 2048 cinctum
981 1985 1145 2049 Gabinum
1167 1985 1289 2050 milites

48 2091 240 2153 testabantur
254 2089 332 2174 jure
354 2091 538 2156 ordinarios
555 2093 732 2158 Caesareis
752 2095 829 2154 bello
846 2093 928 2158 Gall.
948 2095 972 2154 I.
987 2092 1038 2155 39.
1058 2091 1148 2156 Flor.
1163 2095 1223 2180 III.
1238 2092 1289 2156 lo.

621 2261 650 2342 §-
670 2262 702 2322 4.

225 2435 229 2440 ,
372 2377 419 2428 Aa
432 2376 496 2430 Isaac
514 2384 575 2428 rata
584 2376 695 2444 suerint
707 2385 770 2448 post
782 2376 952 2448 periculam?

125 2461 229 2552 Quum
244 2497 324 2540 vero
341 2476 473 2539 nonnisi
488 2477 753 2561 praesentissimo
770 2477 883 2544 mortis
902 2473 1051 2559 periculo
1067 2472 1101 2538 in
1117 2473 1289 2560 procinctu

47 2583 152 2646 fierent
174 2590 388 2646 testamenta:
409 2582 561 2668 Vellcjus
583 2586 714 2648 Patere.
737 2583 821 2645 Hs'st.
837 2585 879 2645 ΙΙ.
900 2584 929 2644 5.
954 2581 1021 2644 Cic.
1037 2583 1076 2644 dc
1095 2583 1184 2644 Orat.
1198 2584 1224 2643 L
1238 2581 1289 2645 53.

49 2690 224 2754 verosimile
243 2697 303 2773 est,
321 2690 485 2753 defunctis
501 2691 650 2774 periculo
666 2692 888 2773 testatoribus,
903 2696 1102 2753 testamenta
1114 2689 1172 2752 illa
1188 2711 1290 2753 evau-

55 2797 135 2880 uisse,
157 2799 265 2862 instar
287 2796 501 2861 donationum
527 2799 640 2862 mortis
664 2819 791 2880 caussa,
816 2797 897 2862 licet
918 2796 1028 2860 verbis
1050 2795 1180 2860 disertis
1201 2795 1290 2859 haud

52 2913 207 2970 revocata:
227 2904 383 2969 Thomas.
398 2907 482 2968 Ds'ss.
497 2907 630 2968 laudata
644 2907 672 2987 §2
686 2906 738 2968 27.

641 3103 648 3118 .
672 3059 703 3119 ὁ.

265 3145 444 3226 ,remma
451 3173 542 3241 factio
555 3191 609 3242 per
620 3059 696 3242 §layas
716 3173 786 3226 XII
803 3169 866 3224 Tab.
885 3171 1042 3224 introducta.
1146 3136 1153 3144 -

119 3275 276 3340 Ceterum
299 3280 497 3340 testamenta
512 3274 546 3339 in
561 3273 676 3338 calatis
691 3273 831 3338 comitiis
854 3273 942 3336 facta
964 3269 1150 3334 exolevisse
1174 3269 1292 3334 viden-

51 3385 102 3461 tur,
121 3381 201 3446 latis
225 3379 355 3462 legibus
376 3380 451 3443 XII
471 3381 683 3446 Tabularum.
705 3381 751 3444 lis
775 3379 861 3442 enim
880 3400 983 3463 quum
1006 3379 1121 3441 fuisset
1143 3383 1290 3440 cautum:

52 3502 146 3550 PATER
161 3503 324 3550 FAMILIAS
342 3505 400 3550 U'l'l
419 3503 582 3553 nuensslr
603 3503 710 3553 SUPER
727 3503 890 3551 FAMILIAE
908 3501 1074 3549 Pacuuius
1092 3485 1290 3548 'I'U'I'ELAEVE
1397 3537 1401 3542 .

54 3607 123 3656 sunu
144 3613 222 3678 REI,
242 3611 302 3657 ITA
319 3611 377 3658 JUS
398 3612 498 3658 asro:
520 3596 657 3680 Ulpiani
676 3598 806 3678 Fragm.
824 3595 880 3656 XI.
896 3595 945 3656 14.
961 3597 996 3654 Ι..
1011 3593 1060 3658 53.
1071 3614 1124 3674 pr.
1140 3593 1180 3652 D.
1196 3593 1235 3652 de
1256 3589 1291 3650 V.

54 3699 80 3759 S.
95 3724 141 3782 pr.
165 3704 244 3763 Inst.
260 3704 299 3764 da
313 3706 346 3762 L.
362 3703 450 3764 Falc.
466 3704 546 3766 Noa.
563 3705 670 3768 XXII.
685 3725 710 3764 c.
724 3704 755 3772 2.
779 3702 847 3770 Cic.
863 3703 901 3770 de
923 3703 1042 3764 lavant.
1057 3702 1099 3761 ΙΙ.
1117 3699 1167 3762 50.
1193 3696 1291 3760 Auct.

54 3807 85 3868 ad
106 3810 255 3874 Herenn.
276 3808 367 3872 le.
389 3808 547 3874 latissima
566 3811 721 3894 profecto
744 3809 893 3871 omnibus
915 3808 1002 3870 sacta
1022 3807 1128 3870 fuerat
1146 3801 1292 3865 'testandi

56 3911 177 3980 facultas
193 3915 239 3997 ¹¹).
263 3915 439 4000 Quumque
462 3916 550 3980 cives
567 3919 638 4004 jam
655 3939 713 3982 suo
737 3916 873 3980 arbitrio
893 3923 1029 4000 possent
1050 3915 1091 3978 de
1114 3912 1209 3978 bonis
1227 3909 1292 3974 dis-

57 4039 182 4099 ponere:
200 4021 284 4106 quis,
301 4043 436 4108 quaeso,
455 4023 541 4090 adeo
558 4025 765 4109 desipuisset,
781 4032 816 4087 ut
833 4021 948 4086 mallet
961 4023 996 4086 in
1012 4021 1152 4085 comitiis
1167 4016 1293 4100 calatis,

114 4237 145 4302 la)
165 4237 288 4289 Verbum
303 4237 501 4305 paterfamsls'as
522 4237 576 4304 legi
602 4238 774 4292 decemvirali
796 4235 961 4299 idoneis‚de
992 4232 1083 4286 causis
1104 4231 1216 4299 exemit,
1233 4230 1295 4282 Car.

54 4319 114 4384 lug.
131 4321 233 4374 Erbius
248 4319 278 4372 in
292 4321 397 4374 Comm.
420 4322 575 4374 Uadcdtlseit
593 4324 638 4376 des
654 4321 883 4388 „Paterfamilias
899 4321 939 4372 ati
953 4316 1079 4386 leqassit”
1099 4318 1127 4368 s'n
1144 4317 1195 4368 dm
1212 4313 1301 4382 zsc'o'ls

59 4399 162 4467 Taselas
184 4406 214 4458 in
238 4406 322 4472 Hago
344 4407 413 4462 civil.
436 4409 546 4475 Magnae.
564 4409 595 4459 Τ.
613 4409 662 4460 lv.
688 4423 762 4460 num.
781 4411 822 4460 15.
845 4423 872 4473 p.
890 4405 1049 4458 ass-4⁸³.
1069 4400 1156 4454 Haud.
1185 4401 1249 4454 Vld.
1268 4406 1295 4454 et

57 4484 164 4543 uirksen
188 4489 293 4542 Uabsrs.
313 4489 337 4540 d.
361 4489 455 4542 dieder.
480 4493 551 4545 Vara.
576 4509 628 4544 zur
647 4493 717 4544 Kris.
735 4509 761 4544 a.
779 4489 952 4557 Heratellaap
970 4488 998 4540 d.
1018 4487 1113 4538 Teates
1130 4485 1179 4534 der
1196 4483 1296 4548 badis-

60 4565 311 4641 Tafel-Frapmente.
329 4589 355 4640 p.
365 4580 513 4630 324-342.
531 4575 661 4642 Schilling
679 4577 756 4629 Bam.
768 4573 803 4627 ab
827 4576 863 4628 R.
874 4575 910 4626 n.
923 4573 957 4626 G.
969 4585 996 4638 p.
1007 4573 1051 4624 97.
1067 4575 1122 4621 not.
1134 4572 1193 4630 228.
1210 4567 1294 4620 Mass.

1037 4652 1098 4716 27*
