3056 5168
505 378 560 446 lla
585 378 807 446 6666111661.
1198 385 1269 453 6111

21 558 107 637 cujus
127 555 279 616 amrium
298 561 361 626 ast,
383 555 452 633 queis
470 553 580 616 deleat
593 573 664 616 susc
678 563 858 634 possessor:
875 563 907 616 st
923 555 1002 627 aaa,
1021 558 1078 636 qui
1087 576 1157 618 sam
1174 565 1269 630 tanat,

21 662 152 722 carradae
169 680 229 740 pro
245 661 366 742 11166116
385 661 447 722 litis
469 661 677 722 audemarus
697 661 882 722 6166166116
903 682 978 732 suo,
999 683 1060 742 quo
1078 663 1127 722 illi
1143 665 1270 740 satissa-

21 774 92 841 661·
108 769 188 830 nibil
204 788 239 833 se
253 767 391 830 deterrita
411 770 444 828 ia
461 769 658 848 possessione
665 769 848 848 facturum,
870 769 910 830 da
931 789 995 849 qua
1008 770 1157 850 jurgium
1179 779 1269 832 asset.
1308 830 1311 840 ,

21 877 142 938 Rursus
160 877 324 956 spouuoac
344 875 408 954 epse
424 882 615 954 6166666161
637 874 677 936 ab
698 875 880 942 udosrsmio
901 877 1007 936 cartae
1024 880 1190 955 pecunius,
1212 886 1271 937 aut

21 1145 55 1196 Cl.
75 1149 101 1195 et
119 1143 169 1196 lv.
189 1143 209 1210 §.
222 1147 264 1196 91.
283 1152 310 1196 et
327 1147 368 1198 94.
386 1147 444 1198 Ν66
464 1147 632 1212 adversatur,
651 1147 726 1216 quod
743 1163 795 1213 pro
813 1149 913 1213 praede
931 1149 983 1200 litis
1000 1147 1172 1199 vindiciarum
1190 1145 1269 1200 satis·

21 1228 135 1280 dandum
153 1227 241 1280 fuisse
257 1229 332 1293 apud
349 1229 436 1282 bonos
455 1223 579 1282 auctores
598 1234 710 1298 legatur,
729 1234 803 1284 velut
821 1233 895 1298 apud
913 1231 1071 1284 Ciceronem
1090 1247 1129 1284 or.
1148 1231 1176 1284 ia
1195 1233 1269 1286 Ver-r.

21 1313 41 1366 Ι.
55 1317 108 1375 lau
128 1310 233 1366 omissa
246 1314 319 1366 ocrim
336 1315 470 1380 particula
486 1316 662 1382 conjunctiva
684 1324 711 1368 et
726 1317 783 1368 dno
800 1317 923 1382 ejusdem
940 1330 1022 1370 casm
1038 1317 1172 1370 vocabula
1180 1318 1269 1385 jungi,

21 1400 85 1450 haud
97 1399 241 1450 insolitum
258 1400 310 1452 1611
327 1400 356 1452 16
374 1400 525 1468 priscarum
543 1402 634 1464 legum
646 1401 839 1470 actionumque
857 1403 1035 1468 1616161166(
1053 1404 1180 1468 exemplo
1195 1408 1271 1469 patet

21 1485 67 1535 loci
84 1484 263 1538 famosissimi
275 1486 332 1537 Xll
351 1487 522 1548 tabularum,
541 1503 603 1538 usus
621 1490 764 1538 auctoritas
773 1487 861 1553 fundi
878 1487 1016 1540 biennium.
1036 1487 1179 1540 Caeterum
1195 1489 1270 1556 quod

21 1569 128 1622 dieitur:
143 1587 198 1636 pro
213 1569 315 1636 praeda
338 1567 392 1621 litis
417 1575 443 1622 et
465 1569 643 1626 vindiciarum
663 1573 884 1624 satisfaciendum
908 1588 968 1624 esse
985 1570 1150 1636 adversario,
1168 1572 1197 1624 id
1215 1590 1270 1625 non

21 1655 50 1705 ad
66 1652 285 1723 antiquissimam
302 1653 377 1706 illam
395 1654 604 1708 vindicatlonem
623 1658 748 1720 pertinet,
766 1673 849 1724 quam
873 1654 1025 1708 describere
1047 1655 1133 1708 voluit
1152 1657 1270 1710 Heincc·

21 1740 188 1804 6166161616
206 1742 241 1792 ad
261 1755 330 1804 eam,
348 1755 419 1809 quac
430 1758 479 1807 per
491 1742 667 1807 sponsionem
681 1742 769 1804 fiebat,
788 1757 871 1809 quam
883 1757 956 1794 nunc
970 1741 1080 1794 demum
1091 1749 1165 1794 recte
1175 1743 1269 1809 cogui-

21 1829 70 1876 tam
88 1819 219 1878 habemns
237 1842 253 1878 e
269 1811 334 1892 ‘Gaji
352 1828 551 1881 commentaria.
578 1827 729 1894 Utramque
753 1827 896 1880 confundit
919 1831 1031 1891 Auctor,
1062 1832 1120 1879 tum
1141 1828 1269 1892 11161661

22 1911 138 1978 sequenti
156 1908 219 1976 1111.
234 1911 326 1962 Tertia
342 1911 423 1962 etiam
435 1911 548 1962 accessit
562 1911 750 1963 vindicationis
768 1913 870 1964 torma:
885 1929 937 1980 per
946 1911 1099 1978 formulam
1107 1913 1269 1979 petitoriam,

22 1993 127 2046 caeteris
140 1999 167 2045 et
179 1993 328 2059 simplicior
340 1999 367 2046 et
379 1997 458 2060 longe
470 1986 603 2058 usitatior,
617 2011 652 2046 cx
663 2012 718 2064 quo
731 1997 841 2064 quidem
853 1996 964 2048 omnino
976 1997 1035 2066 ejus
1047 1997 1076 2049 in
1088 1995 1154 2049 soris
1167 1999 1269 2049 Roma-

22 2079 64 2130 nis
80 2077 222 2132 auctoritas
239 2077 362 2132 invaluit.
380 2081 454 2146 Ergo
472 2081 574 2145 triplex
592 2081 644 2132 1611
661 2083 696 2132 de
714 2079 835 2134 dominio
853 2081 893 2133 rei
911 2081 1037 2148 litigandi
1055 2082 1151 2134 1611116.
1176 2080 1270 2133 Prima

22 2162 75 2226 illa,
92 2164 120 2216 in
138 2180 192 2232 qua
215 2164 395 2223 vindiciarum
420 2165 596 2220 solennitates
623 2163 792 2219 adlubendae
817 2170 902 2228 erant,
929 2181 998 2232 quas
1022 2167 1083 2218 tuse
1106 2166 1270 2218 Heineccius

23 2254 127 2312 tractat;
146 2250 245 2318 quibus
259 2250 376 2316 peractis
389 2257 558 2304 sacramento
568 2249 722 2302 seinvicem
733 2250 919 2314 provocabant
931 2249 1080 2300 adversarii
1095 2249 1163 2316 (vid.
1172 2250 1192 2315 §.
1202 2251 1270 2316 23.).
1304 2257 1307 2262 '

24 2333 87 2386 Dein
105 2335 255 2386 secundum
273 2337 387 2385 alterurn
410 2334 574 2400 litigantium
593 2332 726 2386 vindiciae
750 2331 918 2398 dicebantur,
942 2333 1022 2400 isque
1039 2334 1154 2397 praedes
1174 2333 1269 2384 adver-

24 2417 88 2478 sario
106 2419 189 2471 dabat
207 2419 262 2471 litis
280 2425 307 2471 et
330 2407 526 2481 vindiciarum
551 2419 620 2471 alios
645 2419 679 2470 ab
704 2423 821 2485 utroque
846 2419 962 2471 Praetor
986 2415 1135 2482 accipiebat
1156 2420 1271 2482 praedes

24 2503 186 2568 sacramenti,
204 2504 307 2572 qnippe
319 2505 393 2572 quod
403 2503 591 2572 lpnpnblicom
603 2504 711 2556 cederet
725 2504 802 2570 (Gaj.
816 2505 864 2557 1v.
884 2505 906 2571 1.
920 2508 961 2556 16.
971 2508 998 2554 et
1012 2503 1080 2568 96).
1099 2505 1193 2556 Altera
1204 2510 1270 2568 erat,

25 2605 86 2654 quae
102 2589 207 2644 omissa
224 2589 402 2646 vindiciarum
421 2589 582 2642 solennitate
600 2589 652 2642 boo
677 2590 763 2656 modo
784 2590 881 2644 flebat:
905 2595 981 2644 actor
999 2588 1186 2645 adversarium
1206 2601 1270 2655 pro·

25 2675 128 2726 vocabat
148 2674 197 2728 tali
215 2675 348 2730 formula:
367 2677 390 2728 u'
402 2694 453 2742 res,
472 2694 524 2748 qua
543 2677 574 2726 de
592 2675 687 2741 opiter,
706 2675 814 2744 cajum
838 2675 980 2732 Quiritium
999 2692 1056 2726 maa
1076 2682 1122 2738 est,
1140 2675 1272 2727 saeternae

27 2759 107 2825 (1.6.)
126 2759 228 2812 XXV·
249 2777 365 2812 nummos
392 2760 456 2812 dare
478 2761 610 2828 spondes?
633 2757 706 2809 Dein
723 2759 840 2810 formula
866 2755 939 2808 edita
961 2761 1010 2822 est,
1036 2774 1090 2825 qua
1116 2757 1272 2810 intendebat

25 2851 97 2907 actor,
114 2844 275 2911 sponsionis
294 2859 427 2897 summam
446 2845 499 2898 sibi
517 2844 575 2896 dari
588 2849 728 2910 oportere,
747 2843 801 2908 ipsi
819 2848 910 2895 autem
928 2843 1100 2894 adversarius
1117 2857 1166 2907 per
1183 2841 1271 2906 stipu-

26 2931 334 2995 lationemsadsaabat,
361 2947 433 3000 quac
453 2947 506 2998 pro
524 2930 626 2998 pracda
649 2927 701 2978 latis
724 2935 751 2978 at
773 2928 947 2980 vindiciarum
972 2929 1109 2992 appellata
1131 2933 1173 2978 est
1190 2927 1271 2979 satis·
1353 2964 1364 2979 .

26 3014 96 3077 datio,
115 3015 250 3084 quoniam
268 3015 295 3068 16
319 3017 409 3068 166661
435 3013 565 3068 successit
589 3012 739 3076 praedium,
756 3010 785 3062 in
810 3012 973 3075 sacramenti
998 3011 1105 3064 actione
1128 3027 1179 3076 pro
1197 3029 1226 3064 re
1244 3018 1272 3064 ct

24 3101 145 3152 tractibus
168 3100 228 3151 dari
246 3099 396 3151 solitorum.
416 3101 512 3168 Neque
530 3112 594 3150 vero
609 3098 729 3164 poenalis
747 3103 803 3148 erat
821 3097 933 3161 sponsio
951 3097 1005 3161 illa,
1021 3098 1156 3166 siquidem
1170 3097 1203 3159 is,
1223 3097 1271 3164 qui

25 3201 122 3237 eausam
139 3198 199 3237 non
217 3185 303 3236 tenuit
315 3185 388 3250 apud
403 3185 533 3251 judicem,
543 3199 631 3251 neque
643 3181 799 3234 adversario
814 3197 903 3248 neque
918 3182 945 3233 in
960 3183 1100 3247 publicum
1118 3197 1177 3232 eam
1188 3195 1271 3245 spon-

25 3270 99 3323 sionis
122 3285 261 3324 summam
287 3270 386 3325 latera
411 3286 523 3322 necesse
545 3268 670 3330 habebat,
692 3268 740 3320 aed
760 3265 973 3336 praejudicialis,¹
999 3281 1063 3316 nam
1086 3271 1196 3330 propter
1220 3267 1271 3317 hoc

26 3358 102 3410 solum
115 3357 202 3410 tiebat
213 3356 334 3422 sponsio,
349 3361 381 3406 ut
390 3371 439 3422 per
451 3372 512 3407 eam
530 3355 563 3406 de
581 3371 610 3406 re
624 3351 802 3418 judicaretur.
821 3351 958 3418 (616111.
972 3351 993 3417 §.
1006 3355 1048 3404 91.
1063 3354 1106 3402 93.
1119 3354 1162 3404 94.
1182 3351 1224 3404 Cf.
1236 3352 1270 3405 G.

25 3441 51 3491 L.
62 3442 233 3506 Ribbcntrop
247 3441 388 3492 Commeat.
406 3441 442 3492 ad
458 3442 490 3492 L.
503 3444 541 3492 16.
560 3439 581 3505 ξ.
592 3443 618 3490 6.
631 3439 666 3490 D.
679 3439 710 3490 dc
724 3435 855 3504 pinnarib.
874 3443 899 3486 et
916 3436 947 3488 L.
959 3439 984 3488 9.
1003 3435 1025 3501 1.
1039 3440 1061 3488 1.
1079 3435 1114 3488 D.
1127 3437 1158 3487 da
1171 3445 1271 3506 except.

25 3528 58 3576 rei
66 3529 126 3594 jud.
138 3528 232 3578 Goett.
249 3529 321 3578 1824.
331 3531 356 3578 4.
374 3526 395 3592 §.
408 3529 434 3578 3.
446 3540 473 3590 p.
488 3528 512 3576 8.
525 3541 585 3591 sqq.
609 3523 722 3575 Hefl'ter.
739 3520 799 3574 061.
809 3523 845 3574 ad
856 3522 916 3591 Gaj.
935 3537 957 3574 c.
972 3525 1011 3572 18.
1027 3524 1107 3588 p.90.
1118 3536 1177 3589 sqq.
1197 3522 1271 3574 Zim-

25 3624 89 3662 mern
108 3611 160 3666 11.
179 3611 200 3678 §.
212 3611 269 3676 64.)
297 3609 404 3672 Quodsi
425 3610 549 3677 petitoria
565 3609 691 3676 formula
718 3613 793 3660 actor
816 3607 951 3667 utebatur,
970 3605 1170 3662 omissaetiam
1188 3623 1271 3673 spon·

24 3693 91 3746 sione
108 3695 272 3762 simpliciter
289 3695 327 3748 ita
345 3690 557 3750 intendebatis
568 3702 651 3762 parat
667 3711 724 3746 ram
742 3711 774 3744 aa
783 3694 850 3761 jure
873 3691 1016 3749 Qniritium
1027 3707 1178 3745 maumam
1196 3691 1269 3760 ((116.

24 3778 47 3828 in
57 3781 128 3833 Verr.
144 3781 183 3832 11.
198 3784 237 3831 12.
251 3780 312 3847 Gaj.
325 3781 372 3832 lV.
384 3779 404 3846 §.
414 3784 456 3832 41.
474 3777 503 3828 16
520 3779 539 3830 1.
557 3786 584 3830 61
599 3779 676 3845 92.);
695 3782 752 3829 tum
767 3776 940 3830 adversarius
954 3775 988 3828 de
1001 3792 1031 3828 re
1044 3776 1211 3830 defendenda
1221 3776 1271 3830 im-

24 3864 175 3935 plendoque
197 3864 320 3930 judicato
343 3862 502 3926 satisdabat,
525 3879 595 3929 quae
610 3864 762 3938 judicatum
785 3863 852 3914 solvi
867 3861 999 3929 stipulatio
1017 3868 1113 3914 vocata
1130 3851 1272 3928 est'(Gaj.

24 3948 65 4000 lv'.
76 3953 95 4018 §.
106 3956 152 4004 91.
164 3951 196 4002 Ι..
214 3953 253 4001 13.
272 3949 307 4000 D.
316 3949 380 4018 jud.
397 3944 470 3999 solvi.
487 3948 529 4000 cf.
538 3947 707 4013 Ribbentrop
726 3948 773 4000 tl.
791 3949 812 4015 ξ.
824 3953 849 4002 2.
868 3947 1005 4000 Zimmeru
1018 3947 1035 3998 l.
1048 3947 1066 3998 l.
1084 3946 1104 4012 ἓ.
1116 3945 1184 4011 66).
1203 3946 1279 3996 Cao-.

24 4038 103 4086 terum
115 4033 246 4087 bonitarii
258 4032 371 4084 dominii
382 4047 466 4084 causa
477 4032 545 4082 hanc
561 4029 744 4086 introductam
756 4049 815 4084 esse
827 4033 949 4100 litigandi
961 4031 1093 4086 rationem
1108 4031 1197 4097 (quod
1210 4031 1271 4097 qui·

24 4117 79 4170 dem
98 4123 215 4172 affirmat
225 4117 411 4184 Regcnbrccht
424 4118 452 4170 16
467 4116 564 4170 Canem.
575 4117 611 4168 ad
622 4118 653 4169 L.
666 4123 709 4170 36.
726 4119 762 4170 D.
775 4118 806 4168 da
825 4118 883 4188 adq.
902 4137 956 4172 rar.
969 4117 1077 4174 domin,
1096 4130 1176 4181 quem
1187 4113 1269 4166 etiam

25 4209 128 4256 secutus
149 4208 191 4256 661
202 4200 340 4257 Haubold.
357 4203 386 4256 16
404 4201 512 4268 epicrisi
523 4216 589 4252 suae
601 4202 775 4257 Heincceiani
792 4203 883 4268 operis
897 4201 1009 4261 editioni
1024 4201 1138 4267 adjecta,
1149 4215 1176 4264 p.
1185 4199 1271 4264 9611),

25 4285 48 4336 id
66 4289 180 4341 adfatim
193 4289 321 4356 1616111161
337 4287 405 4354 ipsis
420 4291 552 4340 formulae
566 4283 674 4338 verbis:
693 4284 717 4336 61
734 4292 811 4351 paret
827 4304 885 4342 rem
901 4307 934 4340 aa
943 4289 1010 4357 jure
1030 4285 1171 4344 Quiritium
1186 4301 1271 4336 meam

25 4387 87 4426 6666.
105 4373 217 4426 Utiliter
234 4376 325 4426 tanicn
348 4370 634 4442 6116116666611111116
653 4370 693 4422 611
712 4372 806 4424 eadem
831 4373 961 4438 potuisse,
985 4372 1063 4438 cujus
1085 4369 1112 4420 in
1131 4367 1209 4420 66616
1227 4384 1270 4419 res

25 4465 99 4522 essct,
114 4460 175 4526 jam
192 4459 246 4512 alio
265 4458 292 4511 in
311 4463 371 4512 loco
391 4475 409 4510 a
427 4458 505 4510 nobis
522 4457 694 4510 observatum
712 4462 767 4520 ests
786 4457 846 4510 Lib.
859 4460 894 4510 11.
909 4457 961 4510 Tit.
972 4459 993 4510 1.
1009 4457 1031 4522 1,.
1042 4459 1085 4508 28.
1103 4459 1159 4508 not.
1172 4471 1199 4510 x.
1214 4453 1271 4510 161.
1335 4473 1339 4501 2

25 4554 48 4602 p.
63 4546 123 4594 362.
145 4543 185 4596 Cf.
204 4550 230 4595 et
249 4542 418 4612 Ribbcntrop
438 4543 454 4594 1.
468 4543 485 4595 1.
504 4559 530 4608 p.
545 4546 569 4594 3.
586 4542 615 4594 16
633 4549 688 4594 not.
706 4540 792 4594 11111111.

1037 4623 1078 4687 43
