3056 5168
461 385 517 458 lla
542 385 690 461 Οπιοιο
716 387 869 474 donicus.

449 679 549 733 aanor
564 681 642 732 auam
655 687 765 748 pomae
780 682 883 736 cneus.
991 663 995 672 '

121 783 191 846 Ubi
211 780 389 866 placuisset
411 778 541 843 demum
557 779 689 864 judex,
707 789 740 844 et
764 803 784 844 a
806 781 968 846 Praetore
992 789 1079 846 esset
1103 798 1292 849 snnrorusr

36 912 103 953 non
122 891 252 955 licebat
264 887 316 951 illi
332 887 494 972 judicium
510 877 663 972 renuere,
682 888 744 951 nisi
759 889 852 973 justa
869 898 957 952 esset
972 889 1150 952 excusandi
1166 911 1293 955 caussa:

33 999 71 1058 L.
88 1000 121 1059 1.
139 1003 242 1082 prebe.
259 1005 293 1060 et
308 997 337 1078 §.
351 995 382 1058 2.
396 996 435 1058 de
456 997 564 1057 Vacat.
583 1005 614 1059 el
630 1018 736 1059 eacus.
753 1018 839 1059 mua.
860 993 962 1081 'Cujus
983 996 1034 1060 rei
1056 997 1211 1080 exempla
1232 1019 1294 1060 ex-

33 1113 127 1170 stant
141 1104 230 1188 apud
246 1101 440 1168 Suetonium
460 1101 588 1166 aaran
604 1125 630 1165 c.
645 1102 695 1164 15.
712 1112 747 1166 et
761 1103 905 1166 Plinium
920 1105 1034 1188 Epr'stt.
1049 1103 1090 1166 X.
1105 1103 1156 1167 66.
1172 1089 1294 1170 Munus

33 1213 126 1276 enim
142 1209 309 1298 publicum
327 1221 398 1274 erat
419 1209 483 1273 boc
496 1209 671 1295 judicandi
686 1232 778 1292 onus,
795 1231 905 1295 neque
922 1211 1094 1296 quisquam
1115 1211 1199 1278 illud
1214 1221 1292 1296 pot-

33 1331 107 1385 erat
133 1320 205 1382 sine
222 1320 314 1406 justa
332 1339 445 1382 caussa
465 1316 705 1402 subterfugere.
733 1317 833 1382 Unde
856 1325 890 1380 et
911 1317 1022 1401 inscii,
1045 1319 1112 1381 imo
1139 1327 1174 1383 et
1194 1320 1293 1384 inviti

33 1428 107 1492 dari
135 1430 291 1512 poterant
306 1425 453 1511 judices:
474 1425 512 1486 L.
526 1423 577 1488 39.
592 1427 633 1486 1).
649 1426 689 1487 de
703 1425 804 1488 Juda‘c.
824 1424 951 1489 Plinius
968 1425 1081 1508 spistt.
1098 1427 1156 1489 ῙΙῙ.
1171 1427 1222 1490 20.
1251 1428 1291 1490 Ut
1351 1442 1356 1451 “

32 1541 63 1598 tn
79 1536 327 1616 recuperatorio
337 1535 483 1615 judiciis,
507 1537 552 1594 εἰσ
573 1553 630 1594 nos
651 1537 685 1595 ia
706 1532 753 1594 lra'a
775 1535 917 1614 comitiis,
939 1538 1034 1614 quaec·
1050 1527 1292 1596 snrnnrn'ra-

33 1661 236 1713 ranarum,
257 1643 375 1702 sincere·
384 1641 511 1722 judices
523 1639 657 1718 suimus.
687 1637 754 1717 Qui
775 1636 867 1702 locus
895 1660 962 1703 non
985 1636 1032 1702 ita
1053 1640 1292 1726 intelligendus

34 1757 94 1828 est,
112 1770 151 1812 ac
168 1747 194 1809 si
210 1747 352 1812 Praetor
367 1746 409 1810 de
427 1745 549 1826 medio,
565 1767 804 1831 quemcumque
826 1747 1063 1844 libuisset,·pro
1079 1750 1215 1812 arbitrio
1232 1749 1292 1812 ad-

34 1853 270 1941 prehenderit,
286 1854 345 1918 sed
367 1854 458 1939 quod
474 1875 517 1918 ex
538 1854 681 1936 selectis,
698 1875 921 1941 quoscumque
943 1853 1065 1937 vellet,
1083 1855 1181 1920 etiam
1203 1856 1290 1920 invi·

34 1973 88 2027 tos
105 1963 237 2048 judices
257 1963 465 2047 litigantibus
480 1962 560 2027 dare
582 1961 745 2047 potuerit:
768 1961 847 2028 Ger.
863 1960 980 2026 Noodt
993 1963 1033 2025 de
1044 1964 1165 2046 jared.
1185 1973 1217 2026 et
1234 1968 1290 2027 im-

31 2069 212 2152 per.l.18··
332 2057 334 2064 .
529 2051 533 2060 ⁸
1132 2085 1148 2092 “

202 2199 213 2214 ,ι
619 2186 648 2268 ς.
669 2185 700 2246 4,

447 2298 498 2354 Ubi
513 2307 539 2351 ct
556 2317 615 2352 mm
632 2297 725 2370 quibus
733 2299 886 2368 judicarit!

118 2403 226 2466 Porro
242 2403 365 2490 judex,
388 2398 580 2464 maxime'ai
601 2399 689 2464 solus
713 2407 800 2465 esset
815 2400 925 2482 datus,
946 2401 981 2464 in
1003 2399 1175 2464 consilium
1195 2401 1289 2466 adbi-
1368 2443 1373 2454 ·

31 2513 139 2576 bebat
163 2509 291 2595 aliquot
306 2510 442 2591 amicos,
457 2509 513 2574 vel
528 2508 755 2596 jurisperitos,
781 2515 903 2594 etcum
925 2507 975 2571 bis
997 2506 1135 2572 tedebat
1156 2509 1189 2572 in
1212 2513 1288 2574 sub·

31 2618 156 2684 selliis:
179 2617 308 2684 Gellius
326 2619 431 2681 llbctt.
447 2620 540 2682 Attio.
552 2617 606 2678 XI
608 2618 641 2678 V.
654 2615 683 2680 2.
705 2615 805 2681 Unde
821 2614 919 2680 facile
935 2623 1038 2710 patet,
1054 2636 1112 2679 cnr
1127 2615 1207 2680 dicti
1223 2617 1289 2682 sint

30 2742 174 2792 eunicus
191 2741 347 2790 PEDANEI.
369 2725 446 2788 Non
463 2724 549 2788 enim
573 2725 606 2788 in
623 2724 800 2807 tribunali,
820 2734 857 2788 ut
872 2723 1089 2809 magistratus,
1112 2723 1287 2807 sedebant,

30 2834 92 2898 sed
117 2835 153 2896 in
176 2832 357 2916 subselliis,
380 2832 532 2916 adeoque
556 2831 659 2895 veluti
682 2832 724 2894 ad
749 2833 853 2916 pedes
875 2832 1101 2913 Praetoriae).
1132 2832 1287 2898 Ceterum

24 2939 194 3026 judicium
210 2941 244 3003 in
266 2940 339 3004 foro
356 2948 389 3003 et
404 2939 539 3004 comitio
563 2937 792 3019 exercebatur,
809 2959 838 3002 e.
854 2951 885 3024 ς.
902 2939 943 3004 ad
958 2937 1072 3024 puteal
1088 2938 1236 3022 Libonis,
1252 2950 1287 3006 et

27 3050 117 3114 haec
142 3054 215 3111 sunt
237 3051 304 3112 loca
319 3050 528 3131 judicatarum,
555 3065 692 3132 quorum
716 3045 866 3110 meminit
880 3045 1087 3111 Modestinus
1102 3046 1140 3108 L.
1162 3046 1192 3110 6.
1212 3048 1240 3130 §.
1254 3047 1286 3112 2.
1345 3039 1347 3042 ’

26 3161 69 3222 D.
88 3159 130 3220 de
145 3156 245 3218 Judio.
507 3224 511 3230 ¹

620 3273 650 3354 §.
670 3271 702 3332 5.

460 3387 596 3448 Quomodo
613 3387 642 3440 in
659 3385 729 3456 tepea
736 3387 861 3458 jurarit?

117 3489 224 3553 Simul
246 3511 284 3554 ac
306 3489 340 3552 in
363 3488 451 3554 hunc
471 3489 580 3553 locum
602 3509 638 3552 se
663 3487 848 3552 contulerat
863 3487 990 3575 judex,
1008 3486 1116 3577 primo
1139 3484 1283 3552 omnium

17 3599 182 3686 jurabat,
205 3597 347 3681 exlege
369 3617 404 3661 se
420 3597 660 3681 judicaturum,
683 3596 773 3680 cujus
788 3595 1002 3682 jurisjurandi
1025 3594 1193 3659 sollemnis
1215 3594 1284 3656 sor-

24 3705 122 3770 mula
141 3712 226 3768 erat:
242 3721 287 3768 ux
300 3721 401 3767 untur
415 3720 622 3769 suNruN‘rrsz
636 3701 754 3767 Cicero
767 3705 888 3767 Acodd.
903 3705 1043 3781 Quaestt.
1055 3703 1112 3765 IV.
1125 3702 1176 3765 47.
1193 3702 1282 3786 cujus

24 3810 211 3896 vestigium
229 3813 262 3874 in
270 3811 307 3874 L.
317 3809 347 3872 2.
360 3812 388 3892 §.
399 3809 429 3873 2.
446 3811 478 3872 (L
490 3813 528 3873 dc
535 3813 677 3894 Jurejur.
684 3820 786 3894 propt.
803 3813 936 3873 column.
953 3809 1172 3895 deprehendit
1185 3809 1284 3895 (luja-

23 3921 103 3986 cius
128 3918 302 3982 Observare.
317 3921 342 3981 Ι.
356 3918 408 3981 21.
429 3917 451 3980 J
454 3919 568 3981 urabat
585 3941 663 3983 vero
678 3940 766 3983 aram
788 3926 914 4000 tenent,
930 3918 1052 3998 idest,
1069 3919 1183 4000 puteal
1196 3918 1283 3979 Libo-

21 4035 101 4100 πίε,
119 4021 171 4087 'de
195 4046 259 4109 quo
275 4026 345 4110 jam
368 4047 464 4110 supra
480 4026 640 4109 quaedam
664 4027 856 4090 monuimus.
876 4025 976 4091 Unde
993 4025 1111 4089 Cicero
1127 4033 1204 4085 orat.
1221 4045 1282 4104 pro

20 4137 66 4199 L.
88 4131 207 4195 Flacci>
221 4155 246 4195 c.
261 4131 312 4196 36.
333 4135 423 4217 Ergo
440 4136 486 4207 is,
500 4135 564 4206 cui,
579 4137 610 4195 ci
627 4155 716 4196 aram
738 4143 846 4196 tenens
860 4135 1007 4217 juraret,
1026 4131 1166 4195 erederet
1184 4149 1281 4203 nemo,

104 4396 137 4462 e)
156 4393 202 4446 De
218 4391 347 4460 pedaneis
362 4391 502 4461 judicibus
528 4391 624 4461 (Pauli
640 4403 705 4447 scut.
724 4413 777 4449 rec.
795 4395 830 4448 V.
848 4398 890 4450 28.
909 4395 929 4461 ξ.
947 4398 973 4450 6.
996 4395 1029 4448 L.
1046 4398 1071 4448 2
1093 4393 1121 4448 G
1139 4393 1170 4446 da
1184 4391 1281 4462 pedon.

8 4481 146 4554 judicos
154 4477 291 4540 Zimmcm
303 4479 322 4532 l.
334 4479 352 4532 l.
363 4480 384 4547 ξ.
398 4483 438 4532 18.
450 4475 576 4543 Inprimis
589 4483 694 4536 autem:
703 4481 994 4546 Buttmann-Helleni}
1005 4476 1281 4545 Gericlctrucrfcscuny

22 4570 79 4621 des
97 4564 243 4619 mahadan
261 4562 341 4654 Riint.
360 4563 458 4618 Reiclcc
476 4563 496 4630 ξ.
517 4566 557 4616 13.
569 4562 663 4683 'Mitt
1048 4647 1089 4709 47
1242 4597 1247 4607 ·
