3130 5148
228 397 272 447 VI
650 377 820 448 Enrronrs
845 380 1060 450 Pnanrnrro.

228 599 281 642 res
306 578 394 663 ipsas
418 578 757 649 animadversionibus
784 581 848 644 suis
878 580 1049 666 amplexus
1073 592 1141 666 est,
1164 583 1264 648 satius
1286 582 1479 670 plerumque

228 695 372 778 habens,
388 695 528 768 fontium
551 695 813 781 scriptorumque
829 695 922 759 locos
938 695 1135 780 significare,
1152 698 1239 763 nndc
1262 708 1417 784 peterent
1431 701 1481 765 le-,

229 818 357 892 gentes,
373 832 459 893 quae
475 811 509 874 in
524 810 612 874 libro
629 820 738 876 essent
754 812 959 876 emendanda
977 813 1032 878 vel
1049 813 1242 896 supplenda.
1260 815 1381 901 Neque
1398 817 1480 881 illud

230 926 376 1005 dubium,
393 925 471 1010 quin
491 927 633 1010 manime
648 927 735 992 libro
753 927 994 992 commendatio
1011 929 1051 992 ab
1062 929 1235 993 Hauboldi
1252 952 1355 1015 opera
1372 954 1480 995 acces-

229 1041 317 1104 serit.
346 1041 471 1105 Verum
499 1043 667 1107 enimvero
689 1043 775 1108 ultra
798 1043 857 1107 hos
886 1045 967 1108 fines
990 1045 1107 1130 egredi
1132 1065 1238 1108 meum
1262 1067 1332 1110 esse
1358 1050 1480 1132 putavi.

230 1156 411 1220 Tironibus
428 1158 629 1241 potissimum
647 1161 700 1222 bic
722 1157 809 1223 liber
823 1160 962 1244 scriptus
977 1167 1035 1224 est.
1058 1161 1121 1223 His
1136 1163 1286 1225 nimirum
1311 1173 1382 1227 erat
1403 1185 1481 1247 pro-

232 1272 454 1356 spiciendum,
470 1283 506 1338 ut
522 1274 720 1358 praesidium
742 1273 821 1360 ipsis
837 1276 878 1338 ad
901 1270 1013 1340 rrlanus
1028 1285 1133 1359 esset,
1150 1298 1216 1363 quo
1233 1280 1416 1360 uterentur,
1439 1278 1479 1341 ad

230 1409 272 1452 ea
294 1390 527 1474 cognoscenda
547 1390 779 1475 antiquitatum
798 1391 1022 1456 Romanarum
1046 1393 1171 1477 capita,
1190 1414 1276 1476 quae
1299 1414 1365 1456 non
1384 1392 1481 1476 igno·
1541 1465 1544 1478 Ι

229 1525 302 1568 rare
313 1504 397 1590 juris
413 1506 590 1573 studiosum
608 1505 722 1596 utique
739 1514 883 1592 oportet
905 1507 1013 1592 lgitur
1029 1516 1155 1598 gratum
1171 1529 1223 1572 me
1236 1507 1303 1572 illis
1321 1509 1479 1574 facturum

227 1643 301 1684 asse
320 1621 524 1701 existimavi,
540 1622 566 1685 si
584 1644 651 1686 non
668 1623 766 1686 modo
787 1622 954 1706 copiarum
970 1624 1187 1708 petendarum
1205 1624 1315 1688 sontes
1338 1623 1385 1688 eis
1401 1645 1481 1709 ape-

227 1736 338 1822 rirem,
353 1757 465 1800 verum
483 1738 581 1805 etiam
597 1739 631 1802 in
649 1757 690 1830 eo
707 1736 924 1822 elaborarem,
937 1746 972 1802 nt
990 1761 1032 1802 ex
1045 1739 1117 1823 ipso
1130 1737 1219 1804 libro
1235 1740 1390 1826 cognosci
1403 1762 1481 1826 pos-

229 1861 302 1920 sent
318 1862 418 1938 atque
434 1852 555 1936 edisci,
578 1875 663 1939 quae
683 1863 834 1938 tempora
856 1853 1042 1939 postulare,
1065 1875 1217 1939 quaeque
1234 1856 1316 1920 scitu
1339 1846 1481 1920 maxime

230 1968 332 2054 digna
351 1977 452 2054 atque
461 1970 623 2054 juvenum
639 1971 750 2054 captui
766 1969 1013 2036 accommodata
1029 1991 1099 2034 esse
1115 1970 1316 2036 viderentur.

311 2084 489 2150 Delectum
509 2061 617 2148 autem
639 2067 828 2150 habendum
856 2107 928 2150 esse
950 2086 1063 2149 censui
1090 2109 1199 2150 rerum
1226 2087 1262 2150 in
1285 2085 1398 2170 primis
1418 2085 1484 2150 uti-

227 2198 307 2264 lium
325 2208 359 2265 et
375 2221 441 2265 non
460 2199 635 2266 admodum
652 2203 918 2267 necessariarum.
935 2201 1019 2266 Nam
1035 2201 1118 2266 licet
1133 2210 1205 2266 tota
1220 2201 1400 2288 antiquitas
1415 2203 1483 2266 fru-

225 2324 341 2380 ctuosa
363 2316 403 2393 sit
412 2315 496 2400 juris
507 2317 613 2382 civilis
625 2319 784 2402 studioso,
799 2339 861 2381 nec
874 2316 941 2381 ulla
958 2318 1027 2402 ejus
1039 2340 1114 2402 pars
1125 2339 1255 2402 prorsus
1270 2316 1483 2403 negligenda,

227 2439 336 2498 tamen
357 2432 441 2518 juris
463 2432 585 2516 privati
607 2435 723 2520 reique
740 2433 939 2520 judiciariae
963 2433 1100 2498 historia
1124 2434 1297 2518 plurimum
1327 2433 1418 2498 valet
1440 2433 1483 2497 ad

225 2548 453 2612 illustrandum
469 2548 525 2632 jus
542 2549 640 2624 civile
662 2550 757 2631 illud,
773 2550 864 2634 cujus
886 2547 1096 2634 perdiscendi
1113 2571 1210 2616 causa
1233 2546 1347 2633 adpeti
1371 2548 1483 2614 solent

227 2664 441 2748 antiquitates
454 2663 637 2730 Romanae.
657 2667 748 2730 Huic
764 2667 878 2750 itaque
899 2664 1057 2730 historiae
1072 2665 1158 2748 juris
1176 2665 1264 2748 parti
1281 2663 1483 2749 prolixiores

138 2850 144 2865 -.
227 2779 431 2851 adhibendas
448 2801 519 2844 esse
535 2782 648 2845 censui
664 2780 975 2860 animadversiones,
985 2801 1048 2843 nec
1064 2780 1243 2865 quidquam
1260 2800 1385 2861 eorum,
1396 2799 1483 2864 quae

226 2897 291 2962 buc
319 2889 641 2981 spectant,'pror'sus
671 2896 845 2986 praeteriri
875 2894 1009 2960 silentio
1031 2917 1143 2980 passus
1171 2916 1250 2958 sum.
1282 2896 1330 2960 At
1353 2897 1484 2980 parcius

228 3013 283 3098 egi
297 3009 332 3074 in
346 3013 553 3096 exponendis
574 3012 795 3096 notandisque
810 3008 912 3093 locis,
927 3031 1014 3096 quae
1030 3013 1064 3073 in
1084 3012 1161 3096 jure
1176 3010 1401 3074 Romanorum
1417 3033 1484 3094 pu-

227 3127 316 3192 blico
331 3127 530 3213 explicando
542 3128 745 3212 potissimum
758 3136 939 3209 versantur,
955 3127 989 3192 in
1008 3149 1106 3212 quem
1118 3125 1253 3212 quidem
1268 3125 1483 3190 vastissimum

230 3265 378 3329 campum
398 3244 542 3316 crebrius
563 3242 761 3326 longiusque
777 3242 981 3308 Heineccius
1000 3262 1131 3327 semper
1146 3242 1226 3308 mibi
1246 3241 1331 3306 visus
1347 3240 1411 3304 fuit
1424 3261 1486 3304 ex-

226 3380 377 3440 currere,
394 3382 490 3445 quam
510 3367 596 3424 esset
611 3358 721 3442 operis
743 3358 800 3447 fini
816 3360 904 3423 satis.

309 3476 389 3540 Mea
407 3483 518 3540 tamen
540 3495 598 3558 spe
621 3481 656 3536 et
678 3473 836 3557 opinione
859 3474 954 3558 plura
976 3474 1070 3539 suere
1086 3471 1284 3557 corrigenda
1303 3477 1404 3556 atque
1424 3472 1486 3536 ad-

228 3589 355 3666 denda;
368 3590 456 3655 unde
473 3591 572 3654 etiam
583 3588 706 3653 factum
723 3597 784 3670 est,
796 3595 832 3653 ut
847 3590 950 3654 multo
966 3591 1078 3667 serius,
1094 3611 1190 3674 quam
1203 3597 1485 3672 exspectaveram,
1546 3675 1553 3682 ι

226 3728 314 3772 nova
328 3683 419 3768 haec¹
430 3705 509 3768 libri
526 3705 630 3770 editio
642 3704 802 3790 prodiret.
817 3707 861 3768 Et
877 3727 957 3769 vero
971 3705 1178 3790 plerumque,
1197 3723 1283 3789 quae
1299 3702 1486 3786 supplenda

228 3819 501 3904 emendandaque
517 3821 596 3884 mibi
611 3822 681 3886 visa
697 3830 782 3904 sunt,
798 3821 896 3905 notis,
914 3822 956 3886 ad
970 3821 1068 3885 imum
1092 3820 1285 3904 paginarum
1303 3819 1485 3903 marginem

227 3936 406 4021 appositis,
434 3936 677 4013 commendavi3
708 3957 952 4022 nonnumquam
980 3943 1036 4002 aut
1068 3936 1215 4022 integras
1241 3933 1329 4016 libro
1354 3933 1486 3997 intexui

227 4052 266 4134 §§
275 4051 359 4135 phos
372 4052 423 4132 ¹¹),
439 4059 496 4115 aut
510 4053 754 4118 Heineccianas
770 4051 826 4116 vel
843 4053 1075 4117 transformavi
1088 4053 1160 4134 ⁸⁸),
1177 4049 1233 4115 vel
1251 4048 1486 4114 additamentis

278 4267 310 4337 ⁸)
330 4271 368 4323 Ut
385 4273 431 4324 Pr.
449 4273 470 4340 ἕ.
488 4277 530 4328 24.
542 4274 603 4326 Lib.
622 4275 644 4326 Ι.
664 4275 717 4328 Tit.
730 4276 766 4327 11.
784 4275 805 4342 ς.
824 4280 846 4326 1.
866 4279 893 4325 ct
911 4277 975 4340 post
992 4270 1044 4323 Tit.
1064 4271 1132 4323 XII.
1151 4271 1257 4322 locam:
1277 4271 1308 4322 dc
1327 4269 1375 4329 Iria,
1393 4269 1441 4338 qui
1457 4270 1487 4320 in

225 4355 356 4422 mancipio
374 4365 434 4408 suat
454 4355 496 4423 (p.
511 4362 568 4410 159.
582 4359 669 4426 sqq).
687 4360 747 4411 Lib.
760 4359 796 4410 ΙΙ.
815 4358 867 4410 Tit.
885 4357 935 4408 VI.
949 4357 969 4423 ξ.
986 4361 1026 4407 11.
1045 4355 1103 4408 Lib.
1120 4356 1168 4408 lV.
1184 4355 1237 4407 Tit.
1256 4355 1305 4406 VI.
1321 4354 1343 4420 §.
1359 4357 1485 4405 23-27.

226 4439 280 4492 rit.
299 4441 381 4494 XIII.
400 4443 482 4494 XIV.
497 4443 520 4509 ξ.
538 4447 564 4495 3.
583 4449 611 4495 et
627 4447 652 4497 7.
670 4442 723 4494 'ris
743 4442 809 4493 XV.
826 4443 847 4508 ς.
864 4446 889 4494 6.
908 4439 961 4494 rit.
981 4441 1062 4492 XVI.
1080 4441 1101 4508 5.
1116 4444 1141 4492 5.
1159 4444 1186 4490 et
1203 4444 1229 4492 7.

262 4523 310 4594 ”)
334 4524 397 4580 vid.
412 4528 460 4580 Pr.
472 4528 494 4594 ξ.
506 4532 532 4582 5.
541 4527 603 4580 Lib.
618 4529 640 4580 1.
653 4524 706 4580 Tit.
716 4527 752 4579 11.
762 4527 783 4592 ξ.
795 4529 834 4578 10.
847 4526 868 4592 ξ.
883 4530 923 4578 15.
938 4527 959 4593 ξ.
968 4529 1012 4578 25.
1022 4525 1082 4578 Lib.
1094 4526 1145 4578 111.
1156 4523 1209 4578 Tit.
1220 4523 1305 4578 XXI.
1316 4522 1420 4590 (XX.)
1429 4521 1451 4588 ξ.
1459 4526 1487 4574 4.
