3040 5164
212 395 284 460 368
664 389 740 454 Lm.
765 388 810 454 ll.
835 387 915 454 Tm.
939 387 1000 456 lll.

212 575 247 630 et
267 570 301 626 L.
323 564 375 627 16.
397 565 426 646 §-
450 564 480 626 1.
501 567 544 628 D.
570 565 610 626 do
636 565 703 626 Usu
725 573 758 626 ot
774 566 903 626 dabitat.
927 564 1074 648 itemque
1090 565 1179 648 apud
1207 564 1380 628 Gruterum
1402 567 1448 626 ln·
1511 585 1512 604 ¹

211 678 331 755 scripte.
340 695 375 754 p.
390 673 572 734 DCXXIV.
587 694 618 734 n.
632 671 683 734 10.
704 672 811 735 Porro
834 673 974 735 ambitus
993 671 1049 735 isti
1065 671 1242 736 insularum
1266 672 1449 736 dicebantur

212 785 407 863 angiportus.
435 780 480 841 Et
503 779 582 864 quia
607 801 668 865 per
696 780 772 844 illos
796 780 987 864 compendii
1009 801 1122 843 caussa
1144 780 1186 843 iri
1212 781 1359 860 solebat,
1381 781 1449 841 binc
1511 799 1512 824 ³

211 889 312 950 Festo
334 887 528 970 angiportus
550 895 600 949 est
613 893 682 975 ,iter
704 889 966 970 conpendiariam
988 893 1021 950 tn
1040 891 1158 970 opprilo.
1180 887 1275 950 Nihil
1295 887 1447 950 tamenin
1511 891 1512 946 l

211 996 278 1059 illis
294 995 350 1077 agi
371 1003 517 1079 poterat:
533 995 643 1058 Varro
659 997 699 1056 de
715 999 841 1076 Lingua
855 997 926 1056 Lot.
947 995 983 1055 V.
997 1017 1032 1076 p.
1045 995 1097 1057 37.
1111 996 1178 1057 imo
1194 1017 1237 1058 ne
1258 997 1366 1080 pervii
1386 995 1450 1079 qui·
1511 1049 1512 1052 ,

212 1103 286 1166 dem
312 1122 442 1185 semper
464 1109 573 1182 erant,
598 1110 635 1165 ut
658 1124 702 1164 ex
724 1102 861 1166 Terent
878 1104 1012 1182 Adclplr.
1034 1103 1093 1163 IV.
1113 1103 1144 1164 2.
1165 1111 1267 1187 patet
1289 1104 1358 1166 Sed
1379 1103 1448 1165 baec
1511 1127 1512 1162 t

213 1211 400 1294 angiporta,
417 1217 453 1272 ut
469 1209 554 1291 dixi,
570 1209 696 1272 rariora
712 1217 822 1290 erant,
836 1217 1011 1293 postquam
1027 1218 1123 1273 aucta
1139 1213 1221 1274 urbe
1234 1233 1349 1275 omnes
1363 1233 1448 1273 areae
1511 1215 1512 1230 ²

212 1317 371 1394 aediliciis
384 1319 648 1399 occupabantur.
670 1317 759 1380 Hinc
783 1323 850 1397 est,
867 1317 958 1401 quod
973 1316 1103 1381 Seneca
1120 1320 1264 1381 Contrua.
1279 1321 1322 1379 ll.
1333 1319 1365 1380 9.
1383 1340 1449 1380 con-

213 1424 360 1508 queritur
366 1432 474 1486 tantas
485 1445 544 1486 suo
554 1432 703 1508 tempore
706 1425 813 1501 surbac
824 1428 948 1486 osorum
962 1431 1139 1506 angustias,
1153 1436 1190 1487 ut
1203 1429 1450 1507 modenam

212 1538 314 1613 r'gnern
336 1533 543 1612 praestitiam,
571 1553 672 1613 neque
698 1553 735 1592 ex
754 1535 856 1592 ruinis
878 1535 977 1593 ullum
999 1535 1095 1594 ullam
1112 1538 1146 1594 in
1162 1543 1290 1614 partem
1312 1537 1446 1617 effugiunt

203 1641 318 1718 suerit.
330 1637 434 1723 [Add.
450 1638 603 1702 Juvenal.
616 1639 684 1702 Soc.
694 1640 754 1698 ΙΙΙ.
763 1660 791 1699 o.
802 1637 891 1723 268]
902 1641 955 1701 Ex
969 1661 1035 1724 quo
1051 1662 1132 1724 ergo
1147 1642 1281 1725 propius
1299 1642 1362 1704 sibi
1376 1643 1448 1704 inri-

213 1768 283 1810 cem
295 1746 395 1830 jungi
406 1755 587 1829 coeperant
605 1746 721 1810 aedes:
744 1747 918 1811 servitutes
930 1748 1011 1810 illae
1032 1758 1098 1812 tum
1117 1749 1228 1812 oneris
1240 1750 1381 1830 ferendi,
1392 1759 1445 1814 turn

213 1854 413 1917 immittendi
431 1854 534 1936 tigna,
552 1855 587 1916 in
604 1877 662 1916 usu
681 1875 752 1916 esse
770 1865 970 1938 coeperunt,
988 1857 1030 1919 ad
1047 1857 1083 1919 id
1100 1859 1225 1943 quippe
1241 1871 1444 1942 comparatae,

213 1968 249 2023 ut
264 1981 413 2023 arearum
427 1962 567 2044 spatium
580 1960 825 2041 lucrifacerent,
838 1964 929 2046 quod
940 1965 1034 2027 noris
1047 1966 1157 2046 muris,
1172 1965 1331 2028 columnis
1342 1987 1374 2027 ac
1390 1987 1443 2048 pa-

213 2068 349 2130 rietibus
373 2069 580 2131 exstruendis
597 2070 823 2153 occupandum
842 2071 965 2134 finisset.
987 2072 1116 2136 Primus
1132 2073 1224 2136 Nero
1242 2083 1383 2136 veterem
1398 2095 1447 2135 ae-

214 2175 368 2238 dificandi
391 2197 514 2238 morem
537 2167 699 2259 restituit,
714 2179 970 2263 constituitque,
986 2189 1022 2242 ut
1040 2181 1335 2243 ne'communione
1353 2181 1447 2264 paric-

214 2291 297 2364 tum,
319 2283 378 2347 sed
396 2284 538 2368 propriis
564 2305 716 2372 quaeque
739 2285 852 2348 domus
873 2287 986 2368 muris,
1017 2289 1235 2351 ambirentur:
1259 2273 1366 2351 Tacit
1390 2292 1449 2350 An·

142 2381 146 2390 ¹
213 2395 276 2453 nol.
293 2393 332 2453 X
331 2393 366 2452 V.
385 2392 436 2455 43.
459 2393 584 2454 Postea
604 2392 794 2456 Antoninus
821 2404 855 2456 et
873 2395 980 2457 Verus
997 2394 1142 2479 Augusti
1162 2396 1411 2478 rescripserim,
1423 2401 1447 2456 io

212 2520 299 2572 oreo,
317 2521 398 2580 quoe
415 2502 499 2560 nulli
511 2505 689 2562 servitutem
704 2503 800 2575 debet,
812 2523 905 2582 posse
919 2503 1077 2564 dommum
1092 2505 1142 2566 ool
1155 2507 1251 2565 allum
1272 2508 1342 2585 ejus
1356 2507 1448 2566 volon-

213 2614 278 2666 tate
299 2609 482 2685 aedificare,
497 2610 671 2669 intermisso
690 2611 825 2690 legitimo
840 2615 940 2689 spolio
961 2631 981 2670 o
995 2615 1097 2672 or'cr'na
1115 2613 1238 2672 incolo.-
1253 2617 1287 2672 L.
1301 2611 1353 2671 14.
1370 2614 1406 2672 1).
1418 2612 1446 2670 de

213 2713 327 2773 Seroit.
344 2714 410 2773 orb.
421 2715 532 2794 proed.
548 2713 700 2797 adeoque
721 2735 820 2778 exeo
836 2724 986 2800 tempore
1004 2717 1113 2779 denuo
1130 2719 1230 2781 aedes
1248 2719 1311 2781 sibi
1329 2718 1447 2803 propius

207 2821 305 2904 jungi
324 2829 516 2903 coeperunt,
537 2824 767 2907 communique
785 2825 913 2906 pariete
931 2825 1097 2906 concludi,
1113 2827 1160 2888 ita
1181 2835 1303 2908 tamen,
1320 2833 1357 2889 ut
1375 2827 1450 2888 insu-

212 2927 315 2988 larum
339 2936 490 2991 maneret
504 2930 666 2992 circuitus.
687 2931 843 3015 Denique
864 2942 897 2995 et
917 2933 1152 2996 Constantinus
1168 2935 1214 2996 M.
1234 2943 1269 2997 et
1286 2943 1449 3018 sequentes

213 3034 435 3118 Imperatores
457 3038 746 3102 constitutionibus
769 3040 962 3122 quibusdam
990 3041 1128 3104 delinire
1145 3051 1341 3126 coeperunt,
1360 3065 1450 3125 quan·

212 3149 279 3202 tum
300 3142 400 3205 aedes
421 3145 570 3228 privatae
592 3147 633 3208 ab
649 3147 788 3228 horren,
806 3156 962 3230 quantum
982 3173 1002 3212 a
1019 3149 1096 3213 loco
1115 3151 1250 3234 publico
1269 3152 1384 3214 abesse
1402 3151 1450 3212 de-

213 3251 346 3313 berent:
361 3256 396 3311 L.
411 3253 441 3314 4.
457 3264 492 3315 et
506 3258 541 3314 L.
556 3254 607 3315 46.
626 3256 698 3316 Cod.
718 3256 828 3316 meod.
845 3257 884 3316 de
901 3257 995 3338 Oper.
1006 3261 1090 3338 publ.
1105 3263 1141 3320 L.
1156 3260 1186 3321 9.
1204 3267 1239 3322 et
1255 3260 1295 3322 Ι..
1310 3259 1361 3321 11.
1378 3257 1447 3319 ude

212 3360 374 3436 Aedificiis
392 3365 508 3442 privat.
529 3361 707 3424 Addantur
725 3362 987 3426 Barn.¹Brisson.
1006 3367 1137 3448 Antiqo.
1160 3367 1270 3429 Select.
1294 3369 1321 3429 I.
1340 3367 1369 3429 2.
1384 3363 1447 3448 pl·

186 3459 191 3468 ¹
214 3465 325 3548 Cujac.
345 3469 489 3530 Observa.
505 3472 529 3530 I.
544 3469 574 3531 4.
584 3491 617 3550 p.
632 3469 662 3533 3.

800 3612 829 3692 §-
848 3615 878 3673 5.

603 3726 746 3778 Servitutes
763 3727 889 3780 stillicidii
905 3738 931 3780 et
938 3729 1069 3799 fluminis.

296 3824 478 3889 Servitutes
497 3843 693 3890 snrnnlcrnu
716 3838 749 3891 ct
769 3846 931 3892 nnunuuls
951 3852 1057 3915 aquae
1080 3830 1213 3914 pluviae
1234 3853 1350 3895 caussa
1372 3835 1453 3893 crant

154 3973 159 3982 ·
213 3934 422 3997 constitutae.
438 3933 632 3998 Tenebatur
644 3938 729 3998 enim
746 3936 871 4000 vicinus
881 3938 1099 4020 aquamistam
1113 3938 1319 4002 velinvicini
1334 3938 1452 4000 hortum

212 4132 323 4197 publico
340 4137 387 4184 aut
405 4131 512 4197 privato
534 4132 686 4198 cinguntur.
713 4137 750 4188 At
772 4135 966 4201 imperatorum
989 4141 1076 4186 aetate
1094 4135 1147 4187 ulia
1171 4135 1303 4201 paulatim
1326 4131 1452 4200 subrepsit

212 4217 383 4282 significatio,
395 4217 544 4283 impropria
561 4218 608 4271 illa
620 4219 730 4286 quidem
745 4226 827 4287 atque
844 4220 879 4272 ab
897 4211 1033 4288 ea‚q1iam
1050 4219 1133 4271 modo
1146 4220 1309 4285 descriptam
1328 4221 1452 4278 dedimus,

212 4307 271 4366 toto
286 4304 363 4354 coelo
381 4301 496 4356 diversa.
515 4306 607 4356 Insula
621 4304 719 4356 etenim
739 4305 812 4357 dicta
829 4312 871 4358 est
889 4307 996 4370 domus,
1019 4307 1049 4358 in
1066 4321 1122 4373 qua
1144 4307 1235 4370 plnres
1253 4305 1405 4358 inhabitant
1420 4305 1451 4355 fa·

212 4386 310 4440 miliae.
330 4387 408 4454 (Vid.
426 4388 567 4440 Hauboldi
586 4389 702 4442 Exarsit.
730 4389 828 4442 Vitruo.
846 4393 893 4457 Sp.
910 4396 936 4444 3.
953 4392 982 4443 in
997 4406 1091 4456 opusc.
1109 4391 1145 4440 II.
1164 4405 1191 4454 p.
1203 4393 1263 4443 440.
1275 4395 1335 4443 441.
1354 4396 1381 4442 et
1394 4391 1451 4442 For·

212 4471 301 4524 cellini
313 4482 364 4524 tot.
382 4475 470 4525 Latia
486 4475 576 4525 lexic.
594 4475 619 4524 b.
636 4475 687 4538 u).
710 4475 861 4542 Utramue
881 4476 923 4528 hic
941 4476 1082 4527 contundit
1100 4473 1324 4538 significationem
1343 4475 1450 4526 Heium-

213 4553 279 4606 cius.
298 4557 385 4610 Miilrl.
1061 4589 1063 4592 ·
