3056 5154
352 389 408 460 m
431 389 668 460 nmmum
692 367 1002 464 ommium.
1233 403 1307 470 663

634 567 664 648 fi.
684 567 716 630 L

219 749 222 754 Ι
340 679 470 750 Obligati·
488 679 638 736 marm
656 683 711 736 ctio
728 685 845 754 entim
864 683 918 738 alie
935 701 1014 738 scca.

137 800 233 870 Olim,
249 797 358 882 inquit
372 797 568 880 Imperator,
582 801 684 878 princ.
702 801 780 862 inst.
795 801 824 860 b.
839 807 860 860 t.
876 805 1067 862 scurnum
1071 803 1176 882 flebat
1189 805 1305 886 obliga-

37 911 96 978 tio,
121 927 205 986 qaae
219 923 423 966 sommus
437 908 522 985 fieri
536 905 709 980 dicebatur,
733 927 814 987 qaae
836 912 963 968 nomiae
984 909 1153 982 laodicaeae
1177 919 1253 972 scat
1273 915 1306 972 in

36 1033 119 1072 usu.
142 1009 252 1086 Quum
281 1030 361 1094 ergo
383 1011 455 1093 ipse
477 1010 665 1094 Imperator
686 1011 861 1095 largiatur,
886 1012 984 1074 aliam
1008 1012 1103 1093 olim,
1128 1036 1224 1097 quam
1247 1039 1305 1081 suo

38 1139 135 1180 aevo
144 1135 162 1198 ,·
176 1117 210 1180 iu
234 1138 292 1181 usu
314 1117 414 1180 fuisse
436 1117 620 1181 litterarum
644 1119 905 1202 obligationem,
929 1140 1068 1204 eamque
1090 1119 1211 1187 factam
1234 1143 1305 1186 esse

39 1223 240 1288 nominibus
260 1224 396 1288 doceat:
430 1223 661 1308 inquirendum
686 1226 767 1308 erit,
794 1225 906 1312 qualia
929 1225 990 1290 illa
1011 1226 1135 1291 fuerint
1159 1247 1305 1312 Nomius,

39 1352 206 1416 quaeque
221 1331 299 1394 inde
315 1339 394 1396 nata
408 1331 451 1392 sit
465 1330 651 1414 obligatio?

635 1482 664 1562 §-
684 1480 715 1543 s.

274 1597 417 1666 Antiquam
434 1598 556 1668 plerique
574 1599 788 1666 interpretentur
806 1599 837 1650 dc
855 1599 964 1666 expensi
981 1599 1086 1653 latione.

133 1715 332 1780 Noummus
351 1714 430 1777 olim
453 1716 572 1780 iactam
590 1686 829 1800 obligationem
853 1708 1054 1797 litterarum,
1072 1717 1170 1782 etiam
1188 1717 1306 1784 Cicero

42 1825 92 1885 cd
111 1825 251 1886 Atticum
269 1823 383 1904 Epiett.
397 1823 455 1884 IV.
473 1821 523 1885 18.
540 1824 724 1903 confirmat,
745 1822 801 1886 ubi
818 1823 860 1886 de
883 1825 971 1907 turpi
986 1825 1142 1907 pactione
1159 1825 1307 1890 Memmii

44 1939 80 1992 et
103 1928 250 1992 Calvini:
266 1929 357 1990 Haec
366 1935 481 2012 pactio,
496 1930 614 2014 inquit,
630 1952 692 1993 non
710 1933 819 2004 verbis,
836 1931 893 1993 sed
901 1951 1113 2006 nourrreus,
1128 1942 1160 1994 et
1168 1939 1307 2014 perscri-

40 2037 221 2120 ptionibus,
237 2035 405 2097 multorum
419 2037 531 2098 tabulis
550 2057 645 2117 quam
661 2059 729 2099 esse
741 2039 836 2115 sacia
853 2039 1018 2110 ds'ceretur,
1029 2041 1158 2119 prolata
1173 2059 1193 2100 c
1209 2041 1308 2102 Mem·
1413 2083 1416 2090 .

45 2149 113 2204 mio
130 2151 176 2204 est
197 2143 529 2214 nominibus'inductis,
548 2153 675 2204 auctore
690 2145 848 2224 Pompejo.
871 2141 938 2206 Sed
955 2141 1064 2226 qualia
1084 2143 1142 2207 illa
1157 2145 1313 2233 nominat

45 2251 254 2334 Plerumque
269 2249 355 2312 huno
376 2255 578 2312 contractum
596 2247 750 2312 doctores
765 2249 929 2331 accipiunt
946 2249 988 2310 de
1005 2247 1104 2310 modo
1120 2249 1232 2334 aliquo
1248 2275 1308 2334 pe·
1413 2307 1420 2314 .

48 2358 171 2421 cuniae
187 2357 242 2419 vel
265 2355 470 2437 credendae,
486 2355 542 2418 vel
558 2357 716 2419 creditam
740 2354 948 2438 probandae,
966 2352 1080 2440 quales
1097 2365 1191 2419 erant
1207 2359 1308 2420 adnu-

40 2447 200 2536 -merctcb,
224 2469 359 2546 expensi
375 2467 466 2537 tatic,
493 2464 669 2544 stipulatio,
694 2464 736 2525 de
765 2463 882 2546 quibus
906 2461 1024 2524 Cicero
1049 2482 1111 2544 pro
1140 2463 1175 2540 Q.
1197 2463 1308 2526 Roscio

52 2573 207 2633 Comoedo
222 2592 247 2632 c.
262 2573 290 2630 4.
308 2571 424 2654 quibus
446 2592 573 2632 mensae
589 2576 735 2644 rationes,
750 2569 955 2652 chirographi
972 2570 1201 2642 exhibitionem,
1218 2571 1308 2632 tribu-

49 2682 160 2740 larum
175 2679 435 2758 obsignatione-m,
452 2683 577 2739 testeiam
599 2681 848 2740 intercessionem
864 2677 957 2740 addit
973 2673 1102 2740 Gellius
1117 2677 1221 2738 Nocti.
1240 2681 1308 2741 Aa.

51 2783 145 2844 XIV.
158 2783 191 2844 2.
213 2783 357 2864 Espensi
367 2786 451 2855 latio,
466 2804 550 2867 qnae
566 2783 727 2845 Salmasio
749 2786 888 2847 maxime
905 2785 968 2845 hnc
984 2785 1150 2866 pertinere
1168 2781 1309 2870 videtur,

51 2898 127 2954 erat
144 2890 265 2974 scripta
280 2889 442 2973 professio
454 2890 553 2952 datae
569 2889 747 2972 pecuniae:
762 2891 883 2953 Ascon.
899 2891 1066 2952 Pedianus
1081 2893 1114 2951 in
1131 2889 1259 2952 Verrem
1270 2892 1309 2952 de
1350 2914 1356 2926 ¹

52 2983 223 3058 Praetura
239 2997 307 3057 urb.
327 2996 457 3082 [*L.1.
475 3018 501 3058 e.
518 2995 569 3058 39.
583 3018 617 3077 p.
634 2995 685 3056 97.
706 2999 753 3059 ed.
767 2997 804 3058 L.
820 2996 886 3082 la]
908 2997 999 3058 Fieri
1020 2996 1150 3060 solebat
1165 3019 1227 3081 per
1247 3019 1310 3060 no-

52 3105 160 3184 mina,
178 3123 264 3188 quae
280 3103 425 3166 creditor
440 3103 495 3166 vel
511 3104 703 3165 foenerator
718 3103 751 3165 in
766 3103 894 3167 tabulas
910 3101 1038 3186 ac'cepti
1054 3113 1088 3166 et
1105 3104 1242 3186 expensi
1258 3104 1309 3165 in-

53 3211 240 3292 scribebat,
266 3209 368 3294 idque
390 3220 565 3293 praesente
591 3209 763 3290 debitore,
788 3209 903 3294 quiet
928 3209 998 3292 ipse
1021 3211 1055 3272 in
1077 3208 1206 3272 tabulas
1236 3229 1308 3270 suas

52 3317 236 3398 referebat,
253 3324 409 3400 quantum
425 3317 573 3380 deberet.
597 3317 692 3395 Quae
706 3315 839 3380 tabulae
855 3314 1005 3400 prolatae
1020 3311 1193 3398 injudicio
1209 3313 1308 3376 fidem

53 3428 225 3490 faciebant
241 3425 364 3488 debiti:
380 3423 498 3488 Cicero
509 3447 572 3509 pro
593 3427 628 3502 Q.
642 3427 753 3488 Roscio
770 3423 918 3486 Comoedo
931 3445 956 3486 c.
972 3423 1000 3484 4.
1023 3423 1077 3486 De
1093 3421 1153 3484 hac
1171 3419 1309 3504 expensi

54 3535 196 3614 latione,
208 3552 348 3595 necnon
364 3533 550 3596 nominibus
564 3553 626 3617 per
636 3532 827 3616 scripturam
843 3551 975 3593 mensae
991 3530 1199 3614 argentariae
1216 3529 1310 3612 plura

53 3643 160 3704 habet
175 3639 273 3702 Barn.
288 3637 472 3702 Brissonius
492 3642 531 3702 de
542 3643 639 3722 sorm.
659 3639 725 3700 Lib.
751 3639 803 3701 VI.
819 3661 852 3721 p.
871 3637 942 3700 356.
967 3637 1144 3700 Salmasius
1161 3637 1200 3698 de
1221 3656 1311 3698 usar.

55 3771 82 3810 c.
98 3747 129 3810 6.
148 3745 248 3810 et17.
269 3756 303 3809 et
322 3745 361 3806 de
379 3747 467 3808 modo
484 3768 612 3810 asarar.
628 3767 653 3808 c.
666 3745 759 3827 11.p.
775 3745 845 3810 473.
860 3768 904 3828 sq.
925 3743 965 3806 ln
988 3743 1051 3808 hoe
1074 3766 1155 3829 ergo
1180 3749 1309 3806 contra-

55 3960 187 4012 diffitetur
204 3959 299 4026 chus,
317 3959 457 4012 literarum
469 3960 662 4026 obligationem
680 3960 741 4029 fieri,
757 3960 838 4012 etiam
855 3975 937 4025 posse
949 3957 1136 4026 chirogmphis
1153 3965 1180 4012 et
1197 3973 1311 4026 syngra-
1362 3995 1364 3999 ,

55 4045 129 4110 ptris,
152 4044 170 4094 i.
183 4061 206 4096 e.
232 4042 255 4094 ei
273 4045 336 4112 quit
361 4044 459 4096 debere
484 4059 523 4108 se,
541 4051 589 4097 aut
612 4047 748 4109 datarum,
774 4044 891 4106 scribat,
917 4041 980 4096 licet
997 4044 1051 4095 atie
1069 4042 1208 4108 obligandi
1227 4055 1311 4092 causa

58 4132 151 4198 (velut
170 4129 326 4196 stipulatio)
345 4145 400 4183 aas
419 4129 540 4190 secema
566 4129 639 4181 idem
656 4135 746 4182 tamen
764 4128 873 4195 adjicit:
901 4127 1003 4195 „quad
1022 4141 1108 4192 gum
1135 4125 1310 4192 obligationis
1404 4177 1408 4184 ,

12 4221 16 4236 ·
56 4213 202 4280 proprium
219 4212 425 4280 peregrinorum
442 4213 506 4268 eat''
527 4214 660 4281 (§.·l34).
683 4215 763 4267 Unde
788 4213 884 4268 merito
902 4210 1052 4272 dubitatae,
1070 4225 1105 4262 an
1123 4209 1166 4262 his
1183 4209 1313 4274 temporie

57 4301 110 4352 bue
129 4300 235 4354 Romae
250 4313 283 4348 ea
296 4298 435 4364 obligandi
450 4315 533 4352 cansa
550 4298 706 4351 obtinuerit.
726 4298 847 4351 Dissent.
866 4302 958 4348 tamen
970 4293 1148 4347 Wunderlioh
1166 4293 1226 4344 dics.
1241 4292 1313 4344 laud.

58 4402 84 4450 p.
104 4389 150 4438 52·
165 4399 227 4451 sqq.
254 4382 318 4436 Vid.
345 4388 372 4435 et
397 4383 469 4439 inira
484 4387 549 4436 not.
570 4385 596 4435 h.
616 4384 652 4436 ed
672 4386 733 4448 §.a
746 4409 779 4422 -
796 4383 943 4437 casarea
963 4397 999 4432 ex
1022 4375 1221 4437 Heincmiania,
1243 4391 1314 4443 quac

59 4473 225 4536 sequuntur,
240 4466 307 4522 nibil
325 4467 500 4530 mutavimus,
524 4483 609 4536 quam
628 4469 700 4520 baud
721 4468 759 4520 ita
781 4470 897 4520 multum
914 4462 1075 4516 alienabat
1093 4477 1109 4512 a
1127 4461 1246 4526 emitote,
1265 4477 1314 4512 nea

59 4550 211 4616 injucunda
229 4552 346 4613 cognitu.
365 4550 452 4605 mett.
553 4607 554 4614 χ

396 4626 399 4636 ,
1054 4629 1116 4692 36*
