3122 5162
222 411 293 482 roo
522 404 525 409 ’
636 407 712 476 um.
737 403 797 476 1v.
822 409 902 476 ms.
927 379 1054 474 xvm.

222 587 381 648 venditam
395 589 428 648 ea·
440 585 571 656 tradere
588 537 716 667 oportet.
737 585 840 650 Plura
856 585 942 648 banc
963 585 997 648 in
1012 602 1082 648 rem
1103 560 1197 648 dabit
1212 583 1333 647 Jacob.
1349 581 1474 647 Gotho·

223 690 335 757 fredus
350 693 395 756 ad
408 693 487 776 ἧος.
500 715 554 758 un.
575 695 607 755 0.
627 693 738 757 illaad.
755 693 794 755 St
809 698 878 774 quis
893 696 987 758 solida·
1001 697 1106 758 want.
1123 701 1222 758 cst'sr.
1236 694 1418 756 ctrwmcid.

799 843 828 924 ἓ.
850 843 901 905 65.

624 959 709 1028 Leqes
726 977 809 1011 novae
828 961 859 1010 de
877 927 985 1012 crimine
995 961 1076 1030 falsi.
1103 967 1104 970 ’

307 1059 486 1124 Enimvero
509 1082 571 1123 nec
591 1060 676 1124 baec
695 1059 808 1124 Sullae
831 1061 989 1124 severitas
1010 1062 1157 1124 sufficere
1180 1061 1250 1125 visa
1267 1069 1318 1124 est
1334 1061 1472 1146 impera-

223 1167 360 1232 toribus.
382 1165 470 1231 Hinc
487 1189 594 1231 novae
613 1168 782 1231 invaluere
801 1189 943 1252 poenae,
959 1191 1045 1232 nova
1064 1168 1233 1253 supplicia.
1256 1169 1344 1231 Nam
1366 1169 1409 1232 de
1422 1193 1476 1232 suo

223 1297 307 1339 aevo
323 1276 444 1338 Paulus
466 1277 514 1358 lali.
530 1277 615 1338 laud.
642 1277 677 1338 V.
691 1275 742 1338 25.
757 1277 786 1339 l.
810 1279 853 1340 lot
871 1281 1059 1358 honestiores
1079 1280 1201 1358 quidem
1220 1283 1253 1339 in
1275 1280 1412 1339 a‘rrsulnm
1429 1283 1476 1340 dc-

217 1393 399 1466 portantur,
418 1386 594 1446 hnme'lr'ores
612 1395 717 1446 autem
737 1395 795 1447 not
814 1390 846 1447 in
865 1388 1025 1448 metallum
1047 1387 1250 1458 damnantur,
1276 1377 1335 1446 aut
1354 1389 1388 1446 s'n
1406 1407 1476 1447 cra-

223 1513 288 1554 cem
307 1492 468 1552 tolluntur.
491 1489 586 1553 servi
602 1502 707 1554 autem
723 1503 798 1574 post
821 1495 993 1556 admissum
1010 1497 1196 1556 amnunrissa'
1217 1485 1319 1573 sopite
1337 1499 1474 1574 punr‘rrn-
1548 1503 1549 1506 ’

224 1607 287 1662 tur.
306 1597 510 1662 Justinianus
529 1619 610 1662 vero
625 1600 654 1680 §.
668 1599 698 1661 7.
720 1602 798 1663 lust.
813 1601 841 1662 Ιι.
857 1611 880 1663 t.
902 1621 1016 1664 omnes
1037 1601 1162 1663 liberos
1183 1599 1337 1662 homines
1357 1599 1474 1684 depor-

225 1705 368 1782 tatione;
389 1725 501 1770 servos
518 1713 668 1770 extremo
683 1708 846 1792 supplicio
862 1708 906 1770 ob
922 1708 1037 1772 falsum
1054 1707 1162 1793 puniri
1177 1699 1289 1771 tradit.

719 1863 721 1868 ’
795 1875 896 1958 §.aa

524 1991 611 2058 Lepas
628 1990 788 2060 antiquiores
807 1993 839 2042 de
856 1994 883 2044 vi
894 1990 1004 2060 publica
1022 2001 1048 2044 et
1061 1992 1176 2060 priuata.

309 2087 387 2152 Non
409 2088 514 2152 minus
536 2109 652 2154 severe
668 2090 834 2156 vindicata
851 2099 900 2156 cst
920 2109 974 2157 v1s
994 2110 1135 2156 rusnrcn
1152 2099 1187 2156 et
1206 2109 1357 2156 rnlvsrs
1369 2093 1413 2172 b).
1431 2093 1477 2155 Et
1548 2135 1549 2152 .

227 2194 460 2280 antiquissimis
485 2199 620 2282 quidem
642 2201 845 2284 temporibus
875 2201 917 2263 de
945 2202 979 2264 vi
1008 2220 1074 2263 non
1097 2199 1320 2284 singularibus
1350 2199 1479 2282 legibus
1548 2183 1549 2188 ἵ

227 2312 351 2386 actum,
374 2304 432 2368 sed
455 2327 493 2370 ea
515 2327 568 2370 res
590 2306 721 2392 legibus
745 2307 787 2370 de
810 2311 983 2395 majestate
1003 2319 1037 2372 et
1062 2307 1187 2372 sicariis
1208 2307 1307 2371 simul
1329 2329 1479 2392 compre-

224 2411 328 2475 hensa
343 2409 483 2477 videtur.
505 2414 633 2478 Primus
648 2415 712 2479 hoc
733 2417 890 2480 crimena
914 2419 1085 2502 majestate
1108 2424 1140 2479 et
1163 2415 1346 2479 homicidio
1365 2415 1480 2479 distin-

224 2519 293 2600 xit,
314 2542 353 2583 ac
373 2520 442 2614 lata
457 2522 613 2608 singulari
635 2522 713 2606 lege
735 2523 916 2594 vindicavit
932 2526 969 2588 P.
985 2524 1153 2600 Plautius,
1169 2521 1338 2586 Tribunus
1363 2523 1479 2606 plebis,

224 2626 266 2691 Α.
286 2627 328 2690 U.
345 2627 381 2690 C.
404 2647 549 2692 ncuxxu
573 2629 692 2693 Catulo
716 2639 750 2694 et
772 2632 903 2716 Lepido
927 2632 1017 2696 Coss.
1041 2653 1127 2716 quae
1148 2629 1207 2694 lex
1233 2630 1333 2694 ctiam
1351 2629 1476 2694 Catulo

224 2754 467 2817 nonnumquam
486 2733 640 2799 tribuitur
654 2735 744 2818 ideo,
759 2740 848 2824 quod
864 2741 891 2804 is
908 2738 1031 2803 Consul
1048 2739 1214 2804 Plautium
1231 2712 1264 2801 in
1283 2759 1323 2802 ea
1342 2738 1478 2802 ferenda

226 2839 408 2924 adjuverat.
430 2841 538 2920 Quum
556 2842 659 2924 euim,
679 2857 809 2910 mortuo
832 2869 873 2911 eo
896 2869 982 2924 auno
1002 2846 1110 2929 Sulla,
1123 2845 1295 2952 'Lepidum
1311 2847 1482 2910 Mariana·
1548 2877 1549 2910 l

224 2969 294 3011 rum
310 2949 451 3033 partium
471 2952 631 3033 adsertor,
647 2975 717 3016 cum
738 2953 869 3036 Catulo,
886 2954 1034 3037 Sullano,
1054 2955 1096 3018 de
1113 2955 1193 3018 actis
1209 2953 1324 3018 Sullae
1342 2965 1482 3017 conten-

225 3056 306 3120 dere
322 3056 502 3140 coepisset:
516 3059 633 3144 ingens
650 3060 771 3126 seditio
787 3065 953 3126 concitata
969 3071 1034 3138 est3
1050 3064 1206 3148 victoque
1220 3069 1254 3124 et
1275 3061 1375 3144 pulso
1387 3063 1483 3138 urbe,

215 3187 265 3229 ac
287 3165 320 3228 in
342 3165 496 3229 Sardinia
524 3167 701 3252 interfecto
724 3170 873 3255 Lepido,
897 3169 1032 3235 Catulus
1056 3171 1141 3234 banc
1162 3171 1272 3256 legem
1299 3165 1379 3232 tulit
1410 3190 1481 3231 cum
1548 3189 1549 3218 1

225 3273 376 3338 Plautio:
399 3274 517 3338 Cicero
549 3277 637 3338 Orat.
654 3299 716 3359 pro
741 3279 774 3340 Τ.
798 3282 903 3342 Annio
927 3279 1044 3342 Malana
1062 3301 1088 3342 c.
1110 3278 1160 3342 13.
1174 3283 1217 3358 ⁶).
1247 3277 1484 3354 Quaerebatur
1548 3269 1549 3286 ¹

227 3401 269 3444 ex
283 3380 346 3444 bac
366 3380 445 3466 lege
464 3384 632 3467 decapite
651 3385 731 3468 ejus,
749 3385 805 3470 qui
820 3375 975 3450 adversus
989 3386 1225 3470 rempublicam
1243 3385 1481 3468 conjuraverit,

226 3490 360 3554 insidias
379 3492 505 3554 senatui
523 3491 651 3572 fecerit,
669 3495 910 3578 magistratibus
927 3493 991 3556 vim
1009 3494 1169 3576 attulerit,
1185 3491 1252 3578 qui·
1263 3513 1335 3555 cum
1360 3493 1435 3555 telo
1450 3493 1483 3553 in
1548 3491 1549 3510 ¹

227 3598 362 3682 publico
379 3599 494 3680 fuerit,
515 3608 571 3662 aut
591 3600 761 3688 seditionis
778 3624 890 3665 caussa
912 3601 986 3667 loca
1001 3601 1171 3686 superiora
1193 3601 1383 3684 occuparit,
1399 3601 1486 3666 alie-

112 3765 116 3768 ,
230 3727 328 3772 uasve
345 3707 445 3772 aedes
466 3707 569 3787 saxis,
585 3708 715 3792 ignibus
739 3719 795 3773 aut
816 3711 906 3774 ferro
926 3710 1115 3793 occuparit,
1137 3710 1301 3792 itemque,
1324 3708 1382 3792 qui
1408 3730 1487 3793 pos-

231 3835 385 3878 sessorem
402 3835 420 3876 e
438 3813 540 3877 fundo
559 3837 630 3878 cum
647 3817 839 3892 ,hominibus
863 3818 994 3881 armatis
1011 3815 1188 3902 dejecerit,
1205 3815 1286 3878 dolo
1309 3814 1414 3895 malo,
1431 3823 1486 3879 aut
1548 3811 1549 3874 l

232 3922 358 3984 armatis
375 3921 533 4006 objectis,
549 3930 585 3984 ut
606 3923 684 3986 inde
708 3924 941 4009 profugerent,
962 3943 1105 3988 caussam
1130 3921 1288 3986 attulerit.
1311 3921 1390 3998 Quo
1410 3941 1488 3984 casu

233 4029 398 4112 praedium
416 4051 477 4093 uec
493 4032 627 4114 usucapi
643 4053 685 4094 ex
701 4032 761 4095 hac
777 4033 855 4116 lege
872 4040 1014 4115 poterat.
1035 4033 1150 4096 Poena
1167 4038 1201 4093 et
1215 4029 1268 4092 hic
1285 4037 1359 4093 erat
1375 4052 1489 4114 aquae

233 4141 267 4198 et
287 4136 372 4221 ignis
393 4137 593 4202 interdictio.
623 4143 676 4202 Ex
701 4142 762 4204 hac
783 4140 860 4224 lege
884 4141 1035 4225 quaestio
1058 4139 1172 4202 habita
1196 4142 1245 4200 est
1270 4135 1313 4198 de
1337 4136 1492 4200 Catilina

299 4350 330 4416 b)
350 4353 575 4420 FerratiusOEpp.
593 4354 615 4404 Ι.
637 4357 676 4404 12.
694 4353 821 4408 Rossbirt
840 4355 858 4407 l.
878 4355 894 4407 l.
914 4355 934 4422 ξ.
956 4359 1039 4408 135-
1059 4357 1116 4408 137.
1136 4355 1193 4405 139.
1213 4355 1272 4405 140.
1296 4367 1321 4415 p.
1333 4353 1492 4402 277-285.

232 4449 260 4497 p.
276 4437 418 4489 osv—294.
437 4435 525 4489 Haut.
538 4435 666 4502 Inprimis
684 4454 763 4496 vero:
776 4439 843 4497 ‚Cau
859 4441 925 4492 Otto
943 4440 978 4491 de
992 4439 1090 4493 Madai
1108 4439 1149 4488 De
1168 4438 1194 4488 ai
1206 4433 1315 4504 publica
1334 4443 1361 4484 et
1373 4435 1491 4502 privata

234 4529 367 4570 comment.
378 4521 438 4588 jur.
458 4521 581 4574 Romani.
599 4523 662 4575 Hal.
682 4525 756 4574 1832.
775 4521 862 4576 Mtul.
933 4547 936 4552 ·

302 4602 331 4666 o)
346 4602 409 4654 vid.
427 4609 517 4657 nmen
535 4621 606 4672 quae
624 4613 718 4659 contra
735 4609 844 4673 scripsit
862 4611 896 4662 dc
915 4607 1012 4662 Madai
1030 4607 1048 4661 Ι.
1066 4607 1083 4659 l.
1102 4621 1128 4672 p.
1146 4609 1188 4658 22.
1207 4619 1268 4672 sqq.
1290 4600 1378 4654 Miilrl.
