3062 5164
401 411 456 484 De
482 413 578 484 Juan
604 413 743 500 Qumis.
770 415 826 508 ldn
848 415 959 486 Ormr.
1238 422 1307 492 261
1403 423 1416 440 “

66 609 174 658 salros
189 591 226 654 L.
241 590 272 654 2.
287 589 316 671 §-
331 590 361 654 1.
375 591 417 654 D.
432 591 472 654 dc
487 592 608 654 Ds'oort.
630 591 728 653 Barn.
745 591 842 654 Briss.
857 595 898 656 ds
912 595 1017 658 Fam
1037 593 1124 658 VIII.
1141 615 1173 676 p.
1187 593 1260 658 722.
1274 599 1306 678 s)

67 721 163 784 eaque
177 699 399 784 pronunciare
414 697 545 764 solebat
559 697 713 764 libertum
727 699 765 761 L.
777 699 808 762 9.
823 701 864 762 11.
879 701 919 764 dc
934 701 1056 765 Dsbort.
1070 701 1093 765 J
1095 701 1225 768 uvenal.
1241 702 1308 765 Sat.

71 809 117 870 VI.
130 829 156 871 a.
171 807 243 872 146.
258 827 323 889 sqq.

255 915 371 995 Golls'gc
384 916 574 986 cerataulas,
588 913 670 974 dicet
682 933 861 988 alrannus,
876 923 907 977 et
921 933 1007 977 κη·

251 1021 324 1083 Jom
337 1025 445 1102 groos's
460 1042 494 1083 es
509 1022 604 1096 nodis,
621 1029 651 1082 et
665 1039 758 1101 saepe
772 1026 970 1103 cmaagors‘ss
985 1041 1055 1084 ιιι

257 1127 362 1201 Ocius,
377 1135 411 1190 ot
418 1147 576 1210 propera:
590 1129 670 1189 ss'cco
684 1131 767 1188 venit
782 1129 885 1190 altera
899 1150 986 1191 noso.

67 1234 218 1298 Solebant
234 1253 316 1318 ergo
335 1233 488 1301 nuncium
504 1235 637 1299 mittere
658 1233 809 1318 conjugi,
826 1253 934 1320 eaque
950 1235 1119 1320 speciatim
1137 1235 1311 1300 dicebatur

66 1343 262 1407 renunciatio
285 1341 492 1406 matrimonii.
514 1341 586 1405 Imo
611 1350 644 1405 ct
660 1339 795 1405 libellus
817 1341 967 1425 dabatur,
991 1344 1042 1406 cui
1061 1343 1176 1406 eadem
1193 1341 1310 1427 procul

67 1451 158 1515 dubio
178 1451 283 1514 verba
306 1451 473 1535 inscripta.
495 1449 572 1528 Quo
594 1449 713 1513 libello
730 1451 802 1534 jam
822 1449 949 1532 oblato,
971 1449 1063 1514 locus
1085 1449 1218 1535 quidem
1239 1459 1311 1515 erat

66 1559 302 1643 poenitentiae,
329 1557 355 1621 si
378 1557 499 1644 conjux
519 1555 712 1642 repudiatus
735 1557 953 1622 consentiret:
974 1555 1113 1623 12.7.1›.
1136 1561 1175 1621 ds
1190 1559 1311 1621 Ds‘oort.

67 1688 128 1730 non
150 1666 174 1729 si
198 1665 277 1729 huic
302 1665 452 1751 placeret
475 1665 633 1728 conditio.
662 1663 759 1730 Tunc
784 1667 870 1730 enim
894 1665 1086 1730 dissolutum
1114 1665 1312 1730 censebatur

68 1775 313 1856 matrimonium,
328 1773 448 1838 libello
465 1771 564 1836 etiam
580 1769 725 1836 nondum
742 1772 880 1839 tradito:
895 1773 933 1836 12.
948 1771 977 1836 6.
997 1775 1029 1836 0.
1044 1773 1083 1836 de
1097 1773 1220 1856 nepas.
1236 1773 1311 1837 Car.

71 1881 169 1967 Sigon.
184 1881 224 1944 dc
239 1891 305 1944 urst.
321 1883 400 1964 jure
412 1887 468 1944 cto.
483 1879 571 1942 Rom.
588 1879 612 1943 I.
626 1879 656 1942 9.
668 1901 700 1962 p.
718 1879 790 1943 132.
814 1879 970 1966 Denique
986 1880 1166 1965 Augustus,
1186 1881 1259 1965 (qui
1276 1890 1312 1944 et

69 1989 140 2052 alias
160 1987 309 2052 divortiis
332 1986 464 2051 modum
488 1987 662 2072 imposuit,
685 1995 771 2053 teste
798 1990 934 2054 Sueton.
965 1989 1070 2052 cosas.
1087 2010 1112 2051 c.
1137 1987 1205 2069 34.)
1231 1986 1309 2074 lego

68 2095 205 2160 Iuliade
222 2095 399 2166 adulteriis
410 2097 514 2178 cavit,
530 2103 566 2160 ut
582 2095 758 2160 divortium
774 2097 872 2161 fieret
886 2093 1043 2159 adhibitis
1058 2104 1193 2179 praeter
1208 2093 1310 2159 libcr-

68 2213 127 2268 tum
149 2213 272 2289 septem
294 2203 449 2286 testibus,
466 2204 591 2268 civibus
609 2204 788 2285 Romania,
813 2202 1008 2289 puberibus3
1029 2202 1111 2266 alias
1130 2222 1191 2285 pro
1214 2202 1309 2266 irrito

67 2313 251 2376 haberetur:
269 2313 308 2376 11.
323 2312 354 2375 9.
373 2313 414 2374 1).
429 2313 469 2376 de
483 2314 605 2376 Dicort.
625 2313 724 2376 Bura.
747 2309 891 2373 Brisson.
911 2311 956 2372 od
968 2309 1046 2391 Leg.
1061 2307 1124 2372 Jul.
1146 2309 1185 2374 (lc
1199 2309 1309 2371 Aduo.

67 2443 88 2483 c.
101 2421 151 2486 28.
162 2443 193 2504 p.
208 2419 280 2486 123.
1218 2451 1224 2456 -

634 2561 663 2644 §-
682 2559 734 2622 49.

455 2733 461 2736 ,
562 2677 636 2736 Quid
650 2676 808 2744 repudium?

143 2796 206 2862 Sed
225 2795 437 2860 haecomnia
459 2791 503 2855 ad
523 2793 688 2856 dicentum
706 2793 795 2856 inter
816 2793 975 2877 conjuges
997 2791 1175 2875 pertinent.
1196 2793 1311 2858 Latius

69 2904 192 2988 patebat
213 2919 408 2984 assumam,
425 2899 515 2985 quod
539 2900 635 2962 etiam
653 2921 790 2983 sponsus
814 2921 971 2983 sponsae,
993 2897 1048 2962 vel
1062 2900 1146 2964 baec
1168 2898 1309 2965 illidere

69 3012 195 3078 solebat.
216 3010 342 3076 Paulus
360 3011 396 3071 Ia.
412 3006 482 3069 191.
503 3007 545 3068 D.
561 3008 599 3069 dc
624 3007 711 3070 Vcrb.
733 3007 839 3090 signas.
866 3009 954 3068 Inter
975 3007 1141 3070 divortium
1163 3017 1194 3074 st
1215 3031 1310 3094 repu-

69 3119 144 3181 dium
158 3123 212 3182 too
231 3123 370 3187 interest,
387 3117 470 3198 quod
488 3115 763 3196 repudiatarum
775 3116 930 3193 saturum
944 3117 1174 3177 matrs'montom
1191 3127 1311 3198 potest.-

50 3278 54 3284 .
69 3247 120 3289 noa
133 3236 216 3290 recte
238 3235 342 3287 uestem
357 3243 472 3305 sponso
491 3223 654 3284 dicorts'sse
669 3223 793 3285 dr'os'tur:
815 3223 860 3286 Et
874 3219 1081 3285 Modestinus
1096 3221 1134 3281 L.
1149 3220 1220 3285 101.
1237 3223 1265 3302 §.
1280 3223 1310 3284 1.

70 3333 103 3394 D.
116 3335 177 3396 cod.
193 3335 370 3395 Dicorts'um
393 3333 476 3391 inter
489 3332 592 3390 otram
608 3339 638 3391 et
654 3351 785 3392 osorem
798 3331 883 3408 sieri
902 3331 1034 3401 dictam
1056 3329 1222 3409 repudium
1239 3350 1312 3393 acro

71 3461 187 3520 sponsae
210 3443 329 3501 remitti
351 3437 491 3500 videtur:
516 3438 600 3519 quod
624 3446 657 3498 ct
678 3441 710 3499 to
735 3457 868 3518 sponsae
894 3456 1065 3520 porsonam
1087 3457 1150 3498 non
1177 3437 1312 3499 absurdo

70 3548 199 3628 satist).
220 3547 261 3610 In
284 3545 425 3630 repudio
449 3563 589 3628 sponsae
611 3543 773 3607 mittendo
797 3543 970 3607 sollemnia
990 3552 1084 3606 erant
1107 3544 1226 3609 verba:
1241 3561 1311 3610 rus

70 3671 265 3719 coun1r10NE
288 3669 359 3717 NON
380 3669 487 3716 UTOR:
509 3653 548 3714 L.
562 3652 593 3714 2.
609 3654 638 3733 §-
653 3651 683 3715 2.
707 3653 748 3713 J).
771 3653 810 3714 de
832 3653 951 3714 Dabort.
978 3659 1009 3712 et
1031 3653 1142 3733 repud.
1166 3651 1310 3715 Tantum

71 3769 164 3824 autem
183 3765 297 3843 abest,
311 3770 349 3824 ut
370 3759 424 3823 hic
440 3781 553 3824 caussa
569 3760 681 3845 aliqua
699 3759 825 3822 sontica
846 3781 928 3844 opus
945 3765 1047 3840 esset,
1063 3766 1100 3820 ut
1116 3779 1159 3820 ex
1176 3780 1312 3841 sponsa·
1349 3839 1354 3848 ,

70 3864 157 3952 libus,
179 3869 387 3956 quantumvis
410 3867 623 3952 stipulatione
646 3867 797 3949 firmatis,
814 3865 905 3930 nulla
925 3867 1067 3930 oriretur
1092 3864 1197 3930 civilis
1212 3865 1311 3946 actio,

73 3977 120 4038 scd
133 3977 261 4041 infinita
277 3984 363 4039 esset
377 3975 588 4060 repudiarum
605 3974 756 4039 licentia:
782 3975 818 4036 L.
833 3973 862 4036 1.
881 3973 913 4035 0.
929 3975 967 4036 dc
983 3975 1124 4056 Sponsal.
1141 3973 1178 4035 L.
1193 3971 1223 4034 2.
1239 3973 1268 4053 §.
1283 3972 1312 4034 1.

72 4079 96 4142 2.
108 4085 144 4145 D.
159 4087 197 4148 de
213 4087 335 4147 Dicort.
350 4085 386 4146 L.
400 4082 430 4146 2.
445 4085 477 4144 0.
493 4085 532 4146 de
550 4083 669 4164 Rapaci.
685 4084 721 4145 L.
736 4081 765 4144 2.
785 4081 816 4144 0.
833 4083 871 4143 dc
885 4084 993 4144 Inattl.
1009 4081 1113 4162 str'pul.
1139 4079 1212 4142 Nec
1233 4102 1311 4142 con-

74 4193 191 4256 trarium
209 4192 372 4255 evincitur
388 4213 430 4254 ex
446 4190 521 4253 loco
539 4189 646 4252 Servii
661 4189 800 4275 Sulpicii
816 4189 903 4274 apud
917 4186 1005 4252 Gell.
1016 4187 1120 4252 Nocti.
1137 4191 1203 4252 Att.
1215 4189 1273 4250 IV.
1281 4189 1313 4252 4.

74 4293 160 4362 Actio
176 4301 262 4365 enim
278 4299 338 4364 illa
354 4319 396 4362 ex
413 4320 549 4384 sponsu,
567 4298 655 4382 cujus
676 4298 723 4362 ibi
739 4297 888 4362 meminit
902 4295 1084 4381 Sulpicius,
1099 4317 1165 4360 non
1183 4294 1224 4359 ad
1240 4293 1314 4358 Ro·

73 4431 355 4450 ¹¹——u—-—-—-

133 4507 163 4572 g)
183 4507 315 4560 Wiiclstcr
333 4505 350 4558 t.
369 4506 387 4558 l.
405 4521 432 4572 p.
452 4511 510 4560 111.
524 4521 566 4573 sq.
584 4503 672 4590 Miill.

134 4589 165 4658 b)
184 4591 320 4644 Deverbl
339 4589 429 4658 siguis.
447 4589 501 4645 vid.
521 4590 650 4643 Wiichter
668 4589 687 4644 l.
704 4589 722 4642 l.
740 4606 767 4656 p.
784 4593 827 4644 59.
846 4605 886 4658 sq.
906 4587 992 4642 Miilsl.
