2972 5156
685 352 760 422 Lus.
785 351 948 427 lV.T1r.
973 353 1015 421 V.

812 528 842 610 s.
862 527 893 594 a.

510 661 694 714 Romanorum
711 658 858 712 sollicitudo
876 661 904 712 in
921 660 1046 730 elabendi:
1053 659 1199 730 jedicrbm.

308 775 452 840 Romani
468 798 597 842 omnem
615 776 740 841 dabant
755 795 906 860 operam,
919 783 956 839 ut
970 776 1102 859 judices
1119 784 1230 839 essent
1244 775 1368 840 idonei.
1386 776 1454 838 Hinc

227 882 360 968 quidam
375 883 453 968 lege
469 883 746 968 impediebantur,
764 905 806 946 ne
823 883 1091 968 essentjudices,
1108 882 1240 968 quidam
1256 890 1387 963 natura,
1400 882 1454 964 qui·

196 1059 200 1070 ⁸
228 990 303 1052 dam
319 989 473 1054 moribus.
489 991 627 1073 Natura,
641 999 678 1054 ut
693 989 781 1053 surdi
798 995 832 1051 et
847 992 928 1054 muti
944 1001 978 1054 et
993 991 1108 1054 furiosi
1124 998 1158 1054 et
1172 990 1374 1074 impuberes:
1386 989 1454 1071 lege,

228 1105 264 1160 ut
280 1097 336 1180 qui
352 1098 433 1161 moti
449 1098 580 1161 fuerant
596 1107 725 1160 senatu:
742 1097 897 1176 moribus,
913 1105 950 1160 ut
964 1097 1108 1160 feminae
1126 1107 1162 1161 et
1176 1096 1280 1159 servi:
1296 1097 1336 1157 L.
1348 1095 1394 1156 12
1406 1095 1455 1170 §.2

228 1205 270 1265 Ι).
285 1204 324 1264 de
338 1205 438 1265 Judr‘c.
460 1205 533 1268 imo
550 1212 584 1267 et
598 1207 721 1290 justam
737 1203 919 1286 exigebant
939 1214 1083 1268 aetatem
1099 1223 1202 1266 annos
1217 1202 1347 1266 scilicet
1362 1201 1399 1264 ad
1413 1202 1455 1262 ni·

227 1311 349 1373 nimum
372 1310 493 1394 viginti
516 1311 680 1395 quinque,
708 1318 825 1396 postea
845 1312 981 1395 viginti:
1005 1311 1184 1374 Suetonius
1212 1312 1323 1372 Oetae.
1346 1311 1455 1390 Augeat.

124 1497 127 1504 ι
228 1416 319 1480 aaa.
336 1438 374 1480 ac
397 1416 527 1479 demum
551 1418 755 1499 octodecim,
777 1419 803 1480 si
824 1419 1047 1504 magistratum
1071 1423 1243 1502 gererent:
1270 1418 1308 1480 L.
1323 1416 1456 1478 enne

230 1523 370 1605 Resjud.
386 1523 503 1588 Jacob.
516 1524 668 1609 Gujacius
684 1526 858 1589 Obseroott.
873 1527 947 1588 XX.
961 1525 1012 1587 32.
1031 1525 1213 1588 Praeterea
1220 1522 1356 1608 judices
1371 1543 1457 1583 omnes

223 1629 389 1712 jubebant
405 1630 549 1694 Romani
565 1634 698 1717 jurare,
715 1653 758 1693 ex
773 1631 874 1694 animi
898 1632 1061 1694 sententia
1079 1640 1112 1694 et
1136 1651 1179 1692 ex
1199 1629 1280 1714 lege
1300 1651 1338 1692 se
1354 1630 1458 1714 judica-

132 1761 142 1773 ·
228 1743 327 1799 turos.
356 1737 463 1822 quue
486 1738 680 1822 plerumque
707 1739 810 1802 tiebat
836 1738 878 1802 ad
909 1761 997 1802 aram
1020 1739 1053 1800 in
1080 1739 1234 1819 comitio,
1260 1758 1349 1821 quae
1371 1735 1458 1820 puteal

227 1841 366 1904 Libonis
383 1844 415 1924 l)
445 1845 633 1908 dicebatur:
659 1843 814 1930 Sigonius
837 1848 876 1908 da
891 1849 991 1928 judic.
1011 1849 1041 1928 l.-
1059 1845 1110 1908 28.
1125 1868 1159 1928 p.
1175 1845 1246 1907 504.
1271 1843 1416 1928 Denique
1432 1849 1459 1903 ut

163 1973 166 1984 ·
228 1958 323 2012 tanto
345 1951 449 2014 minus
473 1962 559 2015 esset
584 1953 741 2036 periculi,
766 1974 809 2015 ne
837 1954 991 2036 imperite
1012 1953 1219 2038 judicarent:
1242 1951 1390 2014 solebant
1409 1939 1478 2010 ali-l

231 2054 363 2139 quando
380 2057 419 2120 iis
434 2079 516 2122 unus
534 2067 589 2121 aut
609 2059 721 2142 plures
739 2060 860 2143 judicii
876 2061 958 2123 socii
975 2047 1160 2146 jurisperiti
1177 2059 1334 2142 adjungi,
1349 2077 1459 2142 quorun

123 2201 125 2206 ·
230 2163 369 2226 consilio
390 2165 499 2228 omnia
516 2173 669 2249 agerent:
686 2166 816 2230 Gellius
831 2169 936 2232 Nocte.
952 2170 1018 2229 Art.
1036 2169 1110 2228 XII.
1124 2167 1175 2230 13.
1196 2165 1358 2250 Sigonius
1370 2165 1404 2226 de
1418 2184 1460 2224 on-

229 2275 313 2352 tt'qeo
321 2274 401 2354 jure
416 2278 470 2335 cto.
485 2274 575 2337 Rern.
589 2276 632 2335 II.
648 2272 699 2335 18.
714 2275 753 2336 de
769 2279 865 2358 antiq.
873 2275 941 2357 jur.
953 2297 1043 2358 prov.
1058 2276 1100 2338 11.
1113 2276 1143 2336 5.

817 2469 846 2549 ς.
868 2467 899 2530 a.

577 2584 671 2635 Poena
680 2582 805 2650 judicum
822 2583 942 2652 imperite
951 2581 1139 2652 judicant-ricm-

207 2746 210 2750 .
316 2694 521 2780 Quamquam
538 2719 634 2781 ergo,
651 2718 749 2780 quum
764 2717 816 2760 res
832 2699 878 2762 ita
894 2721 928 2762 se
946 2698 1104 2779 haberet,
1120 2695 1209 2759 haud
1233 2695 1336 2760 facile
1357 2694 1461 2758 videtur
1477 2697 1478 2764 l

231 2802 376 2884 potuisse
398 2789 611 2888 contingere,
631 2811 667 2868 ut
676 2803 784 2890 judex
799 2806 954 2889 imperite
969 2806 1135 2889 judicasse
1151 2803 1362 2868 crederetur:
1376 2811 1459 2865 tamen

232 2909 259 2972 si
279 2909 314 2972 id
330 2910 450 2973 facturn
467 2931 538 2975 esse
554 2905 747 2995 adpareret,
762 2913 855 2997 quasi
871 2933 913 2974 ex
939 2911 1101 2976 maleficio
1124 2912 1316 2993 tenebatur,
1334 2919 1372 2974 et
1383 2919 1478 2994 quan-l

232 3024 299 3079 tum
325 3015 367 3077 de
384 3038 423 3079 ea
438 3039 475 3079 re
495 3017 676 3102 judicantis
698 3017 855 3104 religioni
877 3021 979 3082 visum
1003 3027 1106 3101 esset,
1126 3041 1270 3103 poenam
1294 3015 1463 3090 sustinebat,

232 3121 323 3186 salva
342 3131 452 3186 tamen
476 3126 735 3190 existimatione:
758 3128 797 3189 12.
813 3129 869 3188 ult.
884 3127 926 3190 D.
942 3129 981 3188 de
994 3128 1163 3190 Extraord.
1177 3147 1268 3209 cogn.
1289 3125 1358 3188 Sed
1381 3127 1478 3208 quan}

233 3230 350 3294 tumvis
370 3252 478 3316 aequa
499 3234 651 3297 videatur
672 3235 755 3298 haec
779 3253 905 3317 poena:
933 3233 1105 3298 adfirmare
1127 3242 1238 3296 tamen
1266 3232 1391 3317 quidam
1409 3247 1465 3289 non

234 3335 406 3420 dubitant,
430 3359 501 3402 eam
528 3342 691 3404 actionem
707 3341 778 3425 jam
798 3338 886 3424 apud
905 3340 1074 3404 Romanos
1099 3341 1155 3406 vel
1172 3341 1318 3423 nullum,
1335 3335 1383 3402 vel
1402 3319 1478 3394 exi-¹

302 3589 335 3654 d)
355 3591 423 3642 Erat
448 3605 549 3643 rurant
574 3607 622 3646 era
639 3591 667 3643 in
685 3593 809 3659 comitio,
831 3597 1016 3659 superstructa
1040 3598 1139 3659 puteo,
1157 3591 1187 3644 in
1209 3607 1266 3660 quo
1282 3589 1391 3654 Naevii,
1408 3587 1468 3639 illius

112 3684 119 3692 ·
233 3673 401 3726 celeberrimi
418 3675 538 3741 auguris,
556 3681 644 3728 cotem
662 3683 689 3729 et
705 3680 865 3731 novaculam
881 3679 1032 3730 demersam
1050 3679 1155 3731 ferunt:
1170 3691 1241 3744 quae
1253 3693 1339 3744 quum
1353 3692 1369 3728 a
1381 3676 1470 3727 Libone

235 3757 354 3822 quodam
374 3759 470 3811 fuisset
493 3761 631 3826 restituta,
644 3763 741 3830 puteal
756 3763 869 3815 Libonis
888 3762 1042 3815 dicebatur:
1069 3762 1202 3817 Horatius
1219 3762 1365 3829 Epistolar.
1385 3754 1469 3812 Lib-l

183 3833 186 3840 ’
236 3835 311 3907 [ΗΡ.
331 3845 371 3894 19.
388 3860 412 3894 v.
429 3848 454 3896 8.
473 3844 523 3914 sp]
681 3911 684 3922 Ι

551 3958 586 3967 -
622 3959 656 3970 ·-
692 3959 714 3970 -
743 3931 844 3984 Forum
861 3947 1023 4000 aureasque
1042 3929 1149 3982 Libonis

555 4011 782 4067 Mondabo'siccr's
782 4043 1049 4077 -----

136 4107 142 4118 ‘
235 4092 345 4166 Insigne
366 4095 448 4162 hujus
466 4111 530 4149 erae
550 4087 753 4152 monumentum
772 4105 862 4152 exstat
885 4101 913 4153 in
931 4100 1021 4152 rumis
1038 4099 1126 4164 gentis
1145 4098 1302 4151 Scriboniae
1328 4095 1402 4161 apud
1422 4093 1471 4143 Ful·

226 4177 309 4229 ,vium
327 4178 455 4232 Ursinum
474 4185 505 4234 de
520 4185 613 4250 famil.
632 4185 711 4236 Rom.
727 4201 757 4250 p.
775 4167 888 4237 essex
907 4187 967 4239 edit.
985 4186 1046 4237 Car.
1069 4182 1170 4234 Patini.
1196 4186 1282 4235 Plura
1307 4181 1434 4248 Sigonius
1449 4175 1470 4224 df

226 4261 313 4328 judic.
332 4263 410 4316 ΜΘ.
424 4283 454 4332 p.
469 4271 528 4319 504.
547 4268 626 4318 Heia.
645 4267 686 4320 Os.
699 4271 756 4320 (os.
775 4270 895 4335 Scaliger
913 4271 950 4322 ad
965 4269 1072 4321 Festum
1091 4269 1142 4320 sub
1160 4283 1235 4320 voco.
1254 4269 1399 4319 sceleratas
1416 4280 1472 4313 con·

231 4363 291 4411 pus.
312 4345 394 4399 Carra.
412 4349 483 4401 Vide
500 4353 610 4402 Festum
629 4369 664 4404 ex
682 4354 742 4404 edit.
756 4355 881 4405 Andreae
894 4353 1009 4416 Daccrii,
1023 4353 1071 4420 qui
1090 4355 1149 4406 Jos.
1163 4352 1293 4420 Scaligcri
1311 4357 1404 4403 notam
1419 4345 1472 4398 satis

234 4430 343 4494 10an
366 4431 458 4484 attulit
473 4451 503 4500 p.
521 4439 580 4487 486.
607 4437 703 4488 Franc.
725 4436 786 4489 Car.
805 4437 925 4489 conradi
944 4438 1049 4490 Comm.
1075 4440 1106 4490 de
1126 4439 1231 4506 puteali
1250 4435 1383 4491 Scribonii
1408 4430 1474 4483 un

234 4512 281 4564 nis.
298 4513 356 4566 Lib.
374 4516 432 4570 ΙΙΙ.
450 4507 601 4589 Pareryor.
618 4539 690 4575 nam.
708 4526 732 4574 2.
745 4525 776 4590 p.
794 4525 953 4576 ees-³49.
971 4521 1060 4575 Haut.
