3080 5154
229 327 277 394 m
474 396 477 404 ,
708 318 784 386 Lus.
810 320 837 386 1.
863 319 943 386 Trr.
969 319 1014 386 11.

228 499 281 559 uts‘
296 515 403 577 rogos,
420 493 521 558 alteri
541 493 583 556 A.
605 492 641 558 id
672 501 723 557 est
742 497 880 575 antiquo,
907 515 932 556 s.
950 495 1082 575 antiquo
1099 495 1207 575 probo.
1229 491 1356 556 Primus
1370 502 1464 558 autem

210 679 213 682 ¹
230 603 290 667 Cn.
306 601 487 690 Calpurnio
503 600 627 666 Pisone
637 609 671 664 et
682 602 798 664 Marco
811 599 948 686 Popilio
964 621 1045 664 coss.
1060 599 1102 664 A.
1117 599 1158 663 U.
1177 599 1322 664 DCXV.
1334 599 1464 664 Gabinus

190 743 201 758 =
230 710 396 774 Tribunus
414 709 461 793 pl.
472 709 682 793 rogationem
699 708 786 790 tulit,
806 729 850 771 ue
869 707 1011 792 populus
1027 707 1060 771 in
1079 708 1230 772 creandis
1241 706 1465 790 magistratibus

230 816 368 900 amplius
380 815 457 880 viva
471 837 565 892 voce,
580 817 639 880 sed
649 815 793 892 tabellis,
802 817 921 900 quibus
936 814 1194 881 Candidatorum
1209 835 1331 888 nomen
1345 814 1465 897 inscrip-

219 932 298 998 ,tum
316 931 399 1005 erat,
417 923 606 1008 suffragium
627 925 745 988 ferret:
770 924 838 990 Cic.
858 924 901 987 de
924 923 1028 1008 legib.
1045 923 1175 986 111.16.
1197 921 1340 986 Biennio
1354 929 1422 1004 post
1434 920 1465 982 L.

231 1031 371 1113 Cassius,
386 1029 480 1092 Trib.
496 1030 615 1113 plebis,
634 1031 746 1114 legem
756 1031 844 1113 tulit,
862 1032 947 1095 utin
963 1031 1099 1117 judiciis
1115 1030 1215 1118 etiam
1235 1027 1379 1094 tabellae
1386 1025 1465 1090 adhi-

231 1139 397 1202 berentur.
408 1135 564 1201 Cicibid.
582 1145 617 1202 et
630 1140 665 1202 in
675 1138 769 1202 Lael.
785 1161 811 1202 c.
820 1139 871 1202 12.
881 1138 1003 1203 Ascon.
1014 1139 1056 1202 ad
1065 1138 1159 1203 Verr.
1168 1137 1214 1200 II.
1224 1158 1257 1221 p.
1265 1135 1316 1198 56.
1333 1132 1465 1208 Tabellis

230 1245 281 1309 his
297 1245 429 1308 litterae
440 1244 629 1329 inscriptae,
651 1245 686 1308 in
704 1268 770 1309 una
782 1246 823 1309 A.
840 1248 876 1311 id
892 1256 942 1312 est
958 1249 1092 1328 absolvo,
1115 1244 1221 1309 altera
1241 1243 1279 1307 C.
1292 1241 1327 1305 id
1345 1247 1392 1305 est
1405 1260 1465 1302 con-

234 1356 353 1428 demno,
377 1352 412 1415 in
433 1334 593 1420 ῒεηίείΝ.
616 1353 655 1416 L.
671 1353 708 1416 id
730 1361 780 1416 est
804 1375 866 1416 non
888 1357 993 1437 lebret,
1011 1374 1164 1438 quorsum
1186 1350 1322 1436 respicit
1341 1348 1404 1412 Cic.
1415 1365 1465 1428 pro

231 1461 300 1522 Mil.
323 1481 350 1522 c.
364 1459 394 1523 6.
418 1467 452 1522 et
468 1460 599 1523 Seneca
619 1461 661 1524 de
680 1461 850 1524 beneficiis
863 1461 926 1524 III.
939 1463 969 1524 7.
991 1461 1125 1525 Diserte
1155 1459 1285 1524 Cassius
1308 1459 1465 1538 exceperat

148 1574 150 1582 '
231 1564 472 1652 perduellionis
484 1566 658 1652 judicium,
673 1569 707 1632 in
727 1590 792 1653 quo
814 1590 881 1632 uon
904 1567 1040 1650 tabella,
1065 1567 1134 1651 sed,
1155 1575 1190 1632 ut
1207 1567 1298 1643 olim,
1311 1564 1384 1628 viva
1396 1578 1464 1624 voce

226 1673 358 1760 judices
376 1676 573 1739 seutentiam
599 1676 685 1739 ferre
705 1675 824 1752 voluit3
849 1699 961 1740 verum
981 1684 1016 1740 et
1039 1677 1094 1741 isti
1105 1674 1236 1761 judicio
1258 1670 1386 1737 Caelius
1401 1666 1464 1748 lege

232 1782 302 1846 lata
314 1781 473 1847 tabellam
490 1783 606 1846 tribuit
619 1782 676 1864 (A.
684 1783 725 1847 U.
737 1783 947 1866 DCXXX).
962 1785 1041 1850 Vid.
1054 1785 1122 1848 Cic.
1134 1783 1283 1866 deLegg.
1296 1779 1357 1844 ΠΙ.
1370 1775 1415 1839 16.
1435 1773 1466 1836 Iu

233 1890 346 1975 legum
361 1889 489 1954 latione
501 1891 579 1955 viva
592 1912 676 1955 voce
689 1891 894 1956 voluntatem
908 1915 997 1956 suam
1011 1892 1203 1958 declarabat
1215 1883 1467 1975 populusRoma-

234 2019 305 2078 nuS,
326 1997 434 2061 donec
454 2020 542 2061 anno
561 1998 745 2063 DGXXV.
761 1999 798 2063 C.
817 2000 969 2084 Papirius
988 2000 1109 2082 Carbo,
1129 1998 1298 2062 Tribunus
1317 1987 1467 2079 plebis,in

233 2104 364 2190 legibus
377 2106 537 2190 jubendis
555 2114 590 2170 et
610 2106 800 2192 rejiciendis
825 2107 967 2172 tabellas
984 2106 1135 2170 adhiberi
1156 2104 1305 2190 pertulit.
1325 2093 1468 2166 Cicibid·

233 2213 289 2275 De
302 2213 519 2297 inscriptione
537 2214 668 2300 illarum
692 2215 878 2280 tabularum
901 2216 968 2281 vid.
985 2215 1131 2281 Brisson.
1151 2215 1190 2276 de
1203 2213 1343 2276 Bbrmul.
1361 2201 1467 2272 Libll.
1505 2311 1506 2316 W

233 2342 266 2405 p.
285 2319 355 2385 138.
377 2320 478 2386 Malu.

814 2464 843 2544 §.
864 2463 915 2524 11.

564 2576 662 2628 Modus
679 2584 705 2628 et
722 2577 787 2628 ordo
804 2577 976 2647 mffrapands'
991 2579 1020 2631 in
1034 2577 1167 2646 potandus.
1292 2615 1294 2622 .

319 2674 613 2740 Distribuebautur
626 2676 689 2739 bae
702 2676 837 2740 tabulae
850 2699 911 2762 per
927 2679 1102 2742 diribitores
1128 2680 1166 2754 (i.
1181 2699 1210 2740 e.
1226 2664 1468 2742 distributores),

238 2781 356 2866 quibus
370 2781 533 2866 nongenti
545 2784 686 2845 custodes
707 2782 893 2866 adstabant,
914 2784 1022 2849 daturi
1042 2807 1188 2870 operam,
1207 2807 1251 2848 ne
1272 2805 1336 2869 qua
1349 2779 1427 2840 fraus
1439 2769 1466 2829 in

237 2889 472 2953 distribuendis
485 2888 619 2952 tabellis
640 2891 879 2956 admitteretur.
899 2892 987 2957 Plin.
1004 2895 1089 2957 Hise.
1104 2895 1183 2956 Nat.
1197 2890 1358 2954 XXXIII.
1369 2881 1414 2945 11.
1432 2873 1468 2939 El

238 2997 398 3060 exstructi
418 2996 552 3081 quidem
568 2997 601 3060 in
618 3020 735 3083 campo
748 2999 873 3064 Martio
887 3009 981 3065 erant
987 3013 1101 3085 pontes
1113 2980 1266 3083 totidem,
1282 3002 1361 3083 quot
1371 2981 1468 3053 u'ume-

237 3104 396 3167 rabantur
407 3105 587 3168 centuriae.
602 3109 633 3186 t)
658 3107 707 3168 Hi
718 3107 802 3170 nihil
817 3107 909 3171 aliud
923 3118 1028 3190 erant,
1042 3131 1140 3193 quam
1153 3117 1314 3193 angustae
1323 3092 1467 3186 quaedam

237 3211 506 3295 substructiones,
533 3233 637 3296 opere
653 3213 838 3297 subitaneo,
858 3236 877 3277 e
900 3214 1055 3280 tabulatis
1079 3218 1151 3280 solo
1175 3216 1274 3280 editis
1296 3207 1468 3276 adornatas

237 3340 298 3404 per
311 3341 391 3404 quas
411 3319 461 3401 iis,
491 3321 548 3408 qui
566 3320 721 3404 suffragia
740 3321 876 3406 ferrent,
902 3321 1024 3388 viritim
1052 3333 1138 3388 esset
1159 3318 1399 3388 transeundum·
1418 3301 1469 3368 Ηἰε

239 3446 320 3510 ergo
340 3425 373 3488 in
391 3427 501 3511 capite
518 3428 669 3513 pontium
685 3432 953 3496 ministrabantur
969 3433 1068 3496 binae
1085 3433 1169 3496 istae
1184 3431 1339 3502 tabellae,
1351 3428 1468 3506 quarum

240 3533 432 3598 alterutram
448 3534 570 3600 deinde
587 3537 621 3599 iu
634 3546 783 3601 extremo
800 3548 904 3623 ponte
923 3544 1055 3603 statulae
1068 3540 1301 3604 immittebant.
1321 3516 1470 3596 Plutarch·

237 3644 271 3703 ia
288 3641 391 3702 Morio
411 3643 478 3702 ci.
494 3643 614 3707 Fiebat
630 3644 665 3707 id
684 3645 741 3727 ita,
760 3654 797 3710 nt
813 3668 936 3731 praeco
949 3647 1094 3732 singulas
1108 3647 1283 3728 centurias,
1301 3663 1342 3706 eo
1359 3629 1470 3698 ordine,

240 3773 306 3839 quo
332 3758 420 3814 sorte
446 3749 619 3832 exiissent,
647 3752 690 3815 ad
713 3754 868 3839 suffragia
889 3764 1034 3818 vocaret.
1052 3754 1260 3839 Quicumque
1282 3769 1361 3816 vero
1386 3757 1424 3800 θΧ
1440 3749 1472 3790 ‘³³

241 3859 391 3924 centuria
413 3857 535 3943 primus
555 3861 746 3946 rogabatur,
766 3879 892 3928 smnus
918 3864 1176 3947 nuncupabatur.
1200 3861 1268 3925 Cic.
1285 3839 1473 3942 proruamus

309 4066 335 4132 t)
355 4065 478 4128 Constat,
495 4068 634 4117 auctorem
650 4065 736 4119 luisse
747 4067 778 4118 C.
790 4066 912 4121 Marium
924 4065 1000 4119 rrib.
1011 4067 1061 4133 pl.‚
1080 4071 1112 4118 ut
1130 4065 1300 4132 augustiores
1317 4053 1473 4112 lieentum·

241 4153 283 4201 tes
303 4149 375 4217 (Cic.
395 4151 426 4201 de
445 4148 521 4217 lapid.
537 4150 670 4217 111.17.),
688 4167 776 4219 eoque
793 4151 903 4204 invento
921 4151 1030 4204 obviam
1046 4150 1116 4203 itum
1132 4150 1161 4204 in
1179 4146 1378 4216 magistratibus
1394 4137 1473 4218 cfflfffl'

242 4232 285 4286 dis
303 4232 408 4286 crimini
426 4233 552 4286 ambitus.
571 4233 659 4299 Saepe
676 4236 748 4288 euim
765 4235 975 4302 suffragantibus
994 4236 1138 4289 adstabant
1156 4233 1301 4297 candidati,
1312 4234 1339 4282 et
1355 4209 1474 4275 eblaudle·

243 4318 341 4369 bantur
358 4318 493 4384 sutfragia.
506 4318 585 4370 Hinc
601 4318 674 4371 idem
692 4317 745 4371 ait:
767 4320 795 4371 C.
815 4322 934 4374 Mariam
949 4321 998 4372 lac
1016 4321 1072 4390 laps
1091 4321 1122 4372 de
1138 4319 1260 4388 ponebar
1272 4309 1413 4388 potentium
1424 4302 1475 4360 Ψ*

227 4411 298 4456 sun·
316 4403 648 4473 .·.s.....1.·...ff...s.‚
667 4413 723 4457 um
738 4406 768 4457 a
785 4407 906 4459 ...aa
929 4405 1124 4475 mosas...
1139 4407 1307 4459 assa...
1333 4387 1432 4451 ‚aaa
1448 4373 1473 4426 ‘¹⁶

242 4487 323 4556 Leyy·
338 4503 368 4554 p.
384 4491 445 4540 809.
463 4489 544 4542 Heia.
