3062 5164
503 389 558 460 Ds
582 388 679 460 June
703 389 817 460 Lanu.
1219 397 1292 464 286
1372 347 1375 354 ·

48 572 82 632 ol
93 571 214 632 omnim
229 567 357 649 Lats'no,
377 549 454 629 socsi'
467 585 507 628 oc
525 566 663 636 Latium,
681 565 728 628 uti
746 565 915 650 productis
932 565 1103 648 ex'Livio,
1123 565 1292 650 Sallustio,

47 676 176 742 Valerio
192 675 343 738 Maximo
361 672 559 738 testimoniis
577 673 724 737 ostendit
738 673 811 736 Car.
827 673 942 758 Sigon.
955 675 995 736 ds
1006 681 1071 736 aot.
1083 676 1162 756 jure
1177 676 1248 737 Itol.
1263 679 1292 738 1.

45 807 73 867 p.
82 783 149 846 473.
182 787 186 792 ’

123 1072 233 1137 Latini
253 1092 344 1154 ergo,
360 1070 414 1134 vel
432 1070 514 1134 socii
535 1071 645 1134 Latini
667 1071 824 1153 nominiS,
840 1070 1042 1154 temporibus
1061 1071 1292 1156 antiquissimis
1353 1137 1356 1144 ,

52 1189 134 1245 erant
150 1182 240 1242 lintri·
258 1181 386 1252 incolae,
400 1181 514 1260 populi
527 1179 666 1249 Romani
670 1180 840 1258 foederati,
851 1181 930 1260 jure
946 1178 1036 1241 Latii
1048 1180 1164 1254 donati,
1182 1188 1218 1242 ut
1235 1200 1292 1242 eos

53 1289 155 1376 definit
171 1276 287 1371 Sigon.
302 1288 341 1348 de
359 1288 438 1367 jure
459 1288 529 1347 Itol.
548 1288 574 1348 1.
598 1286 629 1349 2.
648 1307 680 1368 p.
698 1284 770 1348 476.
792 1286 881 1347 Latis·
896 1288 1015 1348 incolae
1037 1285 1201 1367 dicuntur,
1221 1295 1257 1348 ut
1273 1309 1294 1349 a

53 1396 174 1480 reliquis
189 1393 284 1458 Italis
290 1417 298 1468 3
310 1395 422 1474 populi
433 1395 573 1456 Romam·
575 1395 747 1472 foederati,
762 1399 799 1454 ut
820 1414 839 1454 a
854 1390 943 1454 Latii
960 1391 1088 1476 incolis,
1109 1393 1165 1477 qui
1183 1401 1292 1456 tamen

53 1504 130 1568 Latii
137 1503 211 1586 jure
226 1501 316 1564 haud
332 1499 540 1584 fruebantur,
554 1507 815 1564 secernerentur.

613 1653 642 1734 δ.
663 1651 714 1714 76.

358 1769 480 1822 Foedere
497 1785 557 1821 cum
572 1768 678 1837 populis
696 1767 769 1820 Latii
785 1733 972 1835 antiquissimu.

129 1871 260 1933 Linon
275 1869 354 1934 olim
374 1869 500 1954 duplex
519 1873 605 1951 erat,
622 1883 730 1932 verus
750 1877 784 1930 et
800 1885 928 1931 Novum.
952 1867 1059 1930 Vetus
1075 1889 1094 1932 a
1111 1867 1229 1932 Tiberi
1251 1869 1292 1934 ad

59 1979 200 2064 Circejos3
216 2000 337 2040 novum
353 2001 372 2040 a
388 1976 528 2062 Circejis
545 1977 585 2040 ad
605 1975 706 2039 Lirim
726 1983 760 2038 et
777 1973 963 2037 Sinuessam
979 1996 1082 2060 usque
1098 1977 1292 2061 productum

59 2093 105 2148 est.
125 2085 241 2150 Paullo
259 2085 358 2149 latius
375 2086 545 2169 utriusque
562 2083 651 2147 Latii
669 2082 827 2147 terminos
843 2080 971 2166 profert
992 2082 1126 2146 Servius
1144 2085 1186 2147 ad
1208 2085 1294 2168 Vr'rg.

57 2196 170 2256 Aenesil.
185 2196 214 2254 J.
233 2215 260 2256 v.
278 2193 307 2254 6.
336 2193 463 2254 Latium
484 2194 598 2272 duplex·
619 2199 680 2264 est,
702 2209 800 2251 unum
819 2210 839 2249 a
862 2189 965 2250 muers·
982 2191 1026 2250 orl
1047 2191 1190 2264 Ebudes,
1206 2194 1297 2254 uliud

57 2301 118 2362 iude
138 2323 234 2383 usque
256 2301 301 2362 ad
322 2300 516 2362 Vulturnum
529 2301 674 2376 fluvium.
707 2295 774 2358 Sed
798 2315 942 2358 errorem
964 2293 1059 2379 hujus
1081 2295 1294 2363 Grammatici

54 2408 113 2490 jam
135 2407 188 2470 alii
204 2406 430 2470 ostenderunt.
458 2405 588 2470 Latium
615 2423 695 2487 ergo
714 2410 809 2466 vetus
828 2401 961 2485 Tiberi,
986 2403 1138 2484 Aniene,
1159 2403 1295 2484 Ufente‚

58 2513 165 2595 fluviis,
187 2515 334 2599 marique
360 2513 534 2598 Tyrrheno
557 2510 829 2592 concludebatur,
852 2509 1003 2594 illudque
1027 2510 1217 2578 insederant
1238 2517 1295 2576 At-

60 2621 253 2696 lantllutuli,
270 2630 304 2684 et
324 2625 433 2704 Aequi.
447 2621 592 2697 Novum,
604 2616 693 2704 quod
713 2619 754 2681 ab
770 2617 897 2681 Ufente
917 2617 1017 2682 fluvio
1031 2619 1072 2682 ad
1089 2619 1192 2683 Lirim
1212 2642 1293 2706 pro-

62 2729 197 2811 tenditur,
214 2729 320 2811 Oscis,
338 2728 539 2810 Ausonibus,
559 2725 701 2807 Volscis,
715 2726 868 2809 praebuit
886 2726 998 2790 sedes:
1016 2725 1103 2790 Plin.
1117 2729 1201 2792 Hist.
1217 2729 1294 2792 Nat.

64 2835 111 2896 III.
123 2837 147 2896 5.
164 2837 286 2900 Strabo
307 2839 421 2919 Geogr.
437 2836 472 2897 V.
487 2859 512 2898 0.
520 2834 550 2897 3.
564 2835 592 2915 §-
609 2836 639 2896 4.
663 2835 715 2896 Ex
730 2834 780 2897 his
796 2833 891 2917 primi
911 2833 1028 2897 foedus
1047 2853 1118 2898 cum
1134 2835 1295 2901 Romanis

62 2941 166 3005 Albani
178 2944 250 3027 jam
270 2944 371 3027 ipsius
386 2941 524 3006 Romuli
540 2949 690 3025 tempore
712 2942 873 3021 fecerant,
890 2961 956 3023 quo
975 2949 1103 3003 caut-um
1121 2942 1244 3024 fuerat,
1259 2951 1296 3009 ut

63 3070 97 3111 ne
109 3049 221 3113 bellum
243 3052 333 3114 inter
347 3073 382 3114 se
400 3059 557 3136 gererent
572 3049 681 3111 sociae
696 3038 863 3129 civitates,
882 3045 1049 3130 alioquin,
1067 3069 1152 3132 quae
1169 3051 1294 3115 bellum
1418 3131 1420 3136 Ι

63 3155 204 3223 intulisset
221 3159 324 3244 prior,
340 3158 476 3222 alterius
492 3156 656 3242 judicium
677 3178 715 3220 ac
732 3155 884 3218 mulctam
905 3153 1043 3218 subiret:
1064 3154 1202 3238 Dionys·
1216 3159 1295 3222 Hal.

62 3265 147 3328 utu.
162 3267 269 3330 Addit
287 3266 407 3330 Strabo
428 3267 541 3347 Geogr.
564 3265 599 3326 V.
614 3284 639 3323 0.
655 3262 685 3325 3.
702 3264 731 3344 §.
749 3262 860 3326 4111111
880 3269 1001 3326 arctam
1020 3260 1119 3324 fuisse
1135 3263 1222 3326 inter
1234 3265 1295 3326 hos

62 3373 180 3456 populos
195 3373 484 3448 necessitudinem,
501 3379 547 3453 ut,
563 3392 661 3455 quum
678 3368 847 3454 proprium
863 3379 1003 3454 uterque
1016 3357 1130 3453 regem
1144 3371 1294 3454 haberet,

62 3482 205 3544 connubia
222 3489 343 3563 tamen,
362 3489 395 3544 et
412 3501 512 3566 sacra,
531 3486 566 3542 et
583 3471 694 3542 cetera
710 3478 782 3562 jura
797 3476 909 3541 civilia
925 3477 1110 3542 communia
1123 3477 1295 3543 haberent.

61 3583 148 3649 Victis
163 3597 283 3672 postea
302 3611 322 3651 a
338 3588 440 3651 Tullo
457 3584 605 3648 Hostilio
620 3584 774 3666 Albanis,
790 3605 833 3648 ex
851 3585 989 3649 foedere
1009 3587 1217 3669 impetratum
1235 3597 1295 3671 est,

62 3699 90 3752 ut
105 3694 305 3776 juventutem
338 3695 372 3758 in
396 3695 493 3758 armis
515 3693 696 3776 haberent,
722 3693 877 3757 utendam
904 3714 924 3754 a
947 3693 1044 3778 Rege
1070 3693 1294 3759 Romanorum

62 3820 141 3881 quum
161 3825 212 3866 res
236 3781 435 3887 postularet:
456 3802 528 3864 Liv.
546 3806 574 3863 1.
591 3801 642 3863 26.
664 3801 784 3864 Diruta
806 3799 919 3884 paullo
943 3809 1018 3884 post
1037 3799 1145 3884 Alba,
1157 3801 1299 3884 ,legatos

62 3903 181 3972 Romani
202 3911 360 3974 miserunt
378 3910 420 3973 ad
440 3907 577 3993 triginta
594 3909 707 3988 urbes,
727 3907 862 3991 quaein
876 3907 1084 3972 Albanorum
1100 3907 1230 3972 fuerant
1245 3909 1295 3971 di-

64 4012 151 4100 tione,
165 4017 455 4102 postularuntque,
476 4024 512 4078 ut
532 4023 566 4078 et
582 4015 645 4098 ipsi
666 4013 755 4077 dicto
776 4022 885 4078 essent
904 4015 1086 4079 audientes.
1106 4013 1293 4080 Abnuenti-
1370 4009 1372 4012 ’

64 4119 110 4187 bus
121 4123 176 4207 bis,
187 4147 309 4188 novum
322 4125 446 4188 exarsit
458 4122 593 4204 bellum,
605 4144 672 4206 quo
684 4121 718 4184 in
732 4121 881 4205 quintum
895 4144 1013 4185 annum
1025 4122 1295 4205 populationibus

63 4232 164 4313 magis,
180 4254 275 4317 quam
289 4233 387 4318 justis
410 4230 561 4316 praeliis,
581 4237 744 4310 extracto,
765 4251 831 4313 pax
852 4227 981 4292 demum
1002 4227 1090 4290 facta
1110 4227 1316 4314 foedusque

63 4349 235 4404 renovatum
259 4349 325 4402 est:
345 4339 484 4423 Dionys.
502 4337 580 4401 Hal.
596 4341 661 4399 111.
679 4335 730 4399 34.
761 4335 860 4420 Rege
882 4335 946 4398 hoc
969 4345 1074 4398 morte
1097 4336 1294 4419 intercepto,
1377 4413 1380 4424 ἡ

65 4442 194 4530 plerique
214 4448 325 4510 Latini
342 4446 451 4510 soluta
469 4467 538 4509 esse
554 4445 642 4530 regis
656 4442 750 4507 obitu
770 4441 906 4508 foedera
924 4444 1087 4508 dicebant.
1110 4441 1209 4506 Unde
1228 4466 1296 4508 ma-

60 4547 122 4627 jore
140 4565 254 4620 conatu
273 4554 390 4618 domiti
412 4577 430 4617 a
446 4553 629 4636 Tarquinio
655 4552 780 4632 Prisco,
797 4573 852 4614 eas
869 4551 958 4635 pacis
977 4551 1184 4614 conditiones
1201 4543 1296 4618 acce-
