3056 5154
201 395 273 462 olo
647 383 723 454 Lm.
749 380 809 452 lv,
835 379 919 452 Tm.
945 381 1006 451 ΠΙ.

202 583 307 631 senem
321 561 491 632 audivisse,
509 579 605 642 qaum
624 560 663 625 at
681 559 719 622 1..
739 559 873 622 Sobelb‘o
886 557 1035 620 mamam
1055 559 1125 638 loge
1143 559 1283 640 Aquita
1300 559 1338 621 dr
1356 561 1442 640 justi·

203 675 249 736 tta
263 671 294 750 ἃ)
317 671 483 750 petivisset.
513 666 608 743 Quae
633 685 732 749 quum
752 667 799 729 ita
822 664 903 739 sint,
922 662 1172 728 verosimillima
1188 665 1322 729 videtur
1341 664 1443 749 Staplu

204 777 283 840 Vin.
296 774 410 859 Pighii
424 774 597 849 sententia,
613 775 670 856 qui
685 773 718 835 in
734 774 853 834 ΑηηαΙ.
865 773 955 834 Rom.
973 772 1055 832 ibm.
1069 771 1111 832 II.
1123 792 1156 852 p.
1166 771 1238 835 330.
1249 772 1359 857 legem
1371 772 1444 834 bane

203 884 302 948 latam
327 889 422 966 putat
437 903 456 942 a
478 879 515 943 Ι..
538 879 690 963 Aquillio
710 880 748 942 P.
769 881 807 942 F.
826 878 864 942 L.
880 877 923 939 N.
938 876 1059 958 Gallo,
1076 879 1134 961 qui
1155 880 1198 942 A.
1213 879 1255 944 U.
1271 879 1309 944 C.
1324 897 1444 942 nuxxn.

204 989 371 1054 Tribunus
391 985 517 1070 plebis,
540 989 581 1050 A.
599 991 752 1051 unxxin·
773 986 915 1048 Praetor
938 983 1074 1048 Siciliae
1098 985 1176 1048 suita
1206 992 1243 1050 ut
1265 986 1352 1050 adeo
1372 984 1444 1050 baar

204 1097 262 1164 lex
278 1093 510 1180 antiquissimis
525 1093 678 1158 videatur
697 1091 952 1158 adnumeranda.

786 1241 815 1323 ς.
836 1241 866 1302 5.

462 1359 533 1417 Quos
541 1357 651 1424 suerint
667 1357 746 1426 liujus
765 1358 829 1426 lepis
846 1357 952 1424 capita?
972 1356 1059 1425 Caput
1072 1359 1197 1427 primum.

289 1458 443 1521 Ceterum
458 1459 523 1522 tria
533 1459 628 1544 hujus
638 1457 724 1540 legis
736 1457 845 1540 capita
857 1464 1154 1521 commemorantur
1168 1462 1211 1538 ⁰).
1227 1458 1345 1522 Pnsnso
1361 1481 1446 1524 cave-

202 1568 300 1630 batur
313 1566 355 1629 de
372 1566 488 1652 occisis
503 1586 711 1650 quocumque
729 1564 828 1627 modo
845 1567 946 1628 servis
961 1573 1017 1628 aut
1032 1564 1239 1654 animalibus,
1256 1586 1343 1650 quae
1359 1565 1446 1628 dorso

203 1683 237 1738 at
257 1673 347 1736 collo
370 1672 561 1754 domantur,
580 1694 732 1758 quaeque
756 1673 919 1757 gregatim
942 1681 1136 1755 pascuntur,
1152 1680 1188 1736 ut
1210 1673 1300 1738 actio
1325 1672 1447 1736 daretur

202 1782 357 1845 adversus
382 1779 473 1860 eum,
497 1781 554 1863 qui
571 1781 607 1844 id
633 1782 787 1844 damnum
810 1779 942 1843 dederit
968 1779 1106 1863 injuria,
1130 1779 1172 1842 ad
1196 1780 1250 1861 id,
1267 1782 1384 1864 quanti
1404 1799 1447 1842 res

201 1865 287 1952 intra
308 1877 426 1950 annum
447 1889 630 1971 proximum
655 1887 788 1972 plurimi
808 1887 879 1950 suit.
907 1886 999 1970 (Gaj.
1013 1887 1077 1951 111.
1095 1887 1312 1967 210-214.)
1344 1887 1446 1950 Verba

202 1995 353 2078 legitima
378 1994 494 2078 capitis
522 1995 606 2058 haec
641 1995 792 2058 fuerunt=
822 2011 881 2070 Qm
910 2009 1047 2066 sunnon
1079 2012 1275 2076 sunvnnvs,
1303 2009 1446 2058 Amanus

202 2117 417 2183 ALOENAMVE,
441 2117 696 2177 Qusunurnours
726 2119 790 2166 var.
810 2101 844 2182 ¹')
882 2117 1063 2181 Pacuuius,
1078 2108 1230 2166 *intuma
1266 2117 1448 2181 occlusum,

203 2225 332 2286 Quium
354 2227 390 2272 11)
417 2225 453 2272 ΙΝ
476 2226 519 2272 Ro
544 2225 638 2273 Anno
661 2226 804 2272 suumin
829 2223 924 2290 surr,
949 2223 1094 2285 TANTUM
1117 2224 1181 2273 ass
1206 2225 1301 2273 nm
1327 2222 1447 2270 murno

202 2331 342 2382 DAMNAS
357 2331 460 2382 nsua:
474 2317 513 2380 L.
528 2316 558 2380 2.
567 2338 620 2398 pr.
635 2318 676 2378 Ι).
691 2317 737 2378 od
749 2316 826 2397 Leg.
842 2317 960 2396 Aquili.
989 2365 993 2373 .

790 2464 819 2545 §-
843 2463 873 2526 6.

552 2573 627 2631 Quid
643 2573 767 2624 damnum
785 2572 835 2624 bae
853 2572 909 2639 ispe
927 2540 1107 2625 uindicatum?

284 2670 483 2736 Vindicatur
501 2690 581 2754 ergo
603 2669 667 2733 hoc
689 2671 795 2756 primo
818 2653 929 2755 capita¹
952 2692 1059 2757 aeque
1083 2695 1121 2736 ac
1146 2671 1285 2758 reliquis
1308 2674 1449 2739 damnum

269 2871 303 2937 d)
323 2872 496 2924 Hotomanus
524 2869 556 2921 de
579 2871 642 2938 Lep.
658 2887 686 2938 p.
703 2875 746 2924 62.
772 2870 922 2924 Lambinus
940 2871 967 2920 et
984 2870 1016 2921 P.
1030 2853 1182 2922 'Manutius
1201 2867 1293 2922 etalii
1317 2874 1410 2938 legunt
1426 2871 1452 2921 de

201 2957 297 3022 damno
314 2956 422 3024 injurio,
437 2954 485 3032 ⁸9¹1
497 2952 588 3007 invitis
601 2954 688 3008 Codd.
701 2956 785 3010 MSS.
798 2955 846 3024 qui
863 2954 1005 3008 lectionem
1021 2956 1159 3020 vulgatam
1171 2970 1279 3020 semper
1293 2957 1453 3021 praeterunt.

201 3040 243 3092 cf.
261 3039 323 3090 Jan.
342 3039 420 3090 Grut.
440 3040 499 3092 Not.
518 3041 555 3091 ad
567 3039 593 3093 l.
608 3040 626 3092 l.
645 3041 702 3093 Neo
720 3045 809 3092 tamen
827 3039 966 3092 adsentior
985 3039 1044 3090 viro
1062 3038 1246 3092 emditissimo
1263 3039 1390 3092 Antonio
1405 3043 1454 3090 Aa·

200 3121 326 3190 gustino,
346 3122 394 3190 qui
415 3121 443 3174 in
470 3123 539 3176 libro
558 3125 589 3175 de
615 3124 690 3176 Nom.
704 3142 801 3193 propr.
821 3125 911 3177 Pausi.
926 3142 955 3193 p.
981 3129 1042 3176 301.
1071 3123 1147 3176 iios.
1166 3123 1228 3176 Jur.
1251 3123 1327 3176 Tam.
1346 3125 1372 3176 Ι.
1392 3125 1454 3175 bane

168 3196 172 3204 ’
200 3211 295 3273 legem,
314 3207 393 3273 cujus
411 3208 506 3260 Cicero
525 3209 656 3273 meminit,
674 3225 691 3261 a
709 3216 803 3262 nostra
826 3208 962 3260 diversam
979 3207 1066 3262 fuisse
1084 3207 1185 3259 statuit.
1211 3207 1291 3259 Hem.
1317 3209 1455 3260 Falluntur

200 3290 249 3354 illi,
268 3292 316 3360 qui
331 3293 400 3358 ,legis
418 3292 554 3360 Aquilliae
572 3295 603 3344 ds
621 3295 726 3362 injuriis
744 3293 903 3346 Ciceronem
921 3293 1077 3345 meminisse
1094 3293 1248 3356 adfirmant,
1259 3309 1310 3344 neo
1321 3300 1392 3359 puto
1404 3308 1453 3344 rem

201 3393 252 3430 auu
270 3376 390 3444 tetigisse
409 3377 573 3444 Giphanium
591 3385 618 3430 et
635 3379 863 3444 Rittershusium,
876 3377 924 3446 qui
942 3381 1053 3443 putant,
1071 3377 1154 3428 verba
1172 3375 1291 3445 Aqru'ltis
1311 3377 1344 3428 de
1353 3376 1454 3446 justiti«

202 3459 295 3526 spuria
312 3477 382 3524 esse,
400 3466 481 3529 atqua
499 3463 610 3515 alterius
629 3478 711 3515 manu
728 3461 844 3525 inserta:
864 3479 919 3516 nou
937 3463 981 3543 hio
999 3462 1054 3514 dici
1072 3461 1203 3525 arbitror,
1222 3477 1277 3529 qua
1295 3462 1331 3513 de
1350 3479 1380 3513 ra
1402 3465 1454 3528 lege

201 3544 323 3613 Aquillia
334 3543 450 3598 'cautum
467 3547 560 3610 fuerit,
580 3533 619 3599 at
631 3564 666 3599 ex
680 3548 758 3615 justo
781 3550 910 3609 muletam
935 3549 995 3612 lego
1013 3545 1135 3614 Aquillia
1151 3561 1168 3598 a
1186 3545 1306 3599 Sabellio
1329 3546 1453 3611 petitam:

201 3627 416 3681 illudindioant
439 3632 522 3683 verbo
547 3631 579 3682 de
593 3631 708 3701 justitio.
734 3631 834 3685 Dooui
851 3632 920 3686 illud
945 3637 1007 3685 aute
1027 3630 1054 3702 [*
1069 3629 1143 3684 Obsr.
1161 3633 1222 3700 jur.
1248 3631 1330 3684 Rom.
1349 3631 1372 3683 1
1375 3631 1401 3685 V.
1418 3626 1451 3697 9.]

202 3713 323 3766 uberius.
346 3714 428 3768 Onna.

271 3799 301 3864 e)
321 3799 406 3850 Plura
423 3797 513 3865 capita
530 3799 614 3853 luisse
631 3817 687 3854 nou
712 3801 848 3854 immerito
871 3798 1010 3854 existimat
1029 3802 1092 3854 Ger.
1110 3799 1204 3854 Noodt
1221 3801 1258 3853 ad
1274 3801 1340 3869 Lep.
1359 3799 1452 3869 Aquis

202 3901 224 3937 r.
245 3888 267 3935 l.
285 3885 361 3950 quod
378 3888 405 3962 et
422 3890 483 3936 ante
501 3901 564 3938 eum
582 3886 736 3952 suspicatus
753 3893 795 3938 est
808 3885 962 3939 Balduinus
980 3886 1017 3939 ad
1029 3887 1093 3954 Lep.
1105 3885 1205 3955 Aquili.
1214 3902 1244 3953 p.
1262 3889 1319 3938 122.
1338 3885 1409 3937 Sane
1422 3883 1452 3933 de

203 3981 291 4032 poena
309 3967 386 4032 dupli
410 3969 540 4021 adversus
564 3970 727 4022 inficiantem
750 3971 818 4024 nibil
841 3973 871 4025 in
896 3971 985 4024 verbis
1010 3971 1077 4038 legis
1095 3971 1232 4038 Aquilliae
1249 3971 1390 4035 proditum
1406 3973 1451 4030 est,

201 4066 251 4102 neo
269 4052 303 4102 de
320 4045 414 4105 noxali
432 4053 545 4120 satione,
565 4056 599 4106 de
617 4055 820 4123 qua§.4.1nst.
839 4055 871 4107 de
893 4056 962 4108 Nox.
981 4064 1030 4109 art.
1049 4057 1129 4109 Heia.
1148 4057 1294 4108 Caeterum
1312 4054 1368 4107 vid.
1387 4054 1451 4107 iuba

202 4138 257 4187 not.
277 4136 294 4186 l.
313 4134 398 4189 Miibl.

269 4221 300 4286 t)
320 4220 374 4271 Hio
386 4222 559 4274 Hotomanus
571 4223 631 4276 ibid.
647 4227 735 4291 legere
748 4227 867 4278 mavult=
889 4226 1127 4293 Quadrupedemve
1138 4225 1275 4294 pecudem,
1292 4239 1374 4292 quam
1392 4235 1450 4274 aon·

199 4301 333 4368 jacturam
351 4300 450 4370 pr'obst
467 4307 529 4360 Ger.
547 4308 641 4360 Noodt
658 4311 694 4361 od
710 4313 743 4362 L.
761 4311 860 4382 Aquili.
878 4329 899 4364 e.
918 4317 943 4364 2.
958 4329 987 4379 p.
1004 4315 1061 4365 177.
1080 4311 1159 4362 Hein.
1178 4309 1311 4361 Probarit
1327 4314 1355 4360 et
1366 4308 1450 4361 Moer-

202 4401 298 4438 manus
321 4389 348 4442 iu
375 4392 565 4444 Dissertatione
593 4394 625 4445 ds
651 4393 729 4447 rebus
755 4397 870 4463 mancipi
884 4413 912 4464 p.
930 4400 973 4448 45.
998 4395 1170 4463 aliorumque
1199 4394 1370 4460 oonjeoturas
1392 4404 1450 4456 pro-

201 4467 301 4535 posuit.
323 4472 405 4526 Oonn.
423 4475 504 4528 Certo
522 4492 617 4530 seusus
635 4485 692 4532 ost:
711 4481 920 4551 quadrupedem,
939 4497 1006 4549 quae
1018 4479 1150 4548 perusium
1167 4497 1278 4532 nmero
1296 4488 1344 4532 est.
1364 4475 1449 4530 Pal.

202 4551 226 4605 1.
240 4561 257 4608 t.
274 4555 307 4607 L.
325 4559 350 4610 a
367 4559 388 4626 ς.
406 4564 431 4612 a.
449 4562 485 4614 D.
503 4562 531 4616 t.
546 4571 563 4614 s.
585 4561 671 4618 Mitt.
