3080 5154
459 431 468 436 -
519 387 573 458 Da
597 379 863 458 Auorrroumus.
1252 396 1318 464 141

83 567 117 630 V.
138 581 196 627 run
215 579 488 628 rssrauuuruu:
509 565 590 626 Noa.
611 563 811 627 fflvm.
831 565 861 626 l.
878 565 1067 628 LXXXIX.
1081 564 1132 628 lo.
1153 564 1227 642 Qua
1251 565 1322 649 ipsa

83 682 176 735 tamen
204 679 311 734 totum
337 671 507 736 inventum
542 669 795 758 legitimationis
822 690 896 734 eum
922 672 1138 753 destruxisse,
1166 673 1321 737 observat

83 779 260 842 Thomasius
276 780 316 840 de
331 799 393 842 usu
405 788 511 860 praet.
525 780 622 842 doctr.
638 780 677 840 de
694 781 822 860 legitim.
837 799 863 840 o.
875 779 904 840 1.
923 780 952 861 5.
969 779 1019 844 12.
1031 801 1066 862 p.
1080 779 1189 860 44¹³).

526 1080 612 1143 LIB.
634 1079 664 1143 1.
687 1079 778 1143 TIT.
796 1078 862 1142 XI.

675 1247 710 1285 DE

419 1367 970 1444 ADOP'l'IONIBUS.

151 1535 282 1618 Tertius
307 1533 422 1598 modus
446 1521 668 1596 constituendi
687 1533 827 1618 patriam
848 1539 1047 1619 potestatem
1071 1543 1142 1599 erat
1160 1553 1320 1620 suorum,

86 1663 165 1726 qnae,
176 1665 273 1729 quum
286 1641 387 1705 fuerit
402 1641 491 1704 actio
507 1641 603 1726 legis,
616 1643 713 1705 certis
730 1641 889 1724 formulis,
902 1664 940 1705 ac
951 1641 1228 1708 sollemnitatibus
1243 1665 1321 1729 per·

86 1751 208 1834 agenda:
225 1751 372 1837 genuina
391 1751 460 1835 ejus
477 1749 563 1812 ratio
580 1769 623 1811 ex
639 1749 891 1836 antiquitatibus
908 1749 1136 1833 pernoscenda
1153 1751 1225 1813 erit.

647 1903 676 1984 ς.
697 1903 727 1964 1.

319 2019 476 2088 Adoptiom's
494 2017 597 2070 Romae
615 2025 669 2070 tam
678 2019 833 2088 frequentia
853 2037 946 2072 caussa
959 2021 1058 2088 prima.

150 2119 214 2183 Cur
227 2122 365 2184 inventa
380 2143 400 2183 a
413 2118 574 2181 Romanis
591 2117 633 2180 sit
647 2135 807 2199 suornm,
824 2127 858 2182 et
879 2141 935 2183 cur
952 2141 993 2184 ea
1007 2121 1137 2184 Romae
1161 2119 1319 2204 frequen-

81 2224 141 2308 tius,
156 2249 250 2312 quam
267 2248 403 2311 usquam
419 2234 576 2289 terrarum
585 2271 595 2308 ,
612 2225 653 2288 sit
668 2234 833 2310 usurpata,
849 2225 962 2309 paullo
983 2227 1080 2290 altius
1099 2235 1149 2290 est
1163 2236 1319 2312 repeten-

81 2332 153 2416 dum,
168 2357 265 2420 quum
281 2334 362 2398 alias
376 2333 529 2396 universa
540 2333 643 2417 hujus,
654 2333 795 2395 instituti
810 2333 896 2396 ratio
913 2333 991 2396 satis
1006 2333 1152 2418 intelligi
1163 2342 1319 2416 nequeat.

80 2441 317 2506 Observavimus
335 2443 406 2526 jam
428 2462 526 2525 supra
551 2441 681 2521 (18.1.
704 2441 761 2502 iit.
781 2440 822 2501 X.
841 2440 870 2522 §-
888 2439 950 2522 4.),
988 2439 1156 2504 Romanas
1179 2439 1319 2538 familias

80 2546 214 2614 habuisse
230 2572 289 2613 sua
304 2570 395 2612 sacra
410 2548 549 2632 privata,
566 2568 640 2610 suos
656 2547 760 2628 focos,
776 2554 811 2610 et
826 2568 896 2610 aras
909 2547 1116 2630 domesticas,
1132 2569 1204 2610 suas
1218 2569 1318 2632 porro

81 2654 173 2739 serias,
188 2657 230 2720 de
252 2656 371 2741 quibus
395 2655 538 2718 conferri
554 2663 724 2720 merentur
738 2655 886 2719 Maerob.
903 2655 1035 2718 Savum.
1053 2658 1079 2716 I.
1093 2655 1144 2718 16.
1160 2657 1231 2720 Jac.
1249 2656 1318 2720 Gu-

83 2762 150 2824 ther.
163 2767 197 2826 de
211 2766 291 2826 Jure
310 2765 426 2843 Pontis.
441 2765 482 2824 II.
493 2764 523 2824 5.
544 2762 640 2826 Vino.
658 2762 805 2826 Graviua
819 2764 864 2824 od
874 2763 946 2826 XII
960 2764 1050 2826 vast.
1063 2785 1149 2826 nom.
1164 2765 1318 2826 LXXVI.
1340 2789 1345 2800 ¹

75 2891 102 2950 p.
114 2871 177 2934 416.
196 2893 240 2952 sq.
262 2869 318 2935 De
341 2871 381 2934 iis
404 2871 503 2934 sacris
528 2891 626 2952 quum
650 2877 737 2932 esset
758 2870 836 2955 lege
861 2869 1074 2934 decemvirali
1090 2871 1318 2935 constitutum:

80 2991 171 3041 suom
197 2995 345 3042 rnvvsrn
377 2994 554 3042 rsnrsruo
577 2993 743 3041 usuuuro
758 2982 807 3058 1);
831 2976 866 3039 id
888 2976 943 3039 vel
970 2977 1112 3040 maxime
1135 3000 1231 3042 curae
1255 2979 1318 3042 fuit

79 3081 236 3167 Romanis,
263 3107 306 3150 ne
342 3063 517 3170 sacrauilla
543 3085 718 3149 interirent
733 3087 777 3166 11).
818 3083 930 3161 Quare
951 3083 1105 3146 Clodium
1129 3085 1228 3148 etiam
1254 3085 1318 3148 hoc

134 3292 172 3358 m]
191 3294 229 3345 At
240 3289 351 3358 proprie
363 3291 430 3342 haee
441 3306 496 3343 non
508 3297 567 3343 erat
578 3289 737 3358 legitimatio
749 3308 799 3358 per
810 3267 1009 3354 testamentum,
1024 3287 1073 3341 sed
1085 3303 1133 3354 per
1148 3284 1317 3352 rescriptum,

81 3374 197 3428 testatoris
217 3377 335 3444 jussus
359 3375 451 3428 liberis
476 3376 654 3442 impetranda.
681 3378 831 3428 Ptittmanu
856 3375 1087 3428 miscellaneam.
1107 3371 1318 3438 71131111-

81 3462 150 3512 rezoll
162 3461 291 3514 zeitschr.
307 3463 325 3514 t.
340 3459 434 3513 Civilr.
446 3478 474 3512 u.
485 3463 612 3512 Prooess.
627 3461 646 3511 1.
660 3476 686 3526 p.
698 3465 740 3515 78.
753 3447 816 3529 sqq.¹
825 3460 963 3514 Zimmern
976 3460 1012 3512 R.
1024 3460 1057 3512 G.
1064 3461 1082 3512 i.
1089 3460 1107 3511 l.
1119 3475 1146 3525 p.
1158 3461 1218 3512 805.
1230 3457 1317 3512 Mitt.

135 3546 163 3612 a)
181 3547 223 3598 De
238 3545 323 3598 sacris
336 3543 449 3612 privatis
465 3545 519 3598 vid.
533 3545 668 3610 imprimis
680 3545 737 3600 Cio.
752 3547 783 3598 de
802 3547 876 3616 lapid.
892 3547 926 3597 11.
939 3563 961 3598 e.
979 3549 1012 3598 19
1027 3577 1061 3586 -
1072 3549 1116 3597 21.
1133 3549 1161 3595 et
1173 3544 1270 3597 Festus
1283 3545 1317 3596 de

83 3625 143 3679 GV.
155 3649 176 3683 a.
188 3633 239 3682 erbe
255 3633 338 3684 rueme
353 3629 487 3698 (Savigny
499 3629 527 3682 in
540 3631 567 3682 d.
580 3630 709 3682 Zeitsohr.
722 3631 739 3680 t.
746 3632 837 3695 gesoh.
846 3631 880 3682 R.
892 3629 940 3681 W.
956 3630 988 3680 Τ.
1001 3629 1037 3679 II.
1050 3627 1099 3680 Nr.
1112 3628 1178 3681 XV.
1190 3630 1211 3680 I.
1225 3633 1318 3695 paea.

83 3714 143 3779 sqq.)
160 3716 255 3768 Festus
274 3732 300 3766 v.
310 3715 420 3784 publico
437 3733 515 3767 saera
536 3714 670 3782 (Savigny
689 3714 740 3765 lt
759 3715 825 3766 XV.
844 3715 879 3766 11.
899 3731 927 3781 p.
942 3717 1002 3767 380.
1021 3730 1082 3782 sqq.
1100 3713 1164 3765 Vid.
1182 3719 1272 3764 mmeu
1291 3717 1318 3764 et

83 3793 171 3851 Walter
187 3802 220 3853 R.
240 3802 273 3852 G.
291 3801 313 3851 Ι.
332 3818 358 3868 p.
379 3805 437 3854 178.
455 3803 513 3852 not.
532 3798 588 3864 1³).
608 3797 694 3850 Multi.
754 3870 757 3873 Ι

138 3883 166 3950 b)
185 3884 342 3952 Aliquando
357 3890 447 3936 tamen
461 3884 489 3936 id
508 3883 632 3949 agebant,
650 3887 681 3934 ut
698 3897 775 3936 saera
793 3883 899 3948 privata
916 3881 1141 3944 interimerentur,
1159 3879 1274 3948 eamque
1289 3879 1317 3932 in

83 3980 128 4017 rem
138 3968 195 4021 qu
212 3969 371 4022 invenerant
388 3983 466 4022 senes
485 3983 562 4020 saera
576 3966 738 4020 coementes.
763 3967 992 4034 Excogitaveraut
1007 3969 1079 4022 euim
1095 3981 1155 4020 eam
1175 3964 1317 4028 rationem,

83 4050 188 4106 uthere·
206 4054 317 4107 senibus
343 4055 472 4106 venderet
493 4069 526 4106 ea
550 4053 635 4116 bona,
654 4069 725 4120 quae
743 4053 791 4120 qui
812 4055 956 4118 haberent,
974 4054 1058 4109 saoris
1077 4050 1316 4114 adstringereutur,

82 4135 218 4190 venditione
234 4136 394 4204 imaginaria
411 4154 460 4204 per
478 4153 525 4190 aes
543 4143 571 4190 et
587 4137 694 4201 libram,
713 4136 806 4190 addita
819 4137 1004 4203 stipulatione,
1019 4139 1061 4189 vel
1073 4133 1180 4197 fiducia,
1193 4138 1224 4184 ut
1238 4147 1317 4184 senes

83 4215 115 4268 illi
129 4219 193 4274 bona
209 4221 345 4276 venditori
361 4224 405 4274 vel
426 4223 520 4274 heredi
539 4238 594 4274 nou
612 4228 643 4274 ut
659 4219 851 4285 hereditatem,
869 4222 918 4274 sed
935 4227 966 4272 ut
983 4237 1026 4274 res
1045 4219 1212 4286 singulares,
1232 4218 1317 4270 saeris

83 4297 179 4370 liberas,
196 4307 346 4359 redderent.
373 4307 443 4358 Rem
467 4324 503 4359 ex
527 4310 588 4359 looo
606 4308 724 4360 obscuro
743 4306 800 4358 Cio.
816 4324 869 4374 pro
888 4308 963 4359 Mur.
981 4324 1003 4356 e.
1023 4309 1063 4356 12.
1081 4300 1227 4367 explicavit
1245 4307 1271 4352 et
1288 4300 1318 4354 iu

84 4384 155 4440 luoem
177 4393 310 4456 protraxit
326 4394 360 4446 V.
380 4393 410 4446 C.
428 4394 474 4445 J6.
495 4394 539 4445 Fr.
558 4394 678 4446 Gronov.
698 4391 730 4442 da
751 4408 847 4458 pecua.
866 4399 915 4442 oet.
935 4390 985 4441 IV.
1004 4393 1029 4442 7.
1047 4404 1128 4456 quem
1152 4387 1249 4440 deiude
1274 4403 1316 4440 se-

84 4477 169 4533 quutus
185 4477 227 4529 Jo.
247 4479 296 4530 Ge.
315 4479 448 4531 Graevius
469 4477 528 4529 Not.
547 4477 582 4529 ad
602 4475 654 4528 Cic.
673 4476 690 4527 1.
709 4495 730 4527 c.
754 4475 877 4542 Uterque
894 4472 1013 4538 monuit,
1036 4487 1178 4538 perperam
1196 4490 1258 4526 oum
1274 4472 1316 4525 his

26 4614 34 4635 ο
85 4556 178 4611 servibas
195 4563 228 4614 ad
246 4563 424 4615 interimenda
442 4577 519 4614 sacra
536 4561 664 4614 adhibitis
682 4560 812 4612 eorrsundi
830 4575 909 4612 senes
928 4557 1120 4633 oo'emtiouales
1138 4559 1210 4622 apud
1227 4559 1316 4610 Plaut.
