3056 5154
79 433 84 442 ·
170 397 278 464 oss
649 366 814 462 un‘rv.
840 389 922 460 ua.
948 391 1034 464 rr.x
1076 427 1089 436 -

208 575 292 632 rent
315 565 382 630 Sed
397 571 516 650 postea
531 565 633 630 fastos
648 566 730 630 istos
744 565 928 651 publicavit
941 566 1002 632 Gn.
1018 565 1169 630 Flauius:
1186 564 1306 629 Cicero
1320 566 1359 628 ds
1374 565 1449 628 Orn-

207 675 316 740 oror.
338 674 389 737 41.
406 695 466 756 pro
480 674 686 738 noemae.
706 674 756 736 11.
774 697 819 758 sq
845 673 1088 751 Quinctiliaous
1111 672 1451 736 oneraremus.

207 783 245 844 L.
259 782 290 844 2.
309 781 338 862 5.
356 780 387 844 6.
400 781 430 843 7.
448 782 500 843 D.
509 782 549 842 de
570 783 696 862 θνίς.Ι
675 803 745 863 μιν.
773 780 848 859 Qua
866 781 909 845 de
924 801 961 846 re
983 781 1144 866 quaedam
1161 801 1260 864 supra
1281 779 1322 844 ad
1337 801 1452 930 prooe-

207 889 304 952 mium
327 887 555 972 scripsimus§.
569 889 599 948 b.
614 888 643 950 6.

782 1015 811 1097 5.
834 1015 884 1078 12.

515 1129 632 1198 Sisqulis
649 1129 836 1198 repetitionibus
852 1131 920 1184 certi
936 1132 991 1184 dies
1008 1131 1146 1198 odsiqnotrss

290 1228 497 1315 Quamquam
522 1252 602 1294 vero
630 1231 746 1294 diebus
771 1229 862 1294 fastis
894 1231 1022 1316 copiam
1052 1231 1101 1294 sui
1126 1229 1272 1293 faciebat
1301 1229 1450 1293 Praetor:

208 1336 362 1401 solebant
377 1345 486 1422 tamen
504 1335 586 1401 alios
602 1339 673 1401 dies
694 1337 981 1424 postulationibus,
1003 1334 1086 1401 alios
1102 1335 1357 1422 cognitionibus,
1372 1337 1452 1400 alios

209 1442 361 1521 decretis,
373 1445 456 1508 alios
471 1447 786 1527 manumissionibus,
798 1444 881 1511 alios
894 1445 966 1510 aliis
979 1446 1105 1510 actibus
1120 1443 1300 1522 destinare,
1313 1452 1349 1507 ut
1362 1453 1453 1526 patet

209 1572 252 1614 ex
273 1552 419 1637 Ulpiano
438 1553 475 1613 L.
489 1552 520 1615 2.
541 1554 570 1634 §.
587 1556 615 1614 1.
632 1555 663 1618 2.
679 1556 720 1616 D.
745 1555 821 1631 aren
844 1555 919 1616 ordo
942 1557 974 1616 in
992 1575 1128 1635 possess.
1149 1560 1303 1615 servetur.
1325 1551 1407 1614 Eum
1422 1551 1452 1611 io

207 1659 304 1724 finem
334 1659 369 1722 in
390 1658 569 1744 provinciis
590 1661 766 1725 Praesides
789 1655 887 1724 certis
908 1664 987 1731 anni
1006 1659 1210 1744 temporibus
1235 1674 1453 1738 coNvuu'rUlt,
1512 1645 1513 1712 l

208 1768 278 1831 sive
297 1783 413 1831 nouum
428 1767 620 1831 indicebant
636 1774 678 1851 t),
694 1769 728 1832 id
746 1777 813 1850 est,
829 1777 957 1852 tempus
973 1777 1006 1832 et
1022 1767 1131 1832 locum
1152 1764 1452 1849 distinguendorum

207 1873 429 1959 negotiorum·
458 1875 512 1938 De
537 1876 655 1959 quibus
680 1876 897 1940 conventibus
915 1875 1068 1960 juridicis
1091 1874 1227 1938 videndi
1251 1872 1449 1957 Theophilus

83 2029 87 2040 .
208 1983 252 2044 ad
264 1984 292 2063 §.
307 1981 337 2042 4.
355 1982 430 2043 lust.
456 1982 520 2058 Qus·
540 1991 574 2043 et
586 2005 627 2044 es
648 1985 727 2065 quib.
743 1987 863 2046 caussis
874 2003 1014 2046 monum.
1029 2003 1092 2044 non
1105 1985 1153 2045 lio.
1175 1979 1311 2044 Servius
1328 1982 1370 2042 od
1387 1981 1453 2040 Ve-

206 2091 279 2173 giis'i
295 2091 426 2150 Aeneid.
447 2087 483 2150 V.
499 2111 526 2150 o.
542 2089 614 2153 758.
631 2096 665 2152 et
681 2091 722 2152 II.
739 2113 767 2152 a.
785 2089 855 2153 102.
871 2112 916 2172 sq.
930 2094 976 2172 ³¹).
998 2089 1035 2153 si
1051 2090 1123 2174 quis
1144 2096 1230 2152 stato
1246 2087 1305 2150 die
1319 2109 1385 2150 non
1402 2085 1454 2151 ad-

208 2205 290 2278 erat,
306 2195 562 2280 exspectandum
580 2198 611 2260 ei
628 2207 710 2281 erat,
727 2198 918 2284 usquedum
931 2206 1033 2262 novus
1048 2196 1253 2260 indicaretur
1264 2203 1455 2260 conventus:

207 2305 340 2369 Servius
364 2305 434 2366 ibid.
457 2305 649 2390 Peregrinis
671 2315 781 2370 tamen
803 2306 919 2390 procul
939 2303 1192 2369 advenientibus
1214 2321 1453 2386 nonnumquam

201 2415 256 2499 jus
272 2422 368 2476 extra
389 2411 538 2475 ordinem
563 2413 751 2478 dicebatur-2
774 2415 904 2478 Seneca
920 2412 1185 2496 spinelbaum
1206 2432 1274 2475 non
1291 2407 1453 2486 militibus,

207 2529 293 2586 teste
308 2519 474 2584 Juvenale
491 2520 559 2583 Sat.
576 2520 666 2582 XVI.
681 2542 709 2583 o.
725 2521 776 2584 48.
790 2543 855 2606 sqq.

780 2673 809 2756 s.
829 2673 879 2739 13.

578 2786 649 2841 Ante
668 2790 794 2843 actionem
813 2800 912 2845 tentato
930 2792 1087 2860 compositio.

292 2890 446 2954 Ceterum
470 2886 527 2972 qui
547 2891 679 2954 actione
704 2890 849 2977 experiri
875 2895 1130 2974 constituerant,
1146 2890 1236 2975 prius
1256 2913 1319 2976 per
1341 2890 1455 2956 amicos

208 2998 375 3062 faciebant
391 2996 589 3081 periculum,
603 3021 644 3062 an
660 3001 740 3085 quid
760 3001 923 3086 proficere
947 3000 1067 3064 liceret
1088 3001 1174 3064 iutra
1188 3000 1346 3084 parietes.
1367 2998 1457 3078 Quo-

207 3126 277 3168 rum
293 3123 397 3186 opera
412 3103 438 3165 si
453 3103 571 3169 frustra
587 3116 691 3189 esset,
707 3116 775 3171 tum
788 3109 922 3173 demum
944 3116 1077 3173 ventum
1094 3108 1128 3170 in
1139 3109 1193 3192 jus
1210 3116 1270 3170 est.
1293 3107 1408 3171 Docet
1426 3105 1456 3169 id

208 3210 396 3295 exemplum
419 3212 507 3296 'apud
528 3214 657 3278 Livium
674 3216 730 3278 IV.
745 3216 774 3277 9.
796 3224 830 3278 et
846 3214 964 3278 Cicero
981 3235 1045 3298 pro
1062 3217 1101 3278 P.
1124 3215 1250 3291 Qurhtio
1267 3235 1294 3277 o.
1309 3215 1340 3276 5.
1363 3235 1408 3296 sq.
1427 3219 1456 3274 et

207 3341 232 3380 c.
254 3317 304 3380 11.
327 3340 347 3381 a
370 3340 435 3401 quo
459 3320 620 3406 ejusmodi
644 3323 739 3385 amici
762 3325 983 3406 disceptatores
1005 3325 1166 3386 domestici
1183 3331 1356 3403 vocantur,
1379 3341 1452 3406 quos

208 3447 287 3490 cave
308 3426 487 3491 confundas
508 3450 579 3491 cum
601 3429 746 3494 arbitris:
768 3430 805 3492 L.
820 3429 871 3494 13.
885 3432 914 3511 5.
928 3410 1015 3492 21).
1031 3432 1070 3492 de
1084 3430 1210 3510 Recepi.
1229 3437 1260 3492 et
1281 3433 1340 3511 qui
1352 3429 1455 3490 arbitr.

207 3554 306 3613 recma.
326 3530 406 3594 Ger.
426 3533 542 3600 Noodt
557 3539 597 3600 de
614 3545 697 3618 pact.
720 3545 750 3598 et
773 3547 924 3600 transeat.
940 3558 965 3598 c.
980 3536 1010 3597 1.
1027 3559 1061 3619 p.
1080 3535 1152 3598 648.
1174 3535 1211 3598 Si
1231 3556 1285 3602 res
1307 3536 1358 3600 ita
1371 3557 1456 3598 com·

208 3639 289 3722 poni
314 3660 380 3703 non
405 3650 630 3724 posset,-tum
664 3643 793 3706 demum
823 3643 1024 3728 sequebatur
1044 3643 1078 3706 in
1095 3645 1150 3728 jus
1176 3644 1328 3720 vocatio,
1357 3665 1376 3704 a
1395 3661 1457 3726 qua

209 3744 352 3808 omnium
369 3748 533 3812 actionum
557 3750 829 3815 instituendarum
844 3751 1041 3837 principium
1059 3751 1223 3834 proficisci
1238 3751 1284 3815 ait
1300 3749 1458 3814 Justinia-

208 3873 267 3916 nus
283 3853 311 3934 5.
325 3853 356 3918 3.
378 3855 455 3916 lost.
470 3857 508 3918 de
523 3858 622 3920 Poen.
638 3868 708 3922 iem.
722 3863 800 3942 ittig.
815 3863 860 3940 ¹).

214 3989 501 4004 Μ

277 4061 302 4125 t)
323 4059 403 4113 Unde
420 4060 522 4126 oppida
540 4061 602 4114 dein
620 4068 680 4114 orta
699 4069 771 4129 snut,
791 4069 821 4116 ut
837 4066 940 4117 Forum
958 4061 1083 4126 Claudii,
1096 4061 1225 4122 Cornelii,
1243 4059 1359 4114 Domitii
1366 4057 1379 4124 ,’
1394 4061 1459 4112 Fol-

207 4141 253 4208 vit,
268 4143 348 4206 Julii,
366 4144 472 4210 Lepidi,
491 4145 570 4207 Livii,
589 4147 813 4214 Segusianorum,
834 4147 936 4202 Tiberii
957 4154 1007 4200 etc.
1028 4162 1144 4216 quorum
1163 4149 1294 4216 pleraque
1311 4145 1458 4199 hodiedum

208 4228 311 4281 florent.
330 4229 410 4282 Heio.

276 4315 309 4382 u)
329 4315 372 4366 De
390 4309 566 4365 conventibus
582 4314 708 4381 juridicis
722 4317 837 4370 seorsim
855 4315 984 4384 exposuit
995 4316 1021 4369 J.
1034 4318 1065 4371 Ι..
1079 4318 1111 4368 E.
1123 4317 1307 4368 Ptlttrosuous
1318 4312 1376 4365 Ls'l.
1393 4314 1457 4378 einp.

209 4393 440 4448 necestuosorum
457 4415 480 4449 c.
498 4401 540 4451 25.
558 4415 584 4463 p.
602 4405 760 4456 ass-244.
780 4402 868 4455 Houb.

275 4478 310 4544 x)
330 4479 372 4532 De
389 4481 432 4545 iis,
450 4497 521 4550 quse
538 4484 567 4536 io
584 4484 639 4537 litis
658 4486 772 4538 exordio
791 4487 890 4540 fiebant
907 4488 978 4540 conl.
996 4492 1059 4540 Ant.
1074 4488 1160 4540 Henr.
1177 4499 1231 4536 van
1244 4485 1321 4536 Heca
1341 4483 1412 4535 nos.
1427 4481 1457 4532 ds

206 4561 246 4620 iis,
264 4578 330 4630 quae
348 4566 488 4646 antiquitas
506 4568 579 4638 opud
596 4568 732 4623 Romanos
749 4573 819 4624 inter
837 4572 979 4642 is'trpatoror
997 4579 1058 4624 onte
1076 4571 1147 4624 litem
1164 4577 1336 4626 conterrerem
1344 4564 1456 4638 fiebant.
