3130 5148
552 355 756 425 Paaansrro
781 357 903 426 Paron.
1273 383 1356 434 xxv

103 530 189 611 bant,
204 527 353 593 audituri
367 529 416 594 ibi
429 529 680 596 Jureconsultos
695 536 933 615 mgnnrraarsr,
952 535 980 598 ai
995 535 1072 631 Deo
1084 535 1214 620 placet,
1231 537 1357 602 docen-

102 642 213 717 rese),
231 645 268 700 et
289 635 430 700 redituri
449 636 528 702 inde
550 637 687 703 rabulae
708 639 795 703 baud
818 643 993 724 postremi,
1009 644 1229 728 confidentes,
1252 667 1355 728 acres,

100 743 313 824 contentiosi,
329 752 365 806 et
380 743 470 828 quod
486 743 680 829 palmarium
696 755 764 809 tum
778 745 963 830 videbatur,
979 751 1150 816 multarum
1166 751 1277 838 legum
1292 754 1356 816 sibl

99 873 164 916 non
180 849 430 916 intellectarum
453 851 616 936 principun
634 875 700 916 noo
716 855 831 937 spiritu
847 857 950 920 citare
965 853 1159 940 gnariss'imi.

99 965 102 970 ’
179 959 309 1023 Verum
327 957 505 1042 suppuduit
521 957 650 1021 demum
665 959 688 1021 J
690 962 917 1026 ureconsultos
932 973 1045 1027 tantae
1057 965 1234 1047 barbariei,
1246 967 1357 1030 Deus·

100 1088 162 1151 que
177 1066 267 1130 banc
285 1066 332 1128 eis
351 1073 492 1130 mentem
509 1065 614 1145 dedit,
630 1074 666 1129 ut
679 1087 751 1130 cum
774 1068 835 1132 illo
851 1069 963 1154 legum
982 1071 1091 1134 studio
1110 1083 1243 1156 praeter
1260 1095 1358 1138 accu—
1424 1102 1426 1112 ·

99 1176 255 1236 ratiorem
273 1171 496 1236 ratiocinandi
518 1179 620 1234 artem
642 1173 774 1258 aliaque
797 1177 979 1259 praesidia,
1001 1179 1099 1241 etiam
1123 1180 1356 1265 antiquitatum

18 1355 24 1364 .
99 1282 130 1343 in
155 1281 271 1364 primis
299 1277 521 1372 Romanarum
544 1281 697 1364 peritiam
723 1283 973 1368 conjungerent.
1003 1284 1169 1351 Viderunt
1191 1297 1357 1372 postrema

99 1387 179 1451 haec
195 1386 567 1452 seculaJureconsultos
578 1387 837 1470 humanissimos,
849 1409 1042 1474 mauruntus,
1055 1411 1209 1477 unorros,
1225 1413 1358 1458 aorno-

100 1512 241 1578 rnnnos,
256 1510 457 1574 Avnnauros,
481 1510 836 1580 v'ruu108,n1ruuuaos,
856 1515 1047 1582 namanes,
1066 1517 1229 1582 orsumos,
1248 1515 1358 1566 nnun-

100 1618 227 1684 nuaOS,
247 1595 437 1684 manseron,
460 1618 632 1682 musanen,
655 1618 886 1687 sedunenses,
909 1623 1231 1688 avunuusuonnros,
1246 1627 1357 1674 Noou-

100 1727 192 1791 r10S,
214 1724 483 1789 scuunrrucuOS,
502 1709 559 1793 qui
580 1709 663 1773 nihil
685 1711 836 1775 fecerunt
856 1713 997 1797 reliqui,
1013 1724 1049 1778 ut
1070 1715 1200 1800 legibus
1221 1738 1263 1779 ex
1286 1717 1359 1800 ipsa
1469 1775 1470 1780 ,

11 1839 15 1872 ι
101 1829 200 1885 status
215 1815 363 1879 Romani
384 1824 600 1902 veterumque
619 1819 737 1881 rituum
756 1820 1037 1904 contemplatione
1060 1822 1168 1888 lucem
1190 1824 1358 1888 suffunde·

101 1934 180 1989 rent.
204 1923 274 1987 Sed
291 1922 443 2008 plerique
465 1933 576 1987 tamen
592 1924 763 2016 dumtaxat
778 1925 1135 2014 singularia'quaedam
1152 1932 1238 2016 juris
1254 1931 1357 1995 nostri
1426 2007 1431 2014 ἢ

11 2019 13 2028 l
100 2033 209 2118 capita
231 2030 428 2094 illustranda
451 2043 680 2116 susceperunt,
704 2053 868 2120 nemoque
891 2035 1016 2117 adbuc,
1034 2046 1190 2122 quantum
1213 2039 1357 2120 memini,

101 2141 247 2220 exstitit,
264 2139 321 2223 qui
343 2157 405 2222 per
420 2159 533 2201 omnes
548 2139 633 2224 juris
649 2149 759 2224 partes
782 2143 893 2206 eundo
910 2143 974 2208 hoc
998 2146 1204 2230 antiquitatis
1226 2149 1299 2222 iter,
1322 2153 1358 2208 ut

102 2249 229 2311 Cranno
245 2250 277 2327 11)
294 2255 404 2328 vocat,
421 2245 612 2310 coniecerit.
628 2247 792 2331 Equidem
805 2267 958 2314 recondat
971 2269 1224 2316 Goruorauuuu
1234 2255 1357 2337 justum

102 2355 334 2439 antiquitatum
352 2354 568 2437 juridicarum
587 2377 706 2438 corpus
728 2355 920 2419 meditatum
944 2378 1033 2437 esse,
1055 2365 1170 2437 auqtor
1193 2366 1243 2421 est
1259 2359 1359 2422 Moa-

103 2479 224 2528 uorrus
240 2469 286 2542 ⁰),
301 2461 336 2525 id
353 2462 461 2546 quod,
484 2463 510 2525 si
527 2463 662 2527 vidisset
684 2463 811 2544 lucem,
825 2473 988 2548 tamquam
1004 2464 1145 2530 Phidiae
1167 2465 1304 2551 aliquod
1316 2465 1358 2529 si-

102 2592 197 2654 gnum
223 2570 370 2634 omnium
393 2571 508 2654 procul
529 2571 632 2636 dubio
655 2571 875 2636 cordatiorum
900 2571 1149 2638 admirationem
1173 2574 1355 2638 meruisset.
1425 2601 1440 2612 ·

102 2678 224 2742 Verum
242 2677 433 2742 inviderunt
449 2681 544 2743 nobis
560 2681 628 2744 feta
645 2690 710 2744 tam
728 2677 929 2743 luculentum
950 2701 1043 2765 opus,
1054 2702 1164 2768 neque
1187 2683 1358 2768 quisquam

105 2785 209 2850 adbuc
230 2787 265 2849 in
282 2787 367 2850 tanti
381 2787 443 2849 viri
458 2786 591 2851 labores
607 2787 770 2851 successit.

184 2894 296 2972 Quum
315 2914 394 2958 vero
411 2903 445 2957 et
459 2916 536 2978 ego,
553 2906 708 2980 quantum
728 2895 879 2959 utilitatis
894 2895 977 2960 baec
992 2898 1223 2984 antiquitatum
1239 2898 1358 2962 notitia

99 3002 180 3086 juris
195 2987 342 3065 Romani
359 3003 540 3066 cultoribus
563 3003 703 3084 adferat,
724 3003 931 3089 experiundo
946 3005 1145 3086 didicissem,
1166 3014 1200 3069 et
1217 3006 1294 3069 olim
1312 3007 1360 3070 ita

104 3111 233 3174 ferente
256 3109 438 3173 studiorum
454 3133 598 3174 meorum
623 3113 764 3204 ratione,
780 3112 813 3174 in
829 3110 1064 3195 pervolvendis
1081 3112 1226 3176 melioris
1242 3113 1360 3176 aetatis

103 3217 292 3281 auctoribus
322 3216 585 3304 indagandisque
611 3219 863 3304 antiquitatibus
886 3219 975 3282 baud
997 3241 1109 3302 parum
1139 3219 1357 3282 insumsissem

102 3347 244 3410 operae:
268 3325 402 3388 facilen
419 3347 470 3388 me
492 3327 682 3412 impetravi,
698 3335 734 3390 ut
747 3326 811 3389 hac
832 3327 1025 3412 recupidae
1046 3326 1159 3410 legum
1176 3326 1359 3409 juventutis

103 3433 212 3497 studia
234 3455 295 3516 pro
313 3433 401 3496 virili
417 3455 490 3497 mea
512 3443 606 3518 parte
622 3435 743 3518 juvare
759 3434 936 3498 adniterer.
959 3436 1009 3498 Eo
1026 3435 1166 3498 consilio
1188 3435 1358 3518 superiore
1405 3435 1409 3440 ’

103 3550 229 3605 aestate
246 3541 281 3603 in
304 3540 456 3624 publicis,
472 3545 552 3625 quas
567 3541 763 3624 indixeram,
780 3543 1060 3626 praelectionibus
1076 3543 1117 3606 ad
1141 3542 1288 3628 singulos
1303 3542 1361 3606 In-

105 3649 310 3712 stitutionum
333 3648 448 3712 titulos
472 3671 512 3714 ea
529 3650 715 3734 explicavi,
732 3672 817 3734 quae
834 3672 877 3742 ex
899 3649 1151 3734 antiquitatibus
1171 3652 1213 3716 ad
1234 3650 1360 3714 intelli-

106 3755 362 3840 gendam'illam
379 3757 463 3842 juris
488 3742 656 3822 materiam
681 3743 888 3824 observanda
905 3757 1112 3822 videbantur.
1135 3757 1245 3835 Quum
1269 3779 1360 3838 vero,

106 3865 290 3928 auditorum
309 3863 486 3926 memoriae
509 3866 730 3948 consulturus,
752 3867 961 3948 brevissimis,
977 3875 1132 3951 quantum
1148 3865 1281 3940 licebat,
1299 3886 1362 3948 po-

106 3971 279 4034 sitionibus
303 3972 413 4034 omnia
435 3973 684 4036 conclusisscm:
707 3974 829 4058 dignae
851 3973 930 4038 illae
947 3973 1139 4060 quibusdam
1164 3973 1252 4036 visae
1275 3981 1360 4054 sunt,

106 4101 183 4164 quas
208 4098 400 4142 revocarem
420 4082 485 4144 sub
509 4080 640 4163 limam,
666 4092 698 4146 et
714 4079 868 4166 publicae
890 4082 957 4145 luci
980 4101 1192 4165 exponerem.
1214 4080 1258 4142 Et
1281 4079 1360 4143 inde

171 4270 215 4334 m)
237 4269 429 4336 Magistralem
456 4274 525 4324 banc
550 4273 667 4326 docendi
689 4274 847 4326 metlrodurn
865 4275 1014 4326 luculenter
1032 4289 1066 4324 ex
1086 4270 1276 4322 Pammene
1295 4270 1361 4323 clar.

107 4353 153 4421 leq.
171 4355 303 4422 interpr-r.
322 4355 364 4408 ΙΙ.
383 4361 408 4409 6.
427 4359 534 4426 exponit
550 4373 668 4411 anonas.
686 4359 723 4412 ad
740 4359 839 4411 Melelr.
858 4359 889 4410 de
908 4357 993 4410 Orsen
1014 4354 1126 4406 Tectam.
1143 4371 1171 4422 p.
1189 4357 1249 4407 398.

172 4441 206 4506 n)
227 4439 286 4492 Cre.
305 4441 338 4492 dr
355 4439 437 4514 prot.
455 4443 479 4495 Ι.
497 4445 540 4496 60.
1311 4442 1315 4449 ’

171 4525 204 4592 ο)
224 4523 512 4595 ΜοκΗοῐ.ῬοΙφΙιίεΐ.
540 4528 612 4582 Tom.
630 4528 688 4580 111.
708 4530 767 4583 Lib.
792 4529 837 4583 VI.
859 4529 927 4582 Soet.
945 4525 1004 4578 ΙΙΙ.
1023 4525 1044 4590 ξ.
1065 4528 1104 4578 ll.
1120 4541 1148 4592 p.
1166 4529 1210 4577 83.
