3056 5154
532 401 586 470 lln
611 403 834 476 Aonorrnus.
1236 413 1311 484 689

232 757 237 768 ‚
554 692 628 752 Qus
642 692 818 750 samaeus
1104 767 1112 786 .

140 807 359 872 Jumsnrcrro
375 807 501 872 duabus
518 810 690 873 constabat
709 809 867 894 partibus,
883 813 1006 876 decreto
1022 813 1150 878 scilicet
1167 823 1202 878 et
1219 819 1310 898 judi·

51 921 99 978 cs’s
119 916 256 977 datione.
284 915 369 979 Nam
390 915 567 980 Pmetorcs
590 924 646 980 aut
663 917 746 1000 ipsi,
765 938 878 981 caussa
898 921 1050 1006 cognita,
1073 921 1310 1006 decernebant,

54 1030 113 1086 aut
133 1019 285 1106 jndices,
303 1023 361 1107 qui
387 1031 644 1106 cognoscerent,
670 1021 810 1106 dabant,
830 1025 937 1111 iisque
962 1038 1085 1092 certam
1104 1031 1310 1112 praescribe·

50 1133 137 1193 bant
144 1119 318 1213 judicandi
333 1129 517 1211 formulam,
533 1131 623 1214 cujus
635 1131 734 1195 moris
749 1132 911 1218 originem
927 1137 968 1199 ab
984 1135 1062 1220 ipsis
1076 1135 1209 1220 Regum
1225 1145 1310 1201 tem-

50 1238 191 1322 poribus
205 1239 329 1322 repetit
345 1236 423 1301 Ger.
437 1236 555 1300 Noodt
570 1239 609 1300 sle
623 1240 741 1302 Jurs'sd.
755 1243 781 1301 I.
795 1239 825 1303 6.
835 1263 869 1324 p.
885 1241 956 1303 127.
979 1241 1100 1326 Neque
1114 1263 1207 1326 vcro,
1219 1245 1309 1329 quod

52 1345 158 1409 multi.
171 1345 379 1426 existimant,
395 1343 429 1408 in
444 1344 613 1408 Praetoris
635 1347 776 1429 positum
799 1355 871 1412 crat
893 1349 1043 1431 arbitrio,
1058 1349 1206 1416 velletne
1215 1353 1310 1436 jndi-

50 1473 125 1516 cem
146 1451 226 1516 dare
242 1453 408 1516 ordinario
419 1453 513 1537 jure,
530 1471 571 1514 an
587 1451 702 1516 mallet
724 1453 796 1537 ipsc
812 1463 907 1518 extra
923 1455 1072 1519 ordinem
1089 1479 1308 1543 cognosceres

51 1560 113 1623 sed
140 1559 242 1624 edicti
271 1559 425 1623 habenda
450 1568 521 1622 erat
546 1559 649 1640 ratio,
684 1567 718 1622 et
747 1561 863 1645 ipsius,
891 1563 933 1626 de
960 1585 1026 1647 quo
1050 1563 1308 1654 disceptabatur,

50 1669 194 1756 negotii.
215 1667 251 1731 Si
272 1667 359 1732 enim
385 1668 427 1731 de
442 1667 520 1752 jure
544 1666 805 1750 disceptabaturs
833 1669 905 1754 ipse
930 1668 1073 1734 Praetor
1094 1672 1150 1756 jus
1174 1674 1309 1742 dicebat

51 1786 150 1841 extra
178 1776 344 1857 ordinem,
367 1774 417 1838 sin
445 1774 489 1838 de
516 1773 623 1838 facto:
648 1773 757 1859 judex
780 1775 928 1840 dabatur.
959 1777 1058 1842 Unde
1085 1777 1243 1846 formula:
1276 1799 1307 1848 ss

50 1899 175 1968 PARET,
199 1898 395 1972 connnnnn.
417 1881 545 1946 Seneca
572 1882 871 1962 denonantur.
897 1882 975 1948 Ger.
997 1885 1115 1951 Noodt
1138 1887 1177 1948 de
1190 1887 1307 1953 Jurs’sd.

52 1991 124 2055 Ι.8.
135 2011 169 2076 p.
183 1989 254 2055 130.
270 2011 315 2072 sq.
328 1988 374 2072 f).

124 2198 154 2264 ἰ)
172 2195 252 2250 Ratio
277 2194 402 2263 litigandi
420 2211 456 2248 ax
472 2209 549 2247 more
571 2193 685 2263 antiquo
702 2194 770 2248 haec
791 2199 862 2248 erat:
889 2196 1034 2250 exordium
1056 2197 1112 2252 litis
1130 2200 1213 2254 tiebat
1232 2204 1307 2269 apud
1371 2184 1374 2200 ¹
1404 2259 1409 2266 ,

50 2281 250 2351 magistratum,
265 2281 322 2350 qui,
339 2295 422 2334 causa
433 2279 574 2347 proposita
585 2279 756 2346 cognitaque,
767 2277 857 2346 judici
868 2281 913 2332 vcl
922 2280 1063 2347 judicibus
1076 2297 1135 2334 rem
1153 2281 1306 2350 disceptan-

50 2371 116 2422 dam
129 2366 362 2436 judicandumque
379 2363 568 2419 demandabat.
595 2363 674 2433 (Vid.
692 2361 763 2416 inira
779 2365 801 2432 5.
818 2368 930 2418 39-41.
950 2364 1006 2432 huj.
1024 2365 1108 2418 litet
1125 2365 1166 2418 tit
1186 2368 1306 2436 xvir),

49 2460 116 2522 post
133 2452 293 2508 senoentiam
310 2453 394 2504 latam
410 2449 450 2503 rei
474 2450 614 2517 judicatae
631 2448 738 2502 actione
755 2447 880 2502 instituta
898 2465 993 2502 rursus
1011 2465 1055 2504 res
1074 2450 1180 2504 redibat
1196 2452 1232 2504 ad
1249 2468 1307 2506 ma·

48 2539 204 2606 gistratum,
215 2536 344 2590 nimirum
361 2534 552 2602 exsequendae
569 2533 719 2586 sentcntiae
736 2549 827 2588 causa.
845 2535 1032 2604 Quaecunque
1042 2551 1135 2590 coram
1146 2537 1306 2604 magistratu

48 2623 259 2691 peragebantur,
276 2637 309 2674 ea
325 2620 429 2688 injure
447 2619 506 2674 tisri
523 2618 682 2672 dicebantur
702 2620 750 2686 (L.
771 2625 810 2672 11.
828 2620 865 2674 D.
883 2621 915 2672 ds
932 2619 1000 2674 Inst.
1018 2630 1045 2674 et
1051 2623 1130 2692 juro,
1148 2623 1221 2676 verb.
1243 2623 1306 2678 Alis

48 2707 239 2778 cynnamum
264 2708 311 2760 rel.
334 2703 398 2772 Gaii
415 2703 474 2756 inst.
492 2705 541 2757 1v.
559 2705 637 2772 529.
654 2709 682 2756 et
700 2708 758 2758 164.
775 2706 807 2760 Ι..
824 2710 850 2760 4.
867 2705 890 2774 5.
908 2710 932 2758 l.
949 2705 986 2758 D.
1004 2705 1036 2758 de
1053 2709 1147 2760 interr.
1166 2711 1194 2761 in
1210 2709 1305 2778 purch

48 2793 124 2846 unde
132 2793 183 2862 jus
201 2795 227 2843 et
235 2791 368 2861 judicium
385 2787 488 2854 opponi
506 2788 588 2842 solita
604 2792 668 2841 sunt
688 2789 734 2854 (L.
755 2792 795 2842 12
809 2790 844 2842 D.
863 2791 894 2842 de
912 2791 1006 2844 autern
1023 2793 1051 2844 s'n
1069 2793 1146 2862 jure.
1163 2795 1196 2845 L.
1212 2797 1253 2846 15.
1269 2793 1304 2846 D.

48 2887 140 2930 rutum
156 2894 221 2929 rem.
239 2873 474 2943 nauundeoque
491 2872 521 2926 in
538 2873 604 2926 orbe
615 2874 742 2929 Romano
760 2872 957 2928 inveteraverat
973 2891 1034 2929 mos
1051 2875 1107 2942 ille,
1120 2877 1305 2944 judicantium

48 2977 151 3016 munus
169 2959 313 3027 separandi
330 2973 347 3010 a
364 2956 573 3024 magistratuum
589 2957 686 3021 officio,
705 2961 736 3008 ut
758 2956 822 3010 inde
840 2958 1029 3014 denominatus
1047 2960 1084 3016 sit
1106 2962 1172 3013 ordo
1186 2962 1304 3032 judicio-

47 3063 125 3109 rum,
142 3051 202 3100 tum
215 3046 382 3114 priuatorum
400 3047 459 3094 tum
476 3041 653 3112 publicorum.
689 3041 753 3093 Jam
771 3058 837 3096 rcro
860 3042 945 3098 libera
961 3046 1100 3112 republica
1117 3047 1255 3102 nonnullis
1274 3046 1303 3102 in

47 3131 155 3197 causis,
172 3129 293 3185 crebrius
318 3129 512 3195 imperatorum
530 3132 632 3191 aetate,
650 3131 781 3180 consucta
803 3127 887 3180 hacce
912 3129 982 3198 juris
1000 3131 1088 3183 forma
1105 3130 1303 3194 discedebam,

47 3219 102 3270 hoc
120 3221 215 3282 pacto,
233 3221 265 3268 ut
286 3212 340 3281 ipsi
365 3212 540 3280 magistratus
564 3210 719 3278 cognitione
744 3227 870 3266 suarem
888 3212 1045 3266 dirimerent
1051 3235 1059 3277 ;
1076 3213 1150 3266 unde
1167 3229 1214 3278 ea,
1233 3231 1304 3282 quae

38 3303 118 3374 Juris
135 3299 266 3354 ordinarii
288 3301 391 3362 esseut,
415 3294 495 3350 relus
520 3312 541 3350 s.
566 3296 653 3349 causis
677 3296 897 3350 entraordinariis
921 3305 1016 3354 contra
1039 3298 1106 3365 poni
1128 3296 1209 3374 solita
1231 3303 1303 3352 sunt.

49 3387 132 3458 (Vid.
151 3387 226 3440 Suet
244 3386 272 3437 in
293 3381 349 3436 lib.
367 3399 390 3434 o.
407 3385 450 3434 31.
472 3382 500 3433 in
521 3381 631 3434 Claudio
649 3397 672 3432 c.
693 3386 733 3434 15.
758 3378 866 3434 Ernesti
891 3399 947 3435 esc.
973 3383 1009 3434 ad
1028 3382 1102 3436 Caes.
1120 3400 1143 3436 c.
1160 3385 1203 3436 43.
1221 3382 1250 3436 in
1266 3384 1301 3451 i.)

47 3471 216 3538 Simpliciter
241 3469 338 3531 etiam,
360 3481 431 3534 quac
457 3471 535 3520 extra
558 3466 682 3518 ordinem
699 3480 717 3518 a
732 3465 937 3532 magistratibus
962 3465 1105 3533 dijudicari
1128 3473 1302 3546 consuerunt,

46 3557 203 3627 cognitionis
221 3571 276 3606 erse
300 3552 435 3616 dicuutur,
454 3555 516 3614 sum,
529 3565 595 3602 vcro
613 3551 768 3618 praetorius
792 3553 950 3619 cognitiones
955 3569 966 3612 ,·
982 3565 1038 3604 non
1056 3565 1097 3616 eo,
1116 3551 1196 3620 quasi
1213 3552 1303 3606 aliena

46 3642 131 3698 fuerit
153 3639 361 3706 magistratuum
385 3635 504 3703 cognitio
522 3652 539 3689 a
556 3635 646 3688 causis
672 3633 832 3700 ordinariis,
849 3635 912 3701 sed,
926 3641 998 3688 rccta
1024 3640 1150 3688 monente
1175 3637 1302 3690 Ernestio

49 3728 110 3797 (Ol.
132 3725 187 3779 Oic.
211 3741 235 3777 u.
259 3723 402 3791 cognitio),
428 3718 591 3787 cognitionis
618 3719 752 3774 vocabulo
777 3721 866 3774 abusu
893 3720 1012 3788 quodam
1038 3725 1066 3772 et
1090 3725 1230 3789 tamquam
1253 3739 1301 3789 per

46 3811 159 3878 ellipsin
177 3808 213 3862 ad
227 3805 457 3861 extraordinarias
470 3820 567 3857 causas
585 3807 725 3857 translato.
747 3805 845 3874 Neque
862 3806 916 3858 alia
933 3805 1032 3858 desunt
1048 3806 1188 3870 vocabula,
1201 3807 1301 3874 quibus

45 3896 158 3964 plenius
176 3893 383 3960 accuratiusque
400 3905 458 3953 res,
481 3888 547 3956 quid
566 3890 609 3947 sit,
628 3887 804 3955 significetur,
822 3893 908 3944 velut:
932 3891 1146 3959 persequutiones
1163 3897 1191 3943 ct
1214 3893 1302 3960 coynt-

46 3985 132 4036 tiones
155 3977 384 4032 extraordinariae
404 3974 452 4041 (L.
471 3978 529 4027 178.
548 3975 569 4041 5.
584 3979 609 4026 2.
627 3975 663 4026 D.
681 3975 713 4027 de
737 3976 765 4028 V.
786 3975 814 4029 S.
838 3977 924 4028 Rubr.
953 3975 1084 4042 1111119.
1103 3976 1301 4028 deeutraords'·

46 4067 132 4122 ncrr'r's
151 4062 364 4132 cognitionibus).
390 4060 443 4112 Jns
460 4060 552 4110 autem
569 4063 648 4109 extra
664 4058 787 4113 ordinem
804 4059 894 4112 <licere
912 4059 1085 4126 magistratus
1105 4064 1301 4112 consueverant
1384 4062 1390 4070 '

45 4153 90 4206 bis
109 4148 270 4217 praesertim
294 4145 323 4199 in
341 4143 445 4208 causis,
463 4142 564 4211 quibus
581 4148 675 4198 corsua
691 4144 778 4198 civilis
800 4144 873 4213 juris
898 4150 1021 4197 tenorem
1038 4157 1111 4194 nova
1134 4157 1246 4209 prorsus
1273 4147 1302 4194 ct

45 4222 183 4304 singulari
205 4232 312 4286 ratione
325 4230 398 4298 juris
416 4225 530 4295 cogendi
548 4226 695 4280 auctoritas
717 4229 811 4282 addita
832 4235 888 4294 cst,
906 4229 981 4280 velut
1003 4225 1094 4278 causis
1112 4227 1302 4310 tideicommis·

45 4337 144 4378 sorum
162 4319 241 4384 (Ulp.
259 4317 367 4384 Fruges.
393 4312 447 4366 Tit.
472 4313 570 4365 XXV.
587 4311 607 4378 5.
627 4313 693 4378 12),
717 4314 924 4368 honorariorum
950 4313 986 4365 ad
1009 4311 1155 4364 advocatos
1178 4317 1300 4378 spectan-

45 4409 132 4469 tium,
152 4401 342 4470 similibusque
358 4400 406 4465 (l.
426 4403 450 4451 l.
467 4397 503 4449 D.
521 4397 553 4448 rte
571 4398 734 4451 extraordin.
750 4400 870 4468 coperit).
894 4399 979 4450 Erant
996 4400 1135 4463 praeterea
1151 4403 1239 4450 certae
1257 4413 1300 4450 ras

41 4493 157 4563 juribus
176 4486 319 4549 delinitae,
342 4498 458 4552 quarmn
481 4483 681 4543 tractandarum
700 4481 769 4534 ratio
787 4483 898 4536 arbitrio
925 4480 1086 4550 permissum
1104 4487 1161 4534 erat
1179 4488 1226 4534 ant
1243 4499 1300 4536 ma-

44 4579 228 4645 gistratuum,
251 4577 299 4625 aut
324 4566 488 4635 litigantium
508 4566 576 4633 (vid.
596 4583 621 4620 v.
639 4583 662 4620 c.
681 4567 714 4620 1..
735 4573 756 4620 1.
774 4568 795 4634 5.
815 4573 838 4622 1.
855 4569 888 4620 1..
907 4572 932 4620 2.
946 4585 992 4636 pr.
1010 4568 1046 4622 D.
1070 4585 1102 4619 cn
1125 4565 1193 4637 quib.
1217 4585 1300 4621 conss.
1362 4575 1389 4627 ',
