3080 5154
689 393 765 460 Lra.
789 391 816 461 Ι.
842 392 922 459 Tm.
948 389 1008 460 VI.

805 567 833 648 ς.
856 565 886 629 s.

450 684 550 737 Contra
568 685 686 736 minos
703 683 851 736 mercedem
869 681 918 736 sibi
934 701 952 736 u
969 681 1070 736 libertis
1087 683 1254 752 stipulantes.

305 786 433 850 Eadem
444 785 522 869 lege
529 786 659 871 juribus
671 793 864 867 patronatus
880 785 1092 866 excidebant,
1109 785 1165 869 qui
1181 785 1329 850 libertos
1342 785 1385 849 ad
1398 807 1474 850 mer-

222 895 338 958 cedem
359 915 534 978 operarum
550 893 807 977 promittendam
824 892 1042 957 induxerant:
1058 893 1096 955 L.
1112 895 1168 955 alt.
1184 895 1215 975 §.
1233 879 1264 956 l.
1279 897 1323 958 D.
1339 895 1404 972 Qui
1415 905 1443 956 et
1457 917 1473 955 a

222 1006 302 1084 quib.
320 1024 459 1066 monam.
475 995 567 1064 liberi
577 1023 640 1064 aon
648 1006 746 1084 fiant.

811 1118 840 1198 ς.
861 1117 891 1178 9.

665 1233 765 1285 Contra
789 1232 896 1285 libertos
913 1233 1040 1302 inperator.

304 1335 444 1398 Prodita
459 1335 558 1397 etiam
574 1332 724 1419 hacleg'e
742 1343 791 1398 est
810 1335 899 1399 actio
916 1335 1071 1398 adversus
1083 1332 1224 1399 libertos
1241 1335 1402 1419 ingratos,
1413 1356 1471 1396 non

221 1442 366 1528 quidem,
383 1452 418 1508 ut
433 1442 467 1504 in
484 1443 677 1506 servitutem
693 1453 942 1525 revocarentur,
963 1442 1071 1528 (quod
1088 1452 1206 1528 postea
1227 1443 1362 1506 demum
1382 1441 1471 1505 Clau-

221 1551 293 1615 dius
307 1552 390 1635 Imp.
409 1549 538 1613 invexit
554 1554 604 1630 ε’)ε
627 1549 764 1613 Sueton.
785 1552 895 1616 Claud.
908 1573 933 1614 c.
947 1551 1015 1633 25.)
1037 1552 1096 1615 sed
1112 1553 1198 1624 utin
1222 1551 1399 1619 lautumias
1421 1549 1472 1612 da-

221 1665 337 1723 re'ntur
353 1658 395 1721 ad
411 1665 589 1741 perpetuas
605 1679 734 1743 operas.
754 1659 834 1721 Vid.
849 1659 981 1723 Dosith.
994 1661 1080 1722 Seni.
1097 1670 1128 1722 et
1138 1661 1242 1741 Epist.
1264 1661 1307 1722 1).
1324 1659 1475 1721 Hodrraoi

220 1767 281 1828 III.
299 1766 330 1829 3.
346 1788 381 1848 p.
399 1788 438 1827 m.
454 1765 525 1828 862.
541 1770 586 1850 aq.
606 1767 676 1830 Jac.
694 1767 806 1852 Cujac.
831 1768 902 1830 Ode.
926 1769 966 1830 X.
986 1767 1037 1831 33.
1062 1767 1137 1832 Jan.
1156 1767 1257 1832 Vinc.
1279 1766 1423 1831 Gravina
1439 1765 1472 1824 de

220 1872 298 1957 Leg.
314 1884 346 1936 et
367 1873 460 1937 Sota
471 1896 503 1956 p.
518 1873 589 1937 528.
604 1897 649 1958 ep.

817 2037 825 2051 .
847 1990 898 2052 10.

458 2105 559 2158 Contra
578 2107 695 2160 dominos
713 1992 819 2161 libertogs
834 2104 1003 2178 prohibentes
1019 2123 1117 2160 uxores
1135 2107 1243 2160 ducere.

304 2207 453 2272 Adcedit
468 2215 503 2271 et
527 2207 617 2271 aliud
633 2217 749 2292 caput,
766 2205 834 2294 quo
844 2209 920 2294 jure
935 2216 1129 2292 patronatus
1145 2217 1326 2292 exuuntur,
1337 2206 1402 2293 .qui
1418 2205 1470 2268 hac

220 2315 299 2404 lege
315 2316 550 2398 manumisere,
564 2324 600 2381 ut
620 2337 663 2379 ne
685 2318 799 2381 liberti
814 2339 933 2382 uxores
952 2317 1131 2400 ducerent,
1157 2325 1215 2382 aut
1230 2317 1359 2384 liberos
1382 2312 1470 2379 tolle-

219 2433 311 2490 rent:
326 2425 364 2486 Ι..
381 2425 411 2488 6.
428 2426 468 2487 D.
487 2425 608 2514 delur.
620 2435 709 2507 patr.

798 2558 827 2638 §-
848 2557 899 2620 11.

259 2674 315 2728 Car
334 2672 439 2726 licuerit
457 2673 568 2726 dominis
585 2671 717 2726 obaeratis
735 2690 841 2726 servm
858 2691 941 2727 anum
959 2640 1083 2727 heredem
1100 2677 1281 2730 necessariam
1300 2676 1439 2730 instituere.

304 2777 349 2838 Et
370 2774 453 2837 haec
472 2772 605 2858 quidem
619 2783 693 2837 sunt
711 2775 844 2858 potiora
861 2775 946 2861 legis
960 2776 1082 2839 Aeliae
1100 2776 1238 2840 Sentiae
1256 2778 1376 2862 capita,
1391 2793 1468 2857 ¹quo·

220 2907 290 2948 rum
302 2891 453 2946 auctores
466 2890 499 2945 et
512 2883 590 2966 jura
606 2889 715 2945 nostra
730 2884 910 2948 meminere
926 2887 970 2967 s).
984 2885 1053 2948 Sed
1072 2886 1160 2971 quod
1173 2885 1215 2947 ad
1237 2894 1337 2970 caput
1349 2883 1468 2948 tertium

222 2993 252 3074 §.
267 2991 297 3053 6.
315 2990 445 3054 anobis
463 2991 662 3054 recensitum
686 2993 824 3072 attinet,
842 2991 894 3055 illi
909 2993 1041 3078 adjecta
1060 3005 1132 3060 erat
1152 2996 1321 3079 exceptio.
1343 2991 1469 3056 Licebat

291 3225 321 3292 e)
340 3223 404 3276 Noa
421 3221 527 3275 videtur
541 3221 673 3276 Claudius
685 3239 817 3288 expressa
832 3224 950 3292 quadam
962 3225 1155 3280 constitutione
1171 3227 1215 3278 vel
1228 3225 1303 3280 SCto
1318 3217 1469 3276 deflevisse,

141 3343 148 3355 .
221 3307 250 3361 in
268 3307 425 3362 servitutem
449 3307 561 3360 libertos
586 3307 621 3359 ob
644 3307 867 3376 ingratitudinem
886 3325 901 3361 a
920 3309 1042 3376 patronis
1068 3309 1188 3363 revocari
1213 3326 1314 3376 posse,
1333 3307 1381 3361 sed
1402 3305 1469 3354 extra

221 3393 347 3446 ordinem
372 3392 507 3461 quosdam
533 3392 655 3458 ingratos
682 3391 793 3445 libertos
815 3394 853 3446 ita
879 3398 1034 3448 mulctasse.
1064 3395 1135 3446 Sane
1159 3395 1331 3460 temporibus
1355 3385 1468 3445 Neronis,

222 3494 309 3547 quum
326 3478 361 3528 ad
381 3479 511 3529 Senatum
529 3479 690 3541 referretur,
708 3483 739 3529 ut
757 3479 847 3532 liberti
872 3480 971 3547 ingrati
991 3485 1182 3533 revocarentur
1204 3479 1233 3531 in
1252 3478 1420 3537 servitutem,
1445 3466 1469 3520 id

221 3562 360 3630 plerisque
379 3561 532 3627 displicuit,
551 3562 745 3631 additumque,
762 3564 830 3617 nihil
855 3567 929 3619 aliud
954 3568 1029 3618 laeso
1054 3568 1170 3631 patrono
1194 3564 1323 3629 concedi,
1342 3574 1420 3631 quam
1444 3555 1469 3602 1¹¹

222 3646 380 3701 ticesImum
407 3645 478 3699 ultra
497 3647 615 3713 lapidem
639 3649 668 3701 in
685 3664 762 3702 oram
787 3651 954 3717 Campaniae
972 3652 1099 3704 libertum
1123 3649 1211 3715 possit
1236 3652 1369 3715 relegare:
1393 3637 1468 3695 'iacit

222 3731 322 3786 Annei.
340 3731 429 3784 XIII.
441 3735 483 3784 26.
502 3733 600 3802 quue
613 3733 677 3799 jure
689 3733 733 3787 usi
745 3735 871 3789 videntur
883 3735 1010 3801 Romani,
1029 3736 1115 3788 donec
1133 3736 1303 3788 Commodus
1321 3730 1468 3796 ImperaIOs,

224 3816 298 3886 quod
317 3823 395 3870 extra
413 3817 536 3870 ordinem
554 3819 653 3872 iecerat
671 3820 811 3886 Claudius,
830 3823 903 3875 edita
920 3821 1114 3875 constitutione
1132 3820 1289 3873 induceret:
1307 3819 1340 3870 L.
1357 3819 1382 3867 6.
1397 3811 1428 3863 D·
1442 3805 1468 3858 dt

224 3903 357 3972 Adpnoso.
377 3899 419 3954 lib.
439 3903 517 3954 Couf.
536 3903 594 3956 dac.
613 3907 745 3959 Raevard.
767 3907 918 3977 Coajeeton.
942 3907 966 3959 I.
988 3910 1131 3975 11.p.23.
1151 3923 1189 3976 sq.
1209 3906 1291 3958 Heia.
1312 3903 1423 3958 vereor,
1439 3905 1469 3943 ¹¹⁰

222 3987 266 4040 hic
285 3992 355 4039 erret
373 3991 475 4040 auctor.
494 3989 567 4041 Puto
582 3990 630 4057 jus
649 3991 717 4044 illud
734 3993 875 4044 inductum
892 4009 910 4043 a
924 3989 1049 4056 Claudio,
1062 3991 1114 4044 sub
1128 3991 1238 4044 Nerone
1255 3991 1290 4042 de
1304 3986 1397 4040 eodem
1405 3980 1468 4048 jure,

222 4075 345 4139 neglecto
366 4078 430 4138 post
453 4073 561 4128 Claudii
588 4076 827 4142 constitutionem,
853 4075 951 4130 iterum
976 4077 1138 4144 cogitatum:
1157 4077 1234 4130 aliter
1252 4075 1397 4142 opinantur
1421 4059 1469 4115 affi-

223 4153 257 4211 V·
277 4157 370 4212 Odon·
392 4159 488 4228 Praef.
511 4155 540 4214 Τ.
560 4177 595 4214 ιν.
615 4163 650 4214 tle.
669 4167 695 4212 et
713 4161 749 4212 ad
766 4161 787 4227 ξ.
807 4165 830 4213 l.
850 4161 916 4216 Inst.
940 4165 971 4216 de
998 4163 1062 4232 Cap.
1089 4161 1212 4214 demittat.
1234 4161 1318 4216 Cena.
1345 4156 1385 4209 Gi.
1404 4148 1468 4202 zim-

222 4257 298 4296 mern
312 4245 346 4298 R.
358 4245 391 4297 G.
406 4245 426 4312 i.
442 4249 501 4301 200.
515 4247 601 4298 Mill.
633 4247 659 4298 J.
674 4247 710 4300 H.
725 4247 822 4298 Bornii
834 4247 899 4300 diss.
915 4248 948 4300 de
966 4247 1062 4314 poenis
1075 4247 1233 4302 libertorum
1252 4245 1416 4312 ingratorum
1429 4245 1467 4295 ap.

220 4329 369 4380 Romanos.
384 4329 458 4396 Lips.
473 4335 547 4386 1738.
558 4339 583 4384 4.
607 4331 672 4386 Jani
690 4334 750 4385 Pan
769 4333 836 4385 diss.
855 4333 888 4384 de
905 4331 976 4398 grati
994 4331 1077 4384 animi
1095 4333 1190 4386 officiis
1209 4339 1291 4402 atque
1309 4329 1466 4394 ingratorum

221 4428 310 4480 poena
324 4413 388 4480 jure
405 4416 494 4468 Attico
513 4422 540 4467 et
557 4417 690 4470 Romano.
708 4418 739 4468 L.
758 4419 791 4471 B.
810 4421 885 4471 1809.
904 4421 928 4470 Β.
943 4419 975 4470 Ρ.
988 4417 1024 4470 ΙΙ.
1036 4438 1059 4470 c.
1071 4421 1096 4470 2.
1112 4433 1134 4470 s.
1146 4423 1170 4470 2.
1183 4433 1209 4484 p.
1221 4417 1349 4472 79-246.
1368 4400 1451 4462 Haud.

291 4499 321 4565 l)
342 4499 425 4551 Aliud
437 4500 519 4566 hujus
535 4501 602 4568 legis
617 4509 700 4571 caput
710 4509 905 4557 commemorat
916 4503 1017 4557 Iastia.
1028 4506 1094 4558 Noa.
1107 4504 1202 4558 CXII.
1213 4508 1236 4555 l.
1248 4501 1311 4555 edit.
1326 4485 1466 4550 Haloandr·

222 4581 256 4635 dc
274 4583 420 4637 donatione
440 4585 510 4639 iacta
534 4586 604 4641 inter
620 4588 710 4642 virum
728 4595 755 4642 et
772 4591 921 4644 mulierem.
948 4593 1004 4646 Sed
1021 4596 1126 4645 textum
1144 4590 1173 4644 ia
1200 4588 1300 4642 mendo
1320 4582 1431 4640 cubare,
1445 4572 1469 4620 ei
