3062 5164
391 389 447 460 Da
471 390 567 462 June
594 394 733 479 Qumn.
755 397 811 469 En
835 403 947 473 Crvrr.
1224 345 1296 491 arb

53 567 87 630 ad
110 562 618 652 utut.Annae.11.p.104.sq.
653 572 851 658 Saepissime
874 588 984 646 tamen
1007 585 1095 651 illius
1121 595 1295 680 vectigalis

54 671 208 757 quantitas
228 670 362 738 videtur
375 675 432 738 vel
448 685 558 760 aucta,
573 677 628 740 vel
644 679 823 748 imminuta.
846 687 930 752 Nam
952 700 986 755 et
1002 696 1294 786 quinquagesimae

53 783 83 845 fit
96 782 232 845 mentio.
255 783 327 844 Imo
342 782 552 849 Theodosius
567 795 602 851 et
619 786 817 855 Valentinus
831 793 975 880 Augusti
992 805 1241 895 constituerunt,
1258 823 1294 878 ut

54 889 195 952 nundinis
212 890 397 976 quibusque
419 912 462 953 ex
486 893 635 975 qualibet
651 901 881 980 negotiatione
903 907 1058 972 mercium
1080 912 1158 977 fisco
1177 918 1210 980 in
1228 921 1294 983 sin-

55 997 135 1080 gulos
152 995 282 1060 solidos
296 998 453 1062 venditor
471 999 640 1064 dimidiam
660 1003 828 1091 siliquam,
846 1019 881 1075 et
901 1013 1053 1079 similiter
1071 1030 1178 1085 emtor
1197 1025 1295 1090 dimi-

55 1106 126 1168 diam
147 1105 300 1169 inferret.
326 1106 433 1190 quue
460 1116 510 1171 est
534 1109 679 1193 vectigal
701 1127 959 1202 sunrqunrrcun,
989 1124 1032 1187 de
1056 1150 1122 1212 quo
1146 1131 1294 1198 Cassiod.

58 1213 120 1274 Vur.
134 1213 193 1274 IV.
207 1212 259 1276 19.
275 1215 309 1275 id
327 1209 419 1276 retus
442 1217 581 1278 mutus
595 1219 810 1286 nundinandis
828 1231 991 1307 providam
1013 1235 1191 1312 desturbbse
1212 1246 1293 1304 anta·-

56 1325 204 1400 qur'tatem,
226 1305 282 1383 ait.
304 1321 412 1405 Ipsam
436 1324 705 1390 constitutionem
727 1327 995 1400 Theodosianam
1019 1363 1117 1424 quum
1132 1347 1202 1431 jam
1225 1349 1292 1431 pri7

56 1426 116 1488 dem
130 1428 165 1490 in
178 1418 285 1490 lucem
303 1431 506 1512 protraxerit
521 1431 672 1517 Cujacius
690 1437 759 1498 ota.
769 1439 859 1501 XVI.
873 1441 925 1505 22.
943 1447 1122 1513 mirandum
1138 1473 1216 1515 sane
1233 1463 1292 1539 est,

56 1535 142 1615 yirum
162 1536 396 1619 doctissimum,
414 1538 513 1602 Guid.
528 1540 740 1605 Pancirolum
761 1547 911 1612 lbcsaur.
936 1553 1010 1616 Vor.
1023 1557 1108 1620 Lect.
1124 1561 1183 1622 III.
1194 1561 1245 1625 al.
1257 1585 1292 1646 p.

57 1641 115 1703 494.
135 1643 342 1726 existimare,
361 1645 580 1730 siliquaticum
600 1649 634 1710 in
656 1649 814 1718 fructibus
835 1659 1034 1744 constitisse,
1057 1683 1085 1725 e.
1103 1687 1134 1750 g.
1154 1668 1292 1754 siliquis,

59 1750 277 1837 similibusque,
294 1773 418 1836 eosque
435 1754 558 1818 fructus
575 1757 651 1820 loco
671 1777 841 1824 rumorum
857 1764 955 1830 fuisse
973 1774 1198 1853 praestandos.
1214 1777 1293 1840 Sili-

62 1859 167 1941 quahic
181 1870 231 1924 est
247 1860 402 1926 vicesima
413 1870 528 1946 quarta
539 1883 614 1947 pars
631 1863 730 1930 solidi
747 1871 850 1954 aurei,
867 1894 924 1956 seu
936 1877 1082 1960 ejusdem
1099 1884 1291 1950 semiuncia:

60 1963 186 2029 Gronov.
201 1970 241 2029 de
255 1990 321 2050 pec.
341 1979 398 2031 act.
419 1971 802 2061 n.1V.0.18.ade0que
824 1980 900 2044 satis
917 1986 1042 2066 grande
1064 1987 1127 2050 hoc
1147 1991 1292 2076 vectigal

60 2072 141 2135 fuisse
156 2075 453 2140 animadvertimus.
474 2079 534 2140 Est
545 2088 585 2143 et
600 2083 747 2168 vectigal
763 2103 1053 2161 Quannnoaslnsa
1062 2143 1071 2176 ,
1089 2096 1157 2160 sive
1172 2097 1291 2184 litium,

59 2179 114 2242 sive
130 2183 265 2264 portarii
279 2183 356 2246 loco
375 2185 580 2269 solvendum,
592 2191 682 2273 cujus
697 2193 875 2258 meminere
892 2197 1138 2274 Quinctilianus
1152 2205 1291 2270 Declam.

59 2287 97 2349 35.
112 2289 285 2372 Symmach.
302 2293 403 2375 dbrtst.
420 2293 454 2355 V.
469 2294 519 2356 62.
535 2295 586 2358 65.
605 2297 671 2360 imo
692 2307 726 2363 et
740 2299 877 2364 Sueton.
900 2303 1027 2386 Vespos.
1047 2330 1072 2370 c.
1091 2310 1119 2370 1.
1138 2311 1181 2372 Εἰ
1193 2334 1293 2396 prae-

60 2396 160 2459 fectum
184 2398 325 2483 legimus
347 2418 597 2484 Quuncrrounu,
622 2421 701 2468 nuc.
727 2425 790 2470 nra.
812 2425 1035 2475 runununruu
1057 2433 1112 2479 xa.
1134 2434 1291 2484 csnnrsn.
1358 2457 1362 2471 ι

61 2505 131 2586 apud
148 2505 278 2570 Reines.
299 2511 399 2571 Iacer.
421 2511 519 2573 Closs.
540 2512 598 2574 IX.
616 2534 650 2595 p.
670 2513 742 2576 563.
762 2537 792 2577 n.
811 2538 950 2579 narr.
980 2519 1101 2584 Paullo
1122 2527 1291 2592 obscurius
1362 2527 1365 2534 ’

62 2618 101 2672 est
117 2614 253 2698 vectigal
275 2621 438 2691 casuram,
455 2625 490 2679 ut
507 2617 540 2681 in
560 2619 597 2680 L.
614 2619 644 2682 l.
668 2620 700 2683 Ο.
718 2622 869 2706 Hermog.
893 2626 932 2686 dc
953 2627 1031 2690 Jcre
1043 2631 1127 2708 sisci
1143 2646 1292 2721 vocatur,

62 2719 109 2779 vel
123 2729 234 2786 unsarai·
246 2733 280 2786 ct
298 2725 526 2802 fovencularii,
545 2726 600 2789 vel
608 2729 818 2805 soriculr'arr'i,
833 2753 970 2815 quorum
988 2737 1137 2801 meminit
1155 2740 1291 2826 elegans

63 2847 179 2893 marmor
191 2831 378 2895 Romanurn
395 2832 483 2916 apud
497 2833 572 2898 Jan.
587 2834 763 2900 Gruterum
778 2839 937 2921 Inscriptt.
956 2843 988 2902 T.
1003 2847 1030 2904 1.
1047 2866 1081 2925 p.
1103 2846 1245 2910 CXCIX.
1259 2874 1290 2913 η.

63 2931 87 2994 6.
104 2934 174 3020 [*et
190 2937 425 3002 commentario
450 2940 648 3006 illustratum
665 2965 684 3005 a
709 2943 870 3028 Cajetano
888 2946 1032 3012 Marinio
1056 2953 1220 3018 Iscrr‘zrbm'
1231 2979 1289 3020 un-

63 3044 128 3104 ticlc
139 3047 209 3109 delle
223 3052 295 3111 uelle
310 3071 327 3110 c
343 3051 389 3111 de'
400 3053 530 3132 palazzi
540 3039 662 3111 Albam·
672 3073 756 3112 num.
771 3051 821 3114 26.
832 3074 866 3133 p.
881 3051 972 3115 28-
981 3055 1049 3141 31.]

315 3157 401 3218 rur
423 3154 606 3218 curasan
626 3157 664 3219 Μ
685 3155 920 3222 suasurus

398 3269 751 3319 uurou1uusuuc
895 3339 898 3342 Ι

399 3367 615 3417 GERMANIGUS
638 3369 776 3416 SARMAT
797 3373 840 3418 ΕΤ

314 3449 401 3514 nur
421 3448 603 3514 cassan
624 3453 653 3516 L
673 3440 910 3518 uunanrus

399 3565 632 3615 COMMODUS
658 3567 740 3614 AUG

314 3663 531 3743 GERMANIQUS
553 3666 723 3714 scamnum

316 3798 382 3846 uos
404 3799 543 3846 crumas
566 3785 752 3848 cousrruul
773 3785 974 3852 Jussunuuu

274 3897 428 3943 raorrnu
450 3898 724 3948 casanovunsrus
746 3900 837 3959 Qunn

274 3996 378 4042 rursu
399 3991 624 4043 unucuuorus
645 3999 689 4043 nu
712 3997 880 4046 unucurus

357 4095 468 4140 osuua
490 4093 604 4140 nunus
626 4095 685 4142 um
707 4099 812 4145 runnu
903 4107 907 4113 ·

314 4193 614 4241 nauousrnnnauu
635 4195 814 4244 vucrrcuur
892 4249 898 4262 ¹

355 4276 577 4340 sonucunranl
593 4295 636 4340 un
651 4279 830 4348 russulae

357 4391 621 4440 rnouuncuuruu
643 4393 826 4442 sncnunuu

272 4487 429 4536 vursnuu
451 4492 563 4538 uuouu
586 4491 697 4540 sauss.
719 4493 792 4538 nou
857 4497 859 4501 ·

268 4575 272 4580 '
397 4589 514 4637 naxus
536 4591 783 4639 Buranun...
