3130 5148
655 381 1016 451 ¹enoonnrum.

792 531 821 617 s.
842 536 893 599 ss.

424 651 459 706 ln
477 653 577 705 oriente
589 653 639 724 jus
656 651 850 704 Justirsiamm
866 653 954 720 primo
975 653 1078 705 Graece
1098 667 1201 704 sermm
1217 651 1270 732 1).Ι

125 785 128 798 ·
192 780 196 786 ·
229 759 231 764 ’
301 754 349 817 At
366 753 400 816 in
415 755 546 818 oriente
562 775 622 839 per
640 753 810 838 complura
822 754 922 816 etiam
938 753 1070 817 saecula
1079 753 1165 836 juris
1184 751 1476 816 Justinianeiusus

188 846 193 854 x
217 861 374 941 obtinuit,
397 882 594 947 quamquam
621 883 751 925 omnem
779 861 851 935 fere
880 860 914 922 in
938 860 1012 923 foro
1043 847 1274 924 auctoritatem
1302 859 1477 922 versiones

217 968 577 1053 interpretationesque
590 989 709 1051 graece
719 968 925 1052 conscriptae
935 975 1189 1052 occupaverant,
1198 967 1321 1051 quippe
1331 976 1417 1050 qua'e
1429 966 1476 1028 ad

218 1076 388 1159 vulgarem
405 1075 667 1161 popularemque
680 1098 807 1139 sensum
822 1076 926 1161 magis
942 1084 1052 1138 essent
1065 1075 1301 1138 accomodatas
1316 1078 1360 1154 ῑ).
1371 1075 1477 1135 Metiri.

217 1173 572 1248 Institutionibuseam
591 1203 725 1270 operam
745 1185 880 1248 navavit
894 1182 1102 1270 Theophilus
1119 1181 1178 1246 ille
1195 1183 1278 1267 ipse,
1300 1182 1357 1268 qui
1372 1181 1478 1244 Insti-

176 1315 178 1319 ·
217 1292 365 1356 tutiones
385 1313 457 1355 cum
477 1291 686 1356 Triboniano
704 1302 739 1356 et
762 1291 938 1354 Dorotheo
956 1282 1151 1355 elaboravit.
1166 1289 1293 1376 [Pratf.
1316 1298 1412 1352 nostr.
1432 1289 1480 1350 ad

141 1396 144 1410 '
224 1399 380 1475 lauaem,
396 1406 431 1462 et
444 1399 498 1462 Jo.
509 1399 615 1462 Henr.
632 1399 729 1484 Mylii
743 1400 860 1462 Vindia.
874 1397 1043 1484 theophil]
1064 1400 1143 1484 Ejus
1156 1401 1243 1462 enim
1260 1397 1477 1483 paraphrasin

212 1507 282 1591 jam
294 1505 424 1582 laudari
437 1529 457 1570 a
471 1506 672 1571 Thallelaeo
688 1509 759 1592 ipse
776 1508 931 1570 observat
939 1508 1073 1570 Fabrot.
1085 1511 1117 1569 ia
1129 1509 1272 1586 Praefat.
1283 1507 1327 1568 ad
1339 1505 1477 1586 meast.

218 1614 285 1677 vid.
297 1613 549 1699 Gundlingiana
558 1617 651 1678 Part.
666 1617 707 1677 n.
723 1617 793 1677 Obs.
806 1617 850 1677 11.
867 1614 918 1701 [et
930 1613 1109 1678 Boehmeri
1120 1617 1260 1696 praefat.
1268 1615 1312 1675 ad
1320 1613 1477 1674 Instituit.

219 1723 277 1784 ubi
288 1721 323 1785 id
339 1721 455 1786 falsum
471 1743 542 1785 esse
557 1722 682 1808 docet]
698 1722 877 1786 Pandectis
900 1731 934 1786 et
954 1722 1072 1786 Codici
1087 1721 1315 1802 Thallelaeus,
1331 1719 1478 1798 Phocas,

221 1828 883 1916 TheodorusHermopolites,Anatolius,
893 1829 1049 1912 Isidorus,
1060 1828 1185 1915 aliique
1199 1829 1245 1910 l).
1260 1827 1478 1892 Vid.Suares.

219 1937 318 2000 Notit.
336 1939 461 2000 Basilia.
489 1939 571 1999 Tam.
588 1942 615 1999 Ι.
630 1943 796 2022 praetoris.
811 1937 908 2000 Vinc.
928 1938 1076 2002 Gravina
1094 1939 1132 2000 de
1147 1946 1219 2000 orta
1236 1944 1268 1998 et
1283 1956 1395 2018 progr.
1403 1937 1478 2016 jur.

220 2048 275 2106 cia.
296 2065 328 2106 n.
346 2039 474 2107 CXXX
474 2045 561 2106 VIII.
580 2067 616 2127 p.
627 2045 699 2108 163.
717 2067 761 2128 sq.
791 2044 974 2129 Theophili
993 2046 1205 2127 paraphrasis
1231 2043 1352 2127 potius,
1376 2063 1477 2126 quam

222 2152 340 2234 versio,
364 2153 542 2216 etiamnum
563 2161 681 2235 exstat,
699 2152 791 2216 edita
808 2153 947 2236 primum
967 2176 986 2215 a
1004 2151 1122 2236 Viglio
1140 2152 1333 2232 Zuichemo,
1353 2148 1478 2232 insigni

221 2260 348 2322 Frisiae
364 2269 559 2324 ornamento
579 2263 658 2323 Bas.
674 2283 757 2323 anno
769 2259 860 2322 1534.
868 2262 899 2339 s.
916 2259 1038 2323 deinde
1054 2284 1074 2323 a
1090 2259 1276 2323 Christiano
1296 2256 1477 2321 Wechelio

223 2361 329 2429 Parsis.
345 2369 450 2430 eodem
463 2391 547 2431 anno
561 2368 591 2431 8.
605 2369 683 2433 hinc
699 2392 718 2431 a
733 2369 755 2432 J
757 2367 864 2431 odoco
875 2369 978 2431 Petro
987 2367 1174 2431 Neithardo
1189 2347 1332 2453 [*Basil.
1343 2363 1378 2451 *]
1392 2387 1478 2427 anno

220 2473 314 2536 1544.
328 2473 358 2537 8.
374 2495 473 2560 porro
495 2476 598 2539 eJac.
613 2477 728 2539 Curtio
753 2475 861 2562 [*sed
879 2483 1005 2539 tantum
1026 2475 1083 2538 lai.
1099 2497 1165 2539 non
1181 2473 1272 2560 gr.*]
1292 2495 1372 2536 anno
1382 2473 1478 2534 1545.

189 2565 193 2586 ’
222 2579 257 2666 [*
267 2580 333 2644 imo
349 2583 503 2666 princeps
519 2605 603 2647 vers.
620 2584 710 2648 Cart.
727 2585 778 2648 ed.
794 2582 919 2669 prodiit
930 2569 1004 2668 jani
1014 2581 1106 2644 1536.
1119 2583 1148 2645 8.
1164 2577 1376 2665 Antoerp.*],
1389 2581 1479 2642 Dio-

221 2687 315 2772 nysio
329 2689 539 2753 Gothofredo
555 2712 638 2753 anno
654 2691 746 2755 1587.
766 2691 802 2777 [*
811 2694 925 2753 Genea.
943 2689 1010 2775 4.*]
1024 2714 1043 2754 a
1061 2689 1183 2754 carolo
1199 2688 1391 2752 Hannibale
1409 2687 1479 2750 Fa-

222 2796 320 2859 broto
335 2798 443 2860 sarrs.
457 2797 541 2860 less
557 2807 591 2860 et
603 2799 696 2862 1657.
704 2801 751 2881 4.,
775 2799 937 2883 (senique
958 2798 1080 2863 aeusi.
1092 2799 1218 2862 ottone
1236 2797 1349 2878 aaa,
1366 2797 1424 2880 qn
1442 2805 1479 2860 et
1556 2779 1557 2784 '

222 2903 408 3004 fragmenta
420 2905 648 2991 Theophilina
665 2915 742 2970 ante
759 2906 888 3003 inedita
901 2907 1079 2990 subjunxit.
1094 2906 1182 2988 Hag.
1196 2905 1306 2984 1751.)
1556 2915 1557 2940 ¹

799 3071 828 3152 ἓ.
839 3069 902 3152 36.

561 3187 665 3240 Deinde
682 3203 749 3238 aava
768 3185 885 3239 collectio
904 3195 1003 3240 tentata
1021 3185 1135 3238 Basilio.

306 3285 432 3351 Postea
446 3287 589 3352 Basilius
608 3285 751 3351 Macedo
773 3309 892 3374 novam
912 3287 1146 3352 collectionem
1165 3285 1317 3370 instituit,
1343 3283 1479 3349 deside-

223 3414 299 3472 rans
322 3393 356 3455 in
376 3395 585 3459 Justinianeo
612 3417 752 3480 cqrpore
773 3396 982 3478 brevitatem,
1003 3395 1283 3480 perspicuitatem,
1309 3393 1479 3456 ordinem-

224 3521 289 3583 que
298 3503 512 3566 concinnum:
528 3503 797 3566 CedrenAnnat.
804 3524 838 3585 p.
845 3504 917 3568 568.
928 3505 1032 3566 Leon.
1042 3504 1124 3588 lmp.
1129 3523 1267 3585 proaem.
1275 3503 1319 3563 ad
1326 3503 1479 3565 Basilica.

222 3608 292 3706 ¹Sed
306 3617 411 3672 morte
426 3620 637 3694 praeventus,
653 3611 799 3716 nomnisi
814 3613 982 3695 epitomen
1001 3610 1107 3674 edidit
1119 3609 1252 3673 Codicis
1263 3608 1478 3689 Justinianei,

294 3855 325 3922 i)
346 3855 446 3908 Omnia
466 3855 520 3906 sub
543 3871 685 3909 censuram
708 3873 820 3921 vocare,
847 3872 1026 3924 quaecunque
1049 3854 1094 3908 hia
1116 3853 1347 3922 sequentibusque
1364 3855 1393 3906 in
1412 3853 1481 3906 locis

222 3939 259 3990 de
277 3939 444 3992 Graecorum
458 3940 521 4006 jure
539 3943 754 4006 Byzantinorum
767 3945 870 3995 Auctor
888 3941 917 3993 in
934 3940 1054 3992 medium
1071 3939 1193 4005 protulit,
1209 3941 1319 4005 longum
1337 3945 1380 3990 cst
1396 3945 1482 4006 etque

223 4023 259 4074 eh
278 4025 360 4090 hujus
378 4025 469 4090 operis
484 4027 602 4080 oonsilio
614 4043 697 4095 quam
715 4026 919 4098 alienissimum.
937 4028 969 4078 In
981 4042 1015 4078 eo
1032 4023 1114 4091 igitur
1126 4022 1302 4090 nequierint
1315 4029 1364 4075 aut
1377 4025 1482 4076 omissa

225 4110 359 4176 quaedam
376 4110 544 4176 supplerem,
557 4118 605 4163 eut
622 4113 712 4163 minus
730 4112 801 4163 reate
820 4111 891 4162 diota
909 4111 1087 4174 emendaram,
1106 4110 1201 4176 utiquc
1219 4114 1291 4172 tune,
1310 4123 1373 4160 cum
1391 4107 1482 4159 oratio

225 4198 348 4244 versetur
366 4192 394 4244 in
412 4195 493 4248 rebus
512 4197 662 4263 ejusmodi,
681 4211 750 4263 quas
767 4196 892 4260 ignorare
910 4211 999 4262 neque
1016 4193 1150 4247 tironibus
1169 4193 1239 4244 licet.
1259 4192 1345 4245 Mass.

294 4278 327 4343 g)
347 4278 447 4331 Bienor
469 4280 567 4333 Gesah.
586 4281 613 4332 d.
634 4281 741 4332 Noveil.
760 4277 921 4347 Justinisn’s
938 4296 965 4345 p.
986 4283 1132 4332 lar—123.
1150 4277 1237 4330 ΜπὶΙιΙ.
1278 4293 1282 4300 ·

293 4362 326 4428 h)
346 4364 389 4414 De
408 4365 584 4417 Noveileram
607 4363 828 4430 interpretatione
845 4363 978 4430 imprimis
993 4363 1081 4415 meriti
1096 4369 1160 4414 suut
1178 4361 1340 4414 Theodorus
1359 4363 1480 4414 Hermo-

225 4445 364 4512 politanus
382 4457 409 4501 et
426 4449 593 4502 Athanasius
606 4449 760 4513 Emiseuus,
780 4450 859 4516 eujus
878 4449 957 4501 nohis
976 4450 1085 4501 fortuna
1096 4435 1216 4500 secunda
1233 4447 1368 4511 integrum
1387 4461 1480 4498 serva-

225 4529 265 4583 vit
279 4530 377 4584 lihrum
400 4534 475 4600 (vid.
492 4536 512 4603 t.
526 4535 596 4601 32).
621 4535 766 4586 Praeterea
782 4537 924 4601 complura
939 4537 1105 4588 Graecorum
1131 4533 1264 4585 ictorum
1283 4532 1434 4597 fragmenta
1452 4531 1481 4582 in
