3056 5154
228 386 299 454 soe
554 379 633 448 uu..
657 378 722 449 ur.
742 377 826 447 rr..
850 379 960 448 xxx.
983 379 1147 468 (xxix.)

805 554 835 635 5„
855 554 907 616 10.

718 669 792 727 Quid
806 669 989 738 acceptilatio?

309 773 392 835 Erat
413 776 523 833 autem
537 755 784 832 smnerrnsrio
806 770 999 854 imaginaria
1020 771 1143 836 solutio
1157 779 1204 855 l),
1224 796 1292 858 qua
1305 775 1478 858 obligatio,

227 880 442 964 stipulatione
468 885 655 958 contracta,
676 898 765 939 nova
792 877 1007 959 stipulatione
1029 879 1283 946 distrahebatur.
1313 881 1480 958 Quemad-

227 987 359 1052 modum
380 990 461 1069 'ergo
477 983 649 1068 promissio
670 1005 738 1046 non
752 982 842 1047 nudo
857 995 967 1068 pacto,
983 987 1043 1050 sed
1062 988 1277 1071 stipulatione
1301 988 1378 1052 sola
1400 989 1479 1052 facta

228 1094 380 1174 valebat,
403 1093 449 1156 ita
465 1100 501 1154 et
518 1091 635 1154 eadem
656 1112 724 1153 nou
744 1091 833 1154 nudo
849 1102 966 1175 pacto,
982 1094 1042 1156 sed
1056 1095 1128 1159 sola
1149 1075 1370 1180 stipulatione
1387 1097 1479 1158 tolle-

227 1203 336 1266 batur.
355 1201 449 1262 Inter
463 1201 549 1284 juris
571 1199 659 1262 enim
684 1198 817 1280 regulas
843 1199 953 1263 fuerat
969 1211 1160 1284 receptum,
1180 1212 1217 1265 ut
1239 1202 1364 1266 eodem
1388 1203 1478 1266 modo

229 1309 376 1394 quidque
399 1306 533 1370 dissolvi
550 1307 706 1386 deberet,
722 1328 789 1390 quo
812 1306 930 1370 fuisset
951 1308 1160 1391 colligatum:
1181 1311 1219 1376 L.
1234 1311 1287 1372 aa
1304 1320 1340 1372 et
1357 1310 1430 1372 100.
1445 1311 1478 1370 0.

228 1419 268 1478 dc
289 1417 368 1498 lieg.
382 1417 452 1496 jur.
467 1436 552 1498 quae
574 1414 692 1498 regula
712 1414 846 1496 proprie
862 1413 906 1476 ad
928 1416 1221 1500 exceptilationem
1247 1426 1282 1480 et
1301 1418 1477 1501 expromis-

230 1522 357 1586 sionem
371 1523 534 1605 pertinet:
554 1520 672 1586 Jacob.
687 1519 1046 1611 Gothofreduscmm.
1058 1525 1098 1586 dc
1112 1525 1193 1606 Bag.
1202 1526 1272 1605 jur.
1286 1527 1364 1587 r'dr'd.

801 1639 831 1719 §.
851 1637 902 1700 ll.

736 1755 796 1812 Qec
814 1755 870 1806 rire
878 1731 977 1821 saitae
1193 1815 1196 1822 Δ

312 1856 433 1919 Fiebat
457 1854 670 1938 acceptilatio
693 1875 754 1937 per
774 1858 1065 1934 interrogatorem,
1086 1875 1153 1916 non
1172 1863 1320 1917 mutuom
1342 1855 1477 1940 quidem,

230 1973 266 2026 ut
288 1963 495 2026 Modestinus
517 1962 552 2023 in
567 1963 605 2022 L.
625 1963 654 2022 l.
672 1963 713 2022 D.
737 1963 777 2022 de
798 1962 946 2041 Acceptil.
970 1961 1027 2040 ait,
1050 1961 1108 2024 sed
1131 1961 1259 2024 unicam
1275 1967 1322 2042 r).
1354 1961 1392 2023 Si
1417 1961 1477 2044 quis

231 2070 318 2133 enim
334 2079 432 2133 antea
448 2069 614 2154 obligatus
629 2068 737 2130 fuerat
753 2088 814 2151 per
829 2066 1086 2150 stipulationem,
1099 2077 1133 2130 et
1145 2069 1292 2132 creditor
1309 2091 1387 2132 eum
1404 2070 1476 2132 libe-

230 2180 303 2256 rari,
318 2176 525 2262 obligatione
548 2176 606 2240 illa
628 2176 747 2239 vellet:
772 2194 891 2259 rogare
913 2175 1007 2236 verbi
1031 2176 1138 2257 gratia
1164 2176 1314 2239 debebat
1337 2177 1475 2240 debitor:

230 2304 360 2366 nncnn,
378 2302 468 2360 Quin
486 2303 555 2348 rnu
572 2300 727 2365 rnonrsr,
745 2298 899 2362 accurre
914 2299 1041 2364 niens,
1057 2301 1120 2345 vnn
1135 2289 1249 2348 racis?
1266 2285 1322 2347 vel
1340 2285 1477 2348 Graece:

229 2397 304 2479 ipae
325 2389 428 2479 λαβών
445 2389 576 2474 δηνάρια
589 2395 682 2474 τόσα,·
700 2391 845 2453 creditor
867 2409 947 2452 vero
968 2391 1209 2472 respondebat:
1231 2410 1360 2468 nesso,
1380 2409 1475 2468 sacro,

230 2505 285 2584 ἔχω
303 2496 421 2586 lapide:
442 2499 471 2580 ἓ.
491 2499 522 2561 l.
537 2500 614 2559 inst.
635 2501 663 2560 lr.
679 2508 701 2559 t.
716 2498 753 2558 L.
769 2497 799 2559 6.
813 2495 853 2560 L.
864 2497 894 2558 7.
910 2502 945 2560 L.
960 2497 988 2560 8.
1005 2499 1033 2580 §
1049 2500 1104 2559 ult.
1121 2500 1161 2558 J).
1179 2501 1218 2562 de
1233 2501 1389 2582 Acceptc'l.
1411 2499 1475 2576 Quo

231 2609 320 2671 facto
343 2605 502 2669 liberatus
518 2603 693 2667 videbatur
714 2603 865 2685 debitor,
882 2605 1009 2668 etiamsi
1033 2604 1172 2688 pecunia
1194 2629 1262 2669 non
1285 2605 1476 2670 intervenis-

231 2722 291 2776 set.
313 2713 408 2790 Quae
426 2712 536 2774 omnia
555 2711 654 2774 latius
673 2709 818 2793 explicat
832 2711 1017 2789 Brissonius
1033 2713 1072 2774 ds
1095 2716 1184 2775 solut.
1199 2723 1231 2776 et
1250 2715 1375 2777 liberat.
1393 2715 1428 2778 L.
1441 2715 1475 2774 ll.

227 2843 260 2902 p.
275 2819 346 2882 127.
362 2842 406 2901 sq.

302 3026 334 3089 p)
356 3026 422 3075 Erat
445 3029 472 3074 et
493 3023 547 3075 alia
571 3020 675 3088 specics
692 3021 869 3091 imaginariae
885 3025 1045 3088 solutionis,
1063 3025 1191 3078 nimirum
1208 3039 1259 3089 per
1276 3039 1325 3078 aes
1343 3032 1373 3078 et
1391 3028 1474 3080 libram

234 3108 310 3176 (Gaj.
322 3109 371 3159 111.
384 3108 404 3174 ξ.
419 3110 507 3160 173-
516 3107 599 3172 llo),
608 3105 738 3162 sivenexi
750 3110 850 3163 solutio
865 3111 912 3178 (cf.
922 3127 1006 3176 supra
1018 3111 1070 3164 Tit
1084 3112 1155 3163 XVI
1163 3138 1192 3148 -
1201 3111 1274 3163 XX.
1286 3111 1308 3176 ξ.
1323 3115 1365 3164 15.
1377 3119 1431 3163 not
1440 3113 1474 3176 g).
1523 3113 1524 3182 l

232 3193 469 3258 Quemadmodum
488 3191 559 3244 enim
573 3192 638 3244 nexi
649 3193 779 3260 obligatio
793 3209 841 3258 per
859 3209 905 3246 aes
917 3199 944 3245 et
956 3195 1053 3246 libram
1065 3187 1283 3255 contrahebatur,
1297 3194 1338 3246 sio
1349 3195 1474 3247 nonnam
1523 3183 1524 3262 i

232 3278 338 3332 ratione
356 3277 562 3341 dissolvebatur,
580 3277 632 3328 hoc
649 3284 737 3343 pacto,
756 3283 795 3342 ut,
813 3278 941 3351 adliibitis
959 3279 1080 3348 quinque
1097 3280 1212 3332 testibus
1230 3284 1258 3330 et
1276 3279 1474 3345 libripendc‚is
1523 3275 1524 3360 ]

234 3364 282 3434 qui
299 3363 465 3427 liberaretur,
483 3363 565 3414 verba
583 3362 705 3416 solennia
723 3363 848 3415 adhunc
866 3369 955 3414 actum
974 3365 1150 3416 accomodata
1167 3363 1369 3436 pronuntiaret,
1389 3361 1474 3416 deinde
1523 3369 1524 3432 l

233 3465 293 3502 asse
312 3453 461 3514 percuteret
477 3447 574 3498 libram
591 3462 709 3514 eumque
725 3447 852 3500 creditori
865 3449 939 3499 velut
953 3449 1076 3500 solvendi
1088 3465 1171 3501 causa
1189 3447 1274 3500 daret.
1293 3447 1386 3500 Simili
1403 3447 1474 3499 modo
1523 3441 1524 3464 ¹

233 3538 260 3584 ct
273 3533 458 3598 judicatorum
473 3531 603 3598 obligatio
618 3531 790 3584 dissolvenda
806 3538 871 3595 erat,
884 3538 912 3606 et
926 3533 1064 3598 heredum,
1076 3549 1093 3584 a
1105 3534 1204 3602 quibus
1217 3549 1267 3598 per
1281 3534 1474 3586 damnationem

233 3619 350 3682 legatum
368 3617 490 3668 relictum
508 3620 587 3678 esset,
606 3615 707 3682 quippe
725 3631 842 3683 quorum
861 3618 958 3671 similis
975 3633 1035 3671 esse
1052 3619 1189 3672 rideretur
1206 3618 1349 3685 obligatio,
1363 3635 1397 3670 ac
1410 3615 1475 3686 judi·

233 3708 363 3753 catorum.
380 3703 423 3753 Eo
438 3701 522 3767 igitur
533 3700 655 3753 adhibito
672 3700 727 3754 ritu
745 3708 883 3770 tamquam
895 3704 1025 3770 pecuniae
1040 3709 1165 3770 acceptae
1176 3703 1336 3756 testimonio
1348 3703 1474 3754 debitores
1523 3717 1524 3754 l

233 3786 424 3852 liberabantur,
437 3793 467 3839 ut
483 3786 596 3852 perinde
613 3792 692 3850 esset,
705 3803 800 3838 verene
814 3789 889 3839 tieret
906 3788 1015 3850 solutio,
1028 3803 1063 3840 au
1079 3789 1152 3840 nont
1172 3787 1229 3856 (cf.
1242 3801 1296 3838 von
1309 3788 1429 3854 Savigny
1440 3783 1474 3836 lii.

233 3873 280 3922 clos
304 3869 408 3922 oltriim.
433 3871 557 3924 Scluldr.
575 3886 601 3935 p.
620 3874 662 3923 77.
679 3887 753 3922 num.
771 3875 796 3924 3.
814 3877 841 3923 et
859 3889 885 3938 p.
902 3875 945 3925 80.
963 3874 1068 3925 Puchta
1085 3871 1171 3924 Instit.
1189 3889 1216 3937 p.
1235 3873 1389 3926 XXXIX.
1406 3871 1474 3934 XL)

233 3959 324 4023 Atque
341 3956 434 4007 eadem
453 3956 504 4007 fuit
521 3955 695 4020 imaginariae
712 3955 857 4008 solutionis
878 3971 926 4020 per
944 3957 1176 4022 acceptilationcm
1200 3957 1287 4008 iactae
1306 3959 1378 4010 ratio
1403 3955 1475 4023 (Gej.

234 4039 284 4092 111.
298 4040 318 4106 ξ.
332 4041 504 4107 169-171.);
523 4056 605 4108 quam
618 4047 707 4092 tamen
719 4056 786 4090 nova
800 4039 966 4106 stipulatione
984 4041 1042 4093 lieri
1053 4040 1143 4092 minus
1155 4055 1275 4107 congrue
1288 4060 1354 4094 cum
1367 4045 1475 4094 Auctore
1523 4027 1524 4090 i

234 4124 350 4190 dixeris,
369 4124 505 4192 siquidem
522 4123 697 4191 stipulatione
720 4124 929 4187 contrahuntur,
947 4123 1152 4190 acceptilatione
1174 4125 1364 4180 absolvuntur
1382 4127 1475 4190 obligr

233 4209 328 4262 tiones.
346 4209 443 4262 Potius
466 4208 625 4262 dicendum:
644 4206 875 4274 acceptilationcm
896 4208 979 4260 luisse
1001 4217 1091 4262 actum
1112 4210 1272 4264 solennibus
1293 4212 1385 4266 verbis
1407 4223 1476 4277 pen·

232 4295 358 4360 gendum,
377 4310 432 4362 quo
449 4310 497 4360 per
515 4293 645 4347 debitoris
668 4293 905 4360 interrogationem
922 4298 1004 4361 atque
1028 4295 1169 4348 creditoris
1194 4295 1403 4359 responsionem
1418 4307 1475 4346 coa

232 4394 327 4444 gruem
346 4379 483 4430 tolleretur
500 4379 643 4430 verborum
662 4377 801 4444 obligatio.
821 4377 907 4430 Milli.

302 4463 335 4529 q)
355 4463 440 4516 Andr.
465 4463 550 4516 wilh.
584 4463 695 4516 Cramer
725 4463 820 4520 Kler'rsc
851 4463 972 4516 lsritisclrc
1005 4465 1210 4534 chsrlcunqeo
1235 4481 1307 4518 num.
1334 4467 1361 4516 6.
1385 4462 1411 4513 in
1433 4459 1475 4510 der

235 4543 425 4612 hilerdensis·
441 4548 526 4614 pescle.
547 4549 582 4600 ll.
607 4546 645 4598 W.
664 4549 695 4600 Τ.
717 4550 738 4600 1.
755 4565 829 4601 uum.
852 4553 891 4600 12.
907 4566 933 4613 p.
951 4553 1004 4602 313
1016 4579 1048 4590 -
1060 4555 1120 4606 315.
1139 4548 1228 4604 Haud.
