3062 5164
214 355 288 452 3⁷2⁰
491 441 498 448 .
578 379 761 446 duranum
783 377 863 450 Lm.
886 381 917 448 l.
942 376 1030 448 Car.
1053 377 1099 446 V.

215 555 302 642 apud
323 555 498 620 Gruterum
510 575 546 636 p.
566 554 782 616 acarna.
793 551 825 614 3
840 571 995 618 onnrrnu
1013 570 1326 620 sranrnrmssruun
1344 555 1381 618 in
1401 553 1471 620 alio

208 690 244 750 p.
264 664 416 727 acm
415 663 452 723 V.
466 683 498 724 n.
514 661 545 722 2.
563 679 662 728 vinos
676 677 960 727 remncmssruos
973 681 1018 726 er
1029 679 1251 728 rmucrrmns
1262 671 1299 726 et
1309 681 1472 728 onnrnnu

214 785 525 840 seuernrorssruun
551 791 586 852 p.
620 770 821 832 comm.
844 792 876 832 n.
902 771 933 834 2
961 789 1115 834 onumen
1148 787 1407 836 sanenssrunrr
1438 796 1472 854 p.
1524 797 1525 802 ¹

217 879 459 943 deorumn.
475 879 504 940 5.
521 899 560 940 ac
580 877 725 962 denique
750 895 978 944 consulturos
995 902 1031 960 p.
1050 879 1184 942 GGOCL
1190 881 1244 941 VI.
1258 903 1290 944 n.
1305 882 1337 944 1.
1355 881 1470 944 vocari

213 986 512 1052 animadvertimus.
533 985 817 1062 Quemadmodum
831 1001 932 1071 porro
945 986 1075 1050 Romae
1087 996 1183 1050 erant
1198 987 1270 1052 bini
1286 988 1471 1054 Consules:

214 1095 263 1160 ita
284 1095 318 1158 in
341 1092 526 1177 municipiis
546 1093 738 1176 Duumviri,
758 1096 816 1179 qui
834 1115 959 1156 summo
976 1095 1054 1158 loco
1074 1095 1263 1160 civitatibus
1278 1107 1469 1180 praeerant,

215 1204 315 1268 etad
338 1200 516 1266 Consulum
536 1202 724 1286 exemplum
745 1224 806 1286 pro
827 1201 970 1266 fascibus
995 1203 1126 1266 bacillis
1144 1205 1343 1270 utebantur:
1380 1207 1469 1290 Lipe

215 1315 313 1374 Eleet.
327 1314 352 1374 I.
368 1310 419 1376 23.
441 1310 509 1376 Sed
530 1332 775 1396 nonnumquam
794 1321 904 1374 tamen
926 1321 961 1374 et
975 1311 1111 1376 saeuum
1127 1333 1217 1376 nsum
1234 1312 1467 1390 adfectabanb

215 1421 334 1486 Cicero
345 1423 465 1503 Agrar.
481 1419 524 1483 Π.
538 1419 590 1482 34.
608 1417 651 1482 de
664 1419 702 1480 1.
716 1418 876 1484 Considio
892 1427 927 1482 et
937 1419 970 1482 S.
985 1419 1093 1483 Saltio
1110 1420 1245 1504 Capuae
1256 1422 1467 1486 Duumviris:

216 1531 388 1592 Anterbant
399 1529 540 1601 tristarer,
555 1547 618 1590 non
632 1549 703 1591 eum
717 1530 845 1603 baenilia
864 1532 918 1607 (ut
932 1527 1016 1592 alias
1034 1529 1071 1594 in
1087 1528 1274 1612 municipiis
1290 1531 1368 1596 fieri
1384 1532 1463 1596 sole-

89 1717 93 1726 .
158 1689 163 1696 .
215 1638 300 1718 bat)
314 1638 381 1718 sed,
396 1645 433 1698 ut
447 1637 496 1698 bia
508 1637 715 1698 Praetoribus
729 1644 889 1710 anteeant,
904 1637 1127 1716 cumsaeeibue
1140 1637 1270 1700 daobna
1299 1637 1394 1716 Quin
1410 1641 1465 1704 ali·
1526 1623 1527 1630 ἵ

215 1747 348 1832 quaudo
369 1743 404 1808 bi
420 1743 593 1808 Duumviri
611 1742 789 1806 Consulum
812 1743 1027 1808 adsectabant
1049 1764 1180 1808 nomen.
1203 1745 1367 1822 Quamvis
1383 1748 1462 1810 enim

214 1855 249 1918 id
263 1861 390 1938 negent
409 1850 539 1914 Velser.
553 1853 628 1914 Iter.
644 1853 828 1932 Augustan.
850 1853 884 1915 V.
898 1852 971 1916 272
992 1861 1027 1915 et
1046 1849 1182 1916 Reines.
1203 1854 1279 1916 Ver.
1294 1856 1393 1918 Leett.
1407 1858 1465 1918 III.

214 1963 265 2026 16.
274 1985 308 2045 p.
325 1959 397 2024 603.
424 1959 598 2041 Capuanos
621 1967 731 2022 tamen
747 1959 954 2044 magistratus
975 1983 1050 2024 suos
1069 1982 1204 2026 vocasse
1221 1961 1381 2026 Consules
1401 1964 1461 2025 ob-

215 2078 324 2134 servat
340 2067 410 2130 Cic.
424 2071 457 2128 r'n
472 2067 538 2128 Pis.
554 2088 579 2127 e.
595 2067 645 2128 11.
666 2066 747 2130 Alia
762 2068 916 2152 exempla
931 2090 1003 2131 sese
1018 2068 1161 2132 offerunt
1176 2069 1264 2152 apud
1280 2071 1370 2134 Pliu.
1386 2073 1463 2134 Hiet.

215 2181 292 2241 Nat.
314 2178 384 2239 VII.
399 2174 450 2237 43.
472 2173 559 2237 Phil.
575 2197 595 2237 a
610 2173 717 2236 Turre
732 2177 771 2238 de
785 2179 879 2238 colon.
897 2179 1035 2258 Forojal.
1045 2198 1080 2258 p.
1096 2177 1246 2240 CCCLX.
1263 2177 1400 2242 Gruter.
1415 2181 1465 2240 In-

215 2273 335 2370 scripti.
344 2306 377 2366 p.
395 2283 542 2346 OCCXC.
557 2304 588 2345 n.
603 2282 633 2344 1.
648 2282 754 2345 Henr.
769 2285 878 2347 Neris.
897 2285 1064 2365 Cenotapb.
1083 2285 1194 2347 Pisan.
1210 2286 1298 2348 Dies.
1310 2290 1340 2346 1.
1355 2287 1387 2350 3.
1406 2288 1465 2349 Fa-

214 2399 313 2460 brett.
328 2396 487 2474 Insnrptt.
506 2393 546 2452 X
558 2413 591 2473 p.
605 2391 677 2454 439.
689 2391 762 2455 722.
777 2414 822 2474 sq.
845 2392 900 2455 Sic
920 2400 954 2455 et
970 2391 1101 2455 Graece
1121 2382 1233 2458 linares
1248 2402 1284 2456 et
1303 2393 1466 2461 δισύπατοι

214 2501 390 2569 Duumviri
411 2500 506 2564 dicti:
525 2498 637 2563 Olear.
651 2501 696 2562 ad
709 2501 894 2563 Philostrat.
912 2505 964 2563 eit.
979 2501 1098 2563 Herod.
1113 2521 1147 2581 p.
1163 2499 1234 2562 546.
1261 2501 1364 2566 conf.
1382 2505 1465 2566 Ere

215 2612 301 2678 rard.
324 2611 438 2673 Otton.
463 2608 547 2669 Dies.
572 2587 817 2671 decurrentibus
841 2617 935 2670 extra
960 2610 1093 2670 Romam
1117 2631 1144 2673 e.
1162 2608 1192 2671 2.
1213 2610 1253 2672 In
1280 2612 1462 2695 municipiis

215 2741 315 2806 porro
338 2727 433 2780 erant
452 2715 658 2798 Dictatores,
678 2716 770 2795 (Cic.
783 2737 845 2800 pro
862 2717 979 2778 Mr'lone
996 2737 1022 2778 c.
1041 2717 1109 2797 10.)
1126 2715 1285 2800 Aediles,
1306 2721 1462 2798 (Sueten.
1528 2699 1529 2740 ³

120 2819 133 2840 ⁸
215 2830 255 2892 de
274 2831 351 2891 clar.
373 2826 463 2887 libet.
483 2845 509 2886 c.
530 2824 582 2904 6.)
613 2825 831 2906 Quaestores‚
864 2823 1044 2909 Censores,
1073 2826 1130 2910 qui
1156 2832 1191 2887 et
1219 2830 1464 2908 quinquennales
1525 2887 1529 2900 ,

216 2937 428 3002 dicebantur:
457 2933 525 2996 Cic.
550 2931 639 2995 Verr.
661 2933 703 2995 II.
725 2932 776 2995 52.
796 2932 869 2995 Liv.
886 2933 1009 2994 XXIX.
1024 2933 1074 2996 16.
1103 2931 1237 2996 Gruteri
1255 2936 1420 3018 Insen'ptt.
1436 2957 1464 3018 p.

218 3043 419 3107 accam
435 3063 466 3120 n.
484 3040 514 3102 2.
541 3041 755 3102 CCCCXXII.
773 3063 804 3102 n.
821 3039 851 3103 8.
878 3042 944 3103 imo
964 3050 999 3104 et
1020 3037 1216 3104 Praetores:
1239 3041 1313 3104 Liv.
1331 3043 1464 3124 Epiron.

216 3152 370 3215 LXXIII.
384 3142 471 3213 Plin.
483 3148 567 3211 Hiet.
581 3149 658 3210 Not.
675 3149 781 3210 XVII.
797 3147 847 3209 ll.
862 3148 963 3232 Spon.
975 3171 1009 3231 p.
1023 3149 1220 3212 CLXXXII.
1238 3148 1463 3230 Quatuorviri,

216 3260 342 3326 Decem
358 3258 466 3343 primi,
475 3265 509 3320 et
526 3256 594 3340 alii,
613 3255 654 3318 de
672 3255 789 3339 quibus
807 3255 880 3320 Car.
890 3258 1004 3343 Sigon.
1019 3259 1058 3319 de
1069 3260 1196 3340 antiquo
1206 3259 1286 3338 jure
1297 3260 1426 3346 nanu
1434 3257 1459 3318 8.

216 3379 252 3434 et
271 3368 416 3432 omniurn
438 3365 682 3430 adcuratissime
705 3357 809 3428 Henr.
832 3366 941 3429 Naris.
967 3367 1135 3448 Oenotapb.
1158 3367 1269 3430 Prien.
1286 3367 1376 3428 Dice
1397 3368 1421 3428 I.
1432 3364 1460 3426 3.

216 3478 323 3541 Porro
339 3474 613 3560 quemadmodum
627 3467 756 3536 Romae
771 3473 865 3558 leges
880 3473 1084 3537 ferebantur:
1107 3473 1155 3537 ita
1171 3482 1205 3538 et
1220 3474 1254 3537 in
1269 3475 1464 3559 municipiis,

217 3586 318 3669 idque
335 3583 450 3647 eadem
468 3583 538 3644 fere
553 3581 684 3644 ratione
700 3583 878 3666 utrobique
893 3583 1014 3646 factum
1032 3604 1119 3662 esse,
1134 3591 1229 3667 patet
1245 3604 1287 3645 ex
1302 3582 1383 3646 loco
1400 3583 1464 3646 Cic.

217 3695 256 3756 de
271 3693 370 3776 Legg.
386 3693 445 3752 III.
459 3690 509 3752 16.
536 3690 583 3750 Et
596 3710 674 3750 aeus
689 3691 808 3771 quidem
823 3700 931 3754 noster
945 3693 1106 3772 singulari
1117 3694 1231 3754 virtute
1245 3696 1278 3752 in
1293 3693 1350 3753 boe
1366 3693 1466 3754 muni-

217 3805 303 3884 cipio,
323 3800 427 3883 quoad
449 3799 669 3872 ebriarentur
690 3798 734 3859 M.
750 3800 911 3885 Grandae,
938 3802 1031 3879 cujus
1046 3803 1078 3860 in
1099 3803 1293 3862 matrimomb
1318 3820 1465 3872 sororem,

136 3907 140 3916 ’
217 3912 320 3972 aviam
335 3917 490 3979 nostram,
507 3904 654 3977 babebat,
663 3906 790 3984 serenti
802 3909 903 3988 legem
924 3908 1128 3968 tabellarium.
1153 3905 1311 3990 Denique
1330 3915 1368 3970 et
1389 3906 1467 3969 Fla-

218 4017 320 4080 mines
336 4035 409 4079 snos
424 4012 603 4095 habebant,
619 4032 685 4075 non
699 4034 791 4076 secus
804 4033 841 4075 ac
857 4012 1012 4096 Romani,
1024 4035 1161 4098 quorum
1182 4014 1332 4078 meminit
1348 4015 1466 4078 Cicero

212 4147 273 4208 pro
290 4115 404 4186 Mr'lone
419 4143 443 4183 c.
458 4119 508 4202 16.
532 4129 566 4185 et
587 4099 722 4205 publica
741 4121 938 4206 vectigalia,
956 4122 1073 4208 quibus
1095 4130 1215 4186 sumtus
1239 4123 1274 4184 in
1294 4122 1467 4207 republica

218 4231 393 4298 necessarii
415 4230 674 4294 sustinebantur:
699 4231 736 4292 L.
754 4230 805 4292 17.
821 4232 850 4313 §.
870 4228 901 4292 1.
917 4233 958 4294 D.
978 4231 1017 4292 de
1040 4231 1129 4295 Verb.
1146 4233 1243 4312 sign,
1269 4238 1305 4294 ut
1327 4230 1414 4294 adeo
1436 4231 1465 4293 io

219 4341 369 4405 omnibus
394 4339 570 4404 videantur
589 4338 769 4422 municipes
787 4360 823 4401 se
844 4337 887 4402 ad
903 4338 1075 4403 Romanae
1092 4336 1300 4421 reipublicae
1318 4317 1465 4416 forulum,

220 4455 374 4532 quantum
392 4449 462 4512 fieri
479 4457 631 4532 poterat,
649 4448 878 4530 composuisse.
