3062 5164
383 378 438 448 lla
461 359 557 448 donn
582 379 724 464 Quum.
749 379 806 450 Er
830 378 944 452 Cnm.
1223 389 1297 456 ΜΒ

46 564 223 640 coeperunt
230 556 365 620 ,tributa
380 555 532 620 conferre
552 575 612 640 pro
628 573 688 620 suo
705 554 844 640 quisque
859 577 977 623 census
992 579 1058 642 qua
1073 557 1117 622 de
1130 577 1167 621 ro
1182 558 1297 624 Livius

46 665 68 725 1.
83 662 131 726 43.
159 665 402 742 Quodnsorsbm
416 666 497 726 soba
515 666 593 730 orte
609 665 709 726 diocto
726 666 904 746 regsbm‘bus
922 667 1120 748 meatusque,
1141 687 1223 748 quae
1238 667 1298 729 lto*

46 771 178 832 blootur
195 779 323 851 portes,
342 772 440 833 tribus
460 792 515 833 aas
535 773 720 852 adpetlom‘tc
736 779 772 832 ut
790 790 849 852 ego
864 774 1010 847 arbitror,
1032 794 1052 835 a
1070 774 1201 836 tributo:
1222 795 1298 836 nom

47 879 109 959 ejus
130 899 254 960 quoquc
274 880 446 959 aequaliter
469 899 506 940 ao
525 897 622 940 consu
644 878 829 956 conserendi
850 880 888 940 ob
912 881 1018 942 eodem
1037 883 1116 942 obito
1138 884 1221 943 rots'o
1240 891 1297 943 ost.

48 985 242 1068 Tarquinius
264 983 431 1067 Superbus
451 993 600 1048 veterem
624 985 928 1081 tributalexigendi
952 987 1116 1050 rationem
1136 987 1297 1064 restituit3

48 1091 198 1176 auxitque
216 1092 405 1171 intantum,
423 1099 461 1154 ut
479 1112 538 1174 pro
556 1113 616 1154 suo
635 1093 774 1177 quisque
794 1094 903 1176 capite
923 1095 1039 1176 decem
1057 1095 1221 1178 penderet
1235 1095 1297 1160 de·-

48 1199 164 1260 uarios:
181 1199 324 1282 Dionys.
344 1198 457 1262 Halic.
476 1199 533 1260 IV.
553 1198 604 1260 to.
633 1200 772 1284 Ejurato
795 1221 919 1286 regno,
941 1201 1098 1266 Valerius
1119 1202 1297 1286 Poplicola

51 1305 146 1368 Servii
162 1307 348 1370 institutum
364 1327 548 1389 revocasse,
563 1327 704 1392 eumque
720 1307 754 1370 in
770 1309 869 1370 finem
886 1308 1088 1387 Quaestores
1104 1331 1232 1373 creasse
1247 1309 1298 1373 vi·

51 1413 144 1476 detur.
166 1413 242 1476 Imo
264 1434 428 1498 pauperes
456 1414 660 1499 aliquamdiu
686 1415 883 1480 tributorum
912 1435 1015 1479 onere
1042 1424 1117 1480 sunt
1142 1417 1297 1498 exsoluti,

52 1521 147 1584 donec
163 1521 317 1584 decrevit
332 1522 472 1586 Senatus
489 1542 576 1585 anno
588 1521 898 1588 U.C.ooox1.1x.ut
913 1523 1016 1606 plebi,
1032 1545 1118 1609 quae
1134 1546 1177 1588 eo
1194 1545 1297 1610 usquo

53 1629 108 1692 suis
122 1629 281 1692 sumtibus
297 1629 508 1712 militaverat,
524 1629 724 1718 stipendium
741 1631 916 1714 quotannis
938 1652 980 1694 ex
998 1633 1128 1696 aerario
1149 1633 1298 1697 solvere-

54 1742 107 1798 tur.
120 1736 196 1800 Hoc
213 1737 300 1800 enim
318 1737 406 1800 facto
423 1737 530 1800 coacti
546 1745 621 1800 sunt
636 1759 749 1801 omnes
769 1738 926 1803 tributum
944 1762 987 1804 ex
1004 1762 1103 1804 censu
1121 1742 1298 1827 quotannis

57 1841 86 1903 in
99 1844 290 1928 stipendium
311 1844 454 1908 militare
479 1843 647 1906 confene:
668 1845 741 1908 Liv.
756 1845 815 1906 IV.
830 1845 881 1907 59.
896 1847 947 1910 60.
973 1849 1063 1912 Hinc
1083 1871 1202 1935 magna
1222 1852 1299 1914 sub-

56 1949 122 2012 inde
137 1951 318 2014 certamina
334 1948 422 2014 inter
441 1959 555 2040 patres
570 1959 603 2013 et
619 1951 753 2052 plebem
770 1952 811 2015 de
829 1955 1039 2019 conferendis
1053 1957 1194 2042 tributis,
1211 1980 1297 2043 quae

57 2079 142 2142 saepe
165 2081 184 2122 a
204 2058 361 2121 Tribunis
384 2059 562 2143 impedita,
584 2080 684 2143 saepe
707 2080 726 2120 a
750 2059 875 2124 Senatu
897 2063 1047 2145 remissa,
1074 2086 1137 2128 nec
1154 2087 1229 2130 raro
1253 2068 1297 2129 ob

56 2168 272 2231 necessitatem
288 2164 494 2250 reipublicae
511 2174 608 2230 aucta
623 2174 708 2247 sunt,
724 2174 760 2229 ut
773 2168 878 2231 refert
894 2169 967 2233 Car.
984 2171 1098 2256 Sigon.
1113 2173 1153 2234 da
1168 2177 1297 2255 antiquo

52 2275 116 2354 juro
133 2279 189 2337 cio.
203 2276 335 2338 Roman.
350 2278 378 2336 1.
393 2273 443 2336 16.
458 2295 490 2356 p.
505 2253 577 2335 197.
593 2295 638 2356 sq.
667 2272 756 2352 Quin
779 2275 906 2340 indicta
926 2298 1025 2361 saepe
1049 2279 1173 2342 tributa
1193 2288 1299 2343 teme-

57 2382 144 2460 raria,
163 2390 300 2467 propter
321 2380 461 2466 periculi
486 2380 764 2466 magnitudinem,
787 2382 891 2446 veluti
914 2390 989 2468 post
1011 2384 1124 2447 urbem
1146 2408 1166 2448 a
1189 2369 1296 2450 Gallis
1400 2471 1404 2476 Ι

60 2500 189 2574 captam,
204 2490 285 2554 item
304 2488 396 2552 bello
413 2489 541 2552 Punico
559 2489 715 2571 secundo,
731 2489 871 2553 Valerio
891 2489 1020 2554 Levino
1043 2499 1077 2555 et
1092 2493 1139 2556 M.
1155 2493 1296 2558 Claudio

59 2596 206 2662 Marcello
229 2597 319 2660 Coss.
348 2595 481 2681 quando
511 2598 602 2682 ipsae
625 2604 797 2661 matronae
820 2619 931 2661 aurum
963 2609 997 2664 et
1024 2610 1217 2666 ornamenta
1240 2623 1299 2666 sua

62 2707 195 2768 conferre
220 2726 287 2767 non
317 2703 528 2767 dubitabant:
557 2705 675 2767 Festus
706 2704 764 2768 sub
793 2727 876 2768 voce
906 2710 1055 2772 tributum
1073 2732 1108 2792 p.
1131 2707 1203 2772 468.
1225 2709 1298 2783 Liv.
1349 2755 1355 2762 -

65 2810 170 2874 XXVI.
188 2812 239 2875 36.
272 2812 448 2875 Postremo
479 2834 586 2875 annua
610 2812 733 2876 tributa
755 2812 856 2897 plane
882 2815 1016 2880 remissa
1038 2825 1112 2882 sunt
1131 2815 1173 2878 A.
1195 2816 1238 2880 U·
1261 2815 1298 2880 C.

62 2936 208 2984 nnxxxvs.
229 2917 403 3005 postquam
420 2918 457 2981 L.
481 2919 616 2982 Paullus
643 2939 661 2981 e
684 2920 810 3004 praeda
824 2921 1045 2987 Macedonica
1067 2922 1297 2986 incredibilem
1365 2951 1369 2959 ·

62 3025 115 3088 vim
136 3029 200 3092 auri
215 3026 375 3091 intulerat
390 3026 423 3090 in
440 3027 618 3091 aerarium:
635 3027 703 3091 Cic.
719 3029 757 3089 de
779 3027 870 3106 Ossia.
886 3030 929 3090 11.
947 3030 998 3093 22.
1018 3031 1103 3094 Plin.
1118 3030 1202 3094 Hist.
1221 3031 1297 3095 Not.

62 3132 152 3198 XXX.
167 3135 196 3198 3.
222 3135 325 3220 idque
354 3134 395 3197 ad
419 3134 632 3198 Consulatum
659 3155 763 3219 usque
790 3133 894 3197 Hirtii
920 3145 953 3198 et
980 3136 1109 3199 Pansae
1132 3139 1298 3218 mansisse,

61 3241 148 3305 tradit
164 3241 359 3306 Plutarchus
380 3246 431 3308 vit.
454 3243 568 3305 Paulli
586 3265 612 3304 c.
628 3241 678 3306 38.
707 3242 789 3305 Post
811 3263 852 3307 ea
876 3250 1027 3327 tempora
1049 3243 1164 3306 tributi
1182 3244 1298 3309 collati

61 3346 308 3434 frequentissima
335 3350 372 3414 fit
394 3339 588 3432 mentioset
615 3350 674 3413 sub
696 3350 953 3433 Imperatoribus
978 3372 1020 3414 eo
1040 3373 1092 3414 res
1114 3350 1232 3433 rediit,
1262 3360 1298 3415 ut

62 3455 146 3520 multa
160 3459 388 3521 invenirentur
402 3478 490 3522 nova
504 3459 629 3521 tributa
639 3455 878 3541 locupletando
894 3458 1033 3540 aerario,
1054 3467 1089 3522 et
1105 3480 1172 3522 non
1191 3460 1296 3524 solum

61 3566 221 3642 provinciis
245 3588 265 3628 a
285 3564 412 3650 populo
432 3565 604 3647 sts'pendt'03
627 3588 645 3627 a
667 3564 823 3650 Principe
848 3566 966 3628 tributu
989 3567 1240 3650 imponerentur
1254 3574 1297 3652 t):
1381 3611 1388 3626 ι

62 3665 194 3756 Theoph.
211 3673 240 3755 §.
256 3672 307 3733 40.
327 3672 405 3733 lost.
425 3671 464 3734 de
483 3673 559 3732 Iter.
573 3672 672 3734 diois«
684 3670 795 3755 Cujac.
817 3672 903 3734 Obss.
925 3673 994 3734 VII.
1011 3673 1041 3736 3.
1054 3697 1175 3740 oerum
1197 3677 1296 3741 etiam

62 3773 155 3844 durior
169 3779 311 3844 subinde
327 3779 390 3841 hac
404 3778 440 3840 in
460 3797 496 3840 re
513 3777 608 3840 fieret
624 3776 771 3842 conditio
788 3779 906 3843 civium
923 3779 1157 3845 Romanorum.

618 3935 648 4017 §-
666 3935 718 3998 so.

376 4037 429 4089 Jtts
446 4036 618 4104 occn'yolt'um,
637 4038 727 4106 qualia
744 4045 822 4089 orant
835 4038 966 4106 portorio.

124 4136 265 4200 Diversa
287 4137 452 4202 atributis
477 4145 572 4201 erant
590 4154 807 4202 vacationum:
830 4136 940 4221 Cujac.
961 4140 1048 4202 Otos.
1072 4140 1142 4200 VII.
1158 4140 1188 4200 4.
1210 4159 1295 4222 quae

99 4292 136 4360 ut)
157 4294 221 4360 Gaji
238 4295 307 4348 Iost.
326 4294 422 4347 11:21.
441 4293 642 4360 „stipendiaria
657 4291 799 4360 (praedia)
819 4299 884 4345 sunt
901 4310 942 4358 ea,
957 4309 1027 4362 quae
1045 4294 1073 4346 in
1092 4293 1133 4346 his
1149 4292 1296 4360 provinciis
1329 4303 1333 4310 '

60 4381 116 4438 sunt,
134 4395 201 4445 quae
219 4379 330 4446 proprie
348 4370 445 4446 populi
463 4377 581 4431 Romani
606 4393 666 4430 esse
683 4375 878 4443 intelliguntur.
901 4376 1056 4430 Tributaria
1073 4385 1138 4431 sunt
1154 4396 1200 4445 ea,
1225 4397 1296 4448 quae

61 4451 82 4506 in
96 4459 133 4512 his
149 4463 295 4528 provinciis
314 4468 386 4526 sunt,
399 4478 470 4530 quae
487 4461 598 4529 proprie
610 4461 735 4515 Caesaris
747 4477 808 4514 esse
822 4463 997 4528 creduntur.“
1009 4491 1040 4502 -
1055 4464 1097 4516 ct.
1116 4463 1172 4516 Vat.
1185 4465 1296 4532 Froqm.

61 4539 77 4603 l·
91 4544 128 4592 61·
145 4546 174 4598 1..
187 4551 228 4600 27.
247 4549 268 4614 ς.
288 4553 310 4600 l.
329 4549 365 4600 D.
384 4549 415 4598 de
434 4546 505 4600 verb.
523 4547 612 4615 siparis.
626 4549 669 4600 Dc
688 4543 807 4612 Savigny
824 4547 989 4614 Stenaroerf.
1007 4557 1094 4600 anter·
1105 4543 1295 4608 domKos'scrm

62 4619 99 4673 te.
114 4641 137 4690 p.
153 4631 210 4682 ess.
228 4628 284 4684 n'ot.
305 4637 327 4684 ι.
346 4631 388 4684 cf.
406 4632 517 4685 &nutu
537 4631 554 4684 ι.
573 4633 590 4683 ι.
611 4631 631 4698 t.
650 4636 692 4684 ro.
711 4629 797 4682 Mitt.
