3056 5168
214 369 289 438 154
633 357 1057 432 alithinu.

219 535 593 623 &unamque
616 535 813 600 οίωωιιω
841 533 1473 600 erasme-euulsa

306 975 523 1054 Quaesitores
538 995 622 1059 ergo
642 973 697 1037 isti
719 973 755 1036 in
777 973 852 1038 foro
874 982 977 1057 atque
991 973 1026 1036 iu
1047 969 1207 1034 tribunali
1226 977 1409 1054 praeerant
1422 969 1473 1054 ju-

222 1083 319 1150 diciis
339 1082 502 1169 publicis,
523 1082 680 1146 sedentes
707 1080 742 1144 in
757 1079 843 1144 sella
856 1081 981 1162 curuli,
996 1078 1213 1164 gladiumque
1234 1087 1385 1163 pontum
1403 1085 1471 1138 aute

222 1213 258 1255 se
273 1191 435 1256 habentes
453 1192 488 1254 in
510 1189 637 1273 signnm
653 1187 794 1271 imperii.
815 1187 967 1252 Aderant
981 1195 1158 1273 praeterea
1171 1185 1291 1248 Jadsx
1314 1185 1475 1270 quaestio-

222 1300 292 1379 nis,
307 1299 458 1384 judices,
472 1296 619 1379 scribae,
637 1296 789 1376 adcensi,
806 1316 1006 1382 praecones,
1026 1294 1180 1370 lictores,
1195 1293 1426 1377 adparitores,
1446 1299 1473 1352 et

222 1405 299 1488 alii,
319 1405 376 1490 qui
391 1404 624 1482 Quaesitorem
639 1402 674 1466 iu
690 1403 874 1487 judicando
893 1399 1176 1488 exsequendaqne
1196 1401 1372 1465 sententia
1385 1402 1476 1486 jusa-

174 1547 177 1552 ·
223 1515 320 1582 bant:
343 1513 417 1578 Car.
432 1511 588 1596 Sigonius
602 1513 642 1574 de
656 1512 786 1574 ludicris
799 1514 843 1574 IL
857 1515 889 1572 4.
898 1533 935 1596 p.
949 1511 1021 1574 544
1035 1513 1079 1592 ¹).

313 1845 317 1851 .
671 1780 738 1849 (ἰώ
754 1789 846 1842 Jtdeae
862 1789 1038 1858 mutim!

239 1971 244 1980 Ι
306 1893 401 1956 luter
410 1891 544 1975 judices
556 1891 695 1976 primum
710 1889 820 1954 locurn
836 1891 1022 1975 occupabat
1034 1907 1145 1954 sunnx
1159 1887 1400 1970 quamtum,
1412 1906 1466 1950 nou

225 1998 314 2064 idem
337 2019 416 2062 sane
437 2019 510 2060 curu
525 1997 744 2079 Quaesitum,
758 2007 796 2062 ut
818 1997 923 2082 aliqui
944 1996 1008 2060 sibi
1027 1997 1247 2081 persuadent,
1269 1996 1335 2060 sed
1355 1993 1472 2058 abhoc

226 2105 473 2171 diversissimus.
493 2106 582 2168 Sane
597 2105 631 2168 in
651 2126 764 2168 caussa
782 2105 959 2190 Oppianici
975 2105 1117 2168 Praetor
1129 2113 1201 2168 erat
1213 2103 1358 2185 Verres,
1371 2101 1473 2166 ludex

225 2213 427 2302 quaestionis
442 2211 480 2276 C.
499 2213 628 2276 Junins.
649 2213 690 2276 In
713 2234 826 2276 caussa
842 2213 958 2276 Verris
977 2211 1121 2277 Praetor
1135 2211 1182 2275 M.
1197 2211 1357 2291 Glabrio,
1370 2209 1472 2274 Judex

225 2321 428 2410 quaestionis
443 2320 486 2398 Q.
500 2321 642 2385 Curtius.
663 2321 703 2384 ln
727 2341 840 2403 caussa
855 2319 1005 2384 Cluentii
1022 2321 1165 2384 Praetor
1184 2318 1226 2396 Q.
1242 2319 1356 2400 Naso,
1370 2317 1472 2382 Iudex
1523 2375 1524 2382 ,

226 2429 429 2518 quaestionis
451 2428 493 2506 Q.
508 2427 687 2491 Voconius.
709 2429 804 2492 luter
822 2427 1055 2506 Quaesitorem
1078 2435 1114 2491 et
1128 2425 1285 2491 Judiceur
1310 2423 1472 2510 quaestio-
1523 2461 1524 2496 r

224 2541 274 2602 nis
295 2537 360 2600 hoc
381 2536 569 2599 interlitisse
598 2536 645 2600 ait
672 2535 916 2613 Quinctilianus
939 2537 1055 2598 Inststt.
1076 2545 1157 2598 orat.
1182 2519 1252 2597 Vri,
1272 2533 1306 2597 8.
1319 2539 1369 2615 ⁸),
1393 2529 1470 2618 quot

224 2647 370 2710 Praetor
381 2663 440 2705 seu
456 2639 638 2718 Quaesitor
657 2644 691 2705 in
712 2633 768 2725 iis,
783 2665 869 2729 qnae
885 2643 1159 2728 essent'imperii3
1178 2642 1294 2707 Index
1309 2639 1468 2725 quaestio

224 2751 275 2816 nis
292 2751 326 2814 in
347 2749 398 2827 iis,
413 2769 500 2832 quae
514 2749 557 2813 ad
579 2749 804 2834 cognitionem
820 2753 1051 2836 pertinebant,
1073 2737 1173 2814 fuerit
1186 2759 1383 2834 occupatus.
1403 2746 1469 2812 Fuit

224 2879 306 2945 ergo
328 2877 395 2922 uon
411 2856 543 2941 quidem
559 2859 783 2943 magistratus:
804 2861 842 2922 L.
857 2859 887 2921 1.
900 2865 1003 2942 prese.
1021 2866 1057 2922 et
1069 2861 1099 2942 §-
1116 2859 1148 2922 1.
1161 2861 1203 2921 1).
1225 2859 1271 2920 acl
1282 2858 1366 2941 lag.
1388 2858 1469 2918 Corn

223 2967 263 3031 ele
278 2971 370 3029 sear.
394 2964 453 3028 sed
479 2986 621 3049 persona
642 2973 752 3030 tamen
773 2966 908 3051 publica
924 2967 976 3050 l),
998 2989 1085 3053 quae
1107 2965 1213 3031 veluti
1235 2973 1351 3049 partes
1374 2965 1468 3028 Prae·

292 3171 324 3241 a)
344 3173 456 3224 Praeter
473 3168 639 3235 rantum,
656 3175 723 3224 nota
744 3170 904 3238 insequente
921 3172 1077 3237 laudatum,
1092 3170 1236 3226 adeundus
1251 3183 1354 3224 rursus
1368 3165 1467 3222 hoeni

224 3254 344 3326 quui
358 3253 480 3322 judicem
500 3256 669 3326 quaestionis
690 3254 812 3312 dunat
825 3255 965 3312 Praetoris
981 3257 1026 3326 (in
1039 3255 1192 3310 exercende
1203 3255 1386 3324 qmestiouc)
1402 3253 1465 3306 ries·

222 3340 301 3396 rium.
319 3338 408 3394 Houlr.

290 3427 322 3493 a)
341 3427 454 3479 Inesute
471 3425 633 3479 Heirreocins
652 3431 784 3496 sequutus
803 3432 845 3478 est
863 3413 1355 3494 Sigonium.'spudQuincti1.eerte
1371 3433 1467 3480 uerer-

222 3512 287 3564 bum
305 3508 415 3580 quidem
433 3511 469 3563 de
486 3513 536 3565 hac
553 3528 582 3565 re
599 3517 697 3564 exstat
714 3511 813 3564 Potius
831 3513 873 3564 off.
892 3511 949 3564 Cic.
965 3529 1018 3581 pro
1043 3509 1193 3564 Chresto
1210 3513 1255 3563 27.
1272 3513 1319 3563 29.
1339 3517 1367 3564 et
1382 3513 1423 3564 ot
1439 3523 1468 3558 ω

216 3596 359 3656 ,Ferratius
376 3595 444 3663 Epp.
462 3596 487 3649 L
503 3602 530 3650 4.
547 3595 636 3650 Haut.
655 3597 718 3649 Jam
735 3598 798 3650 add.
817 3599 921 3650 Klenze
938 3597 1048 3665 blopis.
1067 3596 1116 3665 109.
1132 3595 1227 3650 sem't
1244 3611 1274 3662 p.
1293 3602 1339 3651 ³4.
1357 3613 1399 3666 sq.
1417 3599 1467 3648 not

222 3685 248 3736 2.
265 3686 336 3747 etp.
354 3685 396 3734 73.
412 3685 469 3734 not.
483 3685 509 3734 2.
526 3679 613 3734 ltfsill.

291 3766 323 3833 b)
343 3765 459 3820 Videtur
476 3767 530 3820 hoc
545 3783 645 3821 munus
663 3774 727 3836 post
743 3767 908 3824 aedilitatem
924 3765 987 3833 copi
1011 3764 1193 3820 nemerim.
1217 3766 1292 3818 saue
1314 3764 1348 3818 C.
1364 3763 1468 3824 sonus

222 3851 314 3906 Jndex
331 3850 517 3921 quaestionis,
544 3852 573 3904 in
591 3852 752 3906 Cluentiana
769 3853 1000 3918 fuissentne,
1027 3858 1097 3906 teste
1120 3850 1251 3904 Cicerone
1271 3847 1303 3902 in
1327 3849 1406 3902 Oret.
1420 3865 1468 3917 prs

222 3936 256 3988 A.
277 3935 395 3990 Cluerstio
422 3934 493 4006 [Η.
517 3939 560 3990 29.
586 3935 631 4007 et]
660 3957 683 3992 c.
700 3944 743 3993 33.
766 3941 803 3994 Et
829 3939 883 3992 hnc
898 3936 1016 4006 pertinet
1042 3937 1126 3993 enam
1147 3934 1291 4003 inscriptio
1317 3935 1394 4002 apud
1411 3934 1470 3986 eu.

223 4019 362 4088 Sigontum
380 4023 413 4076 de
430 4019 543 4074 Judicr'is
559 4022 602 4075 11.
617 4027 645 4076 5.
657 4040 688 4091 p.
704 4027 765 4077 548.

414 4120 438 4158 e
456 4120 595 4161 ocrsvrus.
613 4122 636 4160 c.
656 4123 681 4162 s.
700 4123 724 4162 c.
737 4123 764 4162 n.
778 4122 801 4160 c.
819 4122 898 4164 snos.
914 4121 999 4166 erres
1015 4121 1132 4162 susum

414 4203 460 4244 τε.
479 4205 535 4246 uu..
555 4207 603 4246 urs.
622 4208 650 4250 s.
669 4208 756 4246 asnis.
772 4207 812 4246 1³1..
829 4208 885 4247 curs
902 4207 1021 4248 nonanto
1037 4207 1129 4246 Junsx

749 4293 944 4336 susurrone!

415 4374 456 4413 sn.
473 4373 523 4414 sno
542 4375 598 4416 cos
617 4377 770 4416 inermen
786 4378 952 4417 arausicus
970 4379 1005 4416 nx
1022 4375 1164 4416 rnovrncrs

756 4463 912 4504 usceoonra
1267 4437 1273 4444 ’

221 4526 352 4580 (truterus
370 4529 504 4600 Inscnptt.
520 4549 549 4598 p.
571 4531 705 4587 CCCLX.
722 4551 748 4586 n.
766 4539 792 4588 3.
806 4535 886 4588 Heia.
