3040 5164
204 329 275 396 366
675 323 751 390 Lus
777 323 820 390 ll.
846 321 881 388 T
882 345 926 388 ιτ.
951 321 978 388 Ι.

205 506 314 563 servat
338 497 416 562 Ger.
437 497 553 562 Noodt
577 498 709 584 Probat.
726 501 766 560 II.
786 479 817 562 6.
833 520 868 580 p.
887 499 1001 581 bbrp
1022 497 1101 560 Non
1125 495 1261 560 multum
1289 493 1408 559 diversa
1424 520 1444 560 a

209 608 389 673 traditione
407 616 479 670 erat
497 605 601 668 cessio
621 627 743 670 vacuae
759 604 984 690 possessionis,
1005 627 1090 688 quae
1111 613 1146 671 et
1161 603 1445 686 mancipationibus

207 735 450 799 nonnumquam
470 712 665 795 adcedebat,
681 722 717 777 ut
735 723 829 799 patet
847 737 889 777 ex
907 713 1042 778 Gruteri
1057 717 1215 795 Inscrrptt.
1224 712 1444 796 pirama

209 849 240 888 a.
254 826 284 887 1.
306 825 363 889 ubi
384 823 488 886 Statia
504 823 622 901 Irene,
645 823 833 907 mancipans
850 831 1094 898 monumentum
1114 821 1245 884 Licinio
1268 818 1444 898 Timotheo,

209 933 321 996 addit:
351 947 453 1007 moun
479 946 617 993 vacuam
632 932 678 1010 ¹¹).
707 947 965 1008 possessionen.
990 947 1204 994 uouuusum.
1229 945 1257 992 s.
1282 943 1310 990 s.
1334 943 1445 990 cassu.

210 1040 286 1118 Qua
301 1040 343 1103 de
364 1061 400 1102 re
413 1037 509 1122 plura
522 1035 716 1101 ‘observavit
735 1039 788 1100 Fr.
805 1039 985 1101 Brummer.
1002 1041 1046 1100 cd
1059 1038 1137 1120 Leg.
1152 1039 1234 1099 Oine.
1247 1059 1274 1098 c.
1289 1035 1340 1098 13.
1354 1033 1445 1120 [add.

201 1158 271 1211 ‘vau
288 1146 470 1232 Bynkersh.
486 1147 525 1206 de
539 1147 602 1208 reb.
618 1149 755 1227 mancrpt
766 1169 791 1206 c.
807 1145 837 1208 9.
847 1168 882 1228 p.
898 1145 987 1232 132]

706 1414 779 1472 Quid
796 1417 974 1486 acty'udicatr'o?

292 1517 574 1582 Anrumcnnroun
596 1514 774 1578 dominium
794 1538 901 1580 rerum
923 1527 991 1581 tum
1015 1515 1173 1598 mancipi,
1192 1527 1259 1577 tum
1282 1534 1346 1577 nec
1370 1535 1444 1574 man-

108 1701 111 1720 ,
199 1627 277 1711 'cipi
299 1625 536 1712 adquirebatur
558 1623 592 1685 in
616 1623 719 1686 tribus
740 1624 806 1688 illis
822 1624 958 1710 judiciis
972 1627 1119 1703 familiae
1142 1624 1360 1693 erciscundae,
1381 1643 1444 1682 can-

209 1739 300 1797 mrrm'
319 1733 503 1805 dividundo,
520 1730 645 1810 sinibus
667 1729 837 1813 reguariter
862 1733 890 1812 6.
916 1735 972 1795 ult.
989 1734 1066 1794 Inst.
1089 1734 1127 1794 de
1154 1733 1213 1814 Off.
1225 1731 1299 1812 jud.
1322 1728 1445 1806 Quoties

212 1843 298 1904 enim
312 1840 421 1925 judex
439 1841 496 1902 uni
512 1860 555 1901 ex
572 1837 761 1919 heredibus,
777 1840 832 1903 vel
848 1842 956 1922 sociis,
980 1840 1035 1904 vel
1057 1839 1182 1920 vicinis,
1206 1859 1277 1901 rem
1296 1837 1445 1921 adjudica-

211 1951 279 2030 bat,
292 1948 399 2011 statim
415 1947 500 2009 haec
515 1945 585 2008 sine
602 1945 782 2018 traditione
798 1948 831 2009 in
843 1947 931 2010 illius
948 1947 1107 2012 transibat
1119 1946 1318 2010 dominium:
1330 1943 1446 2027 Ulpian.
1506 1947 1507 1982 l

210 2057 339 2137 fragm.
359 2055 450 2116 XIX.
468 2053 518 2115 16.
543 2052 648 2131 (Add.
671 2051 745 2137 Gaj.
766 2054 827 2117 lv.
845 2055 926 2134 42).
948 2055 1047 2143 Unde
1069 2054 1272 2138 adjudicatio
1294 2051 1447 2117 traditioni

128 2167 133 2174 '
212 2172 312 2248 atque
330 2160 523 2246 usucapioni
540 2161 786 2244 aequiparatur:
807 2163 844 2223 I..
860 2161 889 2224 6.
910 2163 981 2244 63.
998 2165 1038 2225 D.
1055 2165 1093 2224 de
1109 2165 1201 2224 Statu
1217 2163 1303 2223 tiber.
1326 2161 1449 2222 Praeter
1506 2155 1507 2184 ²

210 2271 275 2336 tria
290 2292 371 2334 vero
387 2269 447 2334 illa
455 2267 584 2354 judicia
599 2268 707 2331 nullus
723 2277 794 2332 erat
816 2291 923 2352 casus,
940 2271 973 2333 in
992 2293 1058 2355 quo
1075 2270 1253 2333 dominium
1273 2269 1449 2353 adquirere-

212 2389 265 2444 tur
281 2379 403 2466 judicis
422 2377 598 2456 sententia,
617 2377 740 2460 quippe
758 2399 843 2461 quae
858 2379 913 2461 jus
929 2399 995 2441 uon
1009 2379 1076 2457 dat,
1094 2375 1153 2440 sed
1171 2376 1332 2458 declarat,
1348 2377 1381 2438 id
1395 2376 1450 2437 cui-

212 2511 309 2572 quam
330 2493 537 2569 competere:
560 2484 598 2545 J..
616 2482 646 2545 8.
666 2485 694 2565 §.
713 2484 743 2545 4.
763 2485 803 2545 D.
823 2485 862 2546 sa·
879 2491 983 2549 servit.
1000 2487 1110 2549 vindic.
1133 2483 1232 2548 Unde
1253 2494 1290 2547 et
1307 2487 1392 2548 actio
1405 2485 1449 2568 ju-

213 2595 314 2658 dicati
331 2615 398 2656 non
419 2593 454 2654 in
472 2611 541 2652 rem
561 2597 626 2671 est,
643 2592 701 2655 sed
723 2593 757 2655 in
780 2613 972 2677 personamz
992 2595 1035 2658 V.
1055 2593 1092 2656 C.
1112 2594 1212 2658 Ortw.
1234 2591 1404 2656 Westenb.
1418 2591 1448 2652 rte

211 2721 316 2765 causa.
331 2702 386 2764 obt.
405 2701 489 2761 Dies.
512 2699 563 2759 VI.
578 2698 608 2760 8.
624 2721 668 2782 sq.

789 2853 818 2938 ς.
839 2853 890 2918 as.

652 2971 732 3029 Quod
749 2971 890 3024 dominium
908 2990 941 3024 cx
959 2974 1032 3042 ἱερεῖ

286 3071 378 3134 Lucu
387 3069 532 3156 denique
545 3071 969 3155 adquirebaturdominium
980 3073 1029 3136 rei
1044 3073 1228 3158 singulariS,
1241 3071 1312 3136 sive
1326 3065 1451 3150 mancipi

216 3188 312 3261 esset,
331 3180 399 3242 sive
415 3198 477 3240 nec
495 3179 647 3261 mancipi,
664 3179 794 3264 quoties
809 3179 866 3242 lex
883 3183 1043 3264 quaedam
1063 3181 1242 3244 dominium
1258 3179 1361 3242 alicui
1377 3175 1449 3240 addi·

172 3302 175 3310 '
190 3291 193 3299 ’
216 3296 316 3352 ceret.
328 3287 382 3351 Sic
397 3287 544 3372 legatum
559 3287 688 3370 exlege
701 3287 775 3350 XII
787 3284 987 3352 Tabularum
1005 3291 1111 3352 statim
1131 3296 1200 3351 erat
1211 3289 1245 3351 in
1258 3283 1449 3350 dominiole-
1506 3335 1507 3342 ,

215 3396 350 3483 gatarii:
366 3395 501 3478 Ulpian.
514 3395 603 3456 XIX.
612 3395 661 3456 17.
673 3395 789 3458 1..120.
801 3397 841 3458 D.
859 3399 897 3480 de
912 3397 944 3458 V
939 3399 1001 3459 erb.
1016 3399 1122 3481 signas.
1140 3397 1174 3459 L.
1189 3397 1240 3458 47.
1258 3397 1288 3477 6
1304 3398 1362 3458 ult.
1377 3396 1413 3455 1).
1424 3391 1453 3451 dr
1506 3379 1507 3450 l

215 3505 325 3566 Pecal.
339 3503 467 3566 Eodem
485 3503 583 3566 modo
595 3502 855 3587 adquirebantur
870 3508 957 3569 bona
976 3504 1099 3568 caduca
1116 3513 1217 3589 atque
1233 3501 1454 3587 ereptitiasire

218 3635 237 3677 a
256 3603 345 3690 fisc'o,
358 3611 426 3676 sive
444 3635 462 3675 a
479 3612 624 3696 privatis.
646 3611 732 3675 Nam
752 3621 786 3676 et
805 3613 855 3676 his
871 3634 1115 3698 nonnumquam
1132 3613 1402 3676 concedebantur
1415 3631 1454 3670 ca·
1506 3605 1507 3682 l

218 3721 315 3784 duca:
332 3719 443 3806 Cujac.
459 3721 503 3781 ed
515 3719 636 3781 Novett.
652 3721 676 3782 I.
693 3720 780 3806 Scip.
801 3721 926 3786 Gentil.
941 3724 978 3783 dc
993 3722 1071 3784 Jarc
1087 3721 1329 3784 adcrescendtc.
1342 3718 1393 3780 lo.

792 3874 822 3955 §.
842 3873 894 3936 29.

432 3988 572 4042 Distinctio
589 3990 658 4042 inter
676 3982 818 4042 dominium
841 3990 1018 4049 Quiritarium
1037 3999 1062 4041 et
1081 3989 1246 4042 donitarr'um.

303 4089 475 4174 Quidquid
491 4089 551 4152 tali
567 4091 665 4154 modo
683 4092 791 4154 fuerat
807 4090 1020 4176 adquisitum,
1041 4090 1075 4153 id
1092 4107 1129 4153 1N
1147 4107 1294 4172 nonium
1312 4101 1457 4166 Quintus-

141 4275 145 4281 ,
220 4217 293 4274 n103
314 4197 442 4280 reliqua
460 4213 497 4262 ΙΝ
511 4199 692 4264 Bouls'csae
711 4199 920 4263 dicebantur:
939 4199 1221 4284 UlpianFrogm.
1239 4197 1333 4261 1.16.
1360 4197 1456 4260 Theo·
1506 4286 1507 4308 Χ

225 4350 327 4360 μ--ι-ι

289 4421 322 4486 u)
343 4421 386 4472 lta
403 4422 545 4487 legendum
563 4437 622 4475 esse
640 4437 691 4488 pro
710 4437 791 4478 lucus
808 4437 926 4486 viculis,
944 4428 1015 4474 recte
1033 4423 1182 4474 monetur.
1195 4423 1347 4474 Brummer.
1361 4420 1396 4471 cd
1406 4417 1456 4478 Μ·
1506 4376 1507 4424 i

225 4503 295 4558 Cr'nc.
312 4525 333 4559 c.
354 4510 393 4559 1³.
413 4507 492 4558 Heia.
