3130 5148
527 370 873 418 Pnooltlssu'ltt.

648 523 678 604 δ.
699 523 749 586 15.

543 637 665 692 Edictum
680 637 857 706 provinciale.

145 737 282 802 Eodem
299 737 458 822 exemplo
480 738 578 802 etiam
598 736 752 802 Edictum
766 738 971 821 provinciale
987 739 1101 802 nescio
1116 741 1146 820 a)
1166 739 1237 824 quis
1248 759 1329 802 con-

71 847 223 927 cinnavit,
243 846 336 930 quod
361 853 471 908 tamen
499 845 541 908 ab
566 843 678 908 edicto
697 852 860 929 perpetuo
881 847 1043 929 praetoris
1069 865 1183 929 parum
1207 846 1330 910 disere·
1404 847 1411 858 '

71 974 169 1038 passe,
185 954 258 1016 imo
273 975 347 1016 cum
364 952 426 1016 illo
441 973 538 1014 unum
560 950 716 1036 idemque
735 951 834 1016 titisse
844 952 984 1016 videtur.
1001 953 1031 1034 f)
1052 952 1130 1036 Gaji
1145 975 1224 1018 sane
1240 954 1330 1038 frag-

70 1068 175 1123 menta
191 1081 238 1122 ex
255 1059 498 1124 commentariis
517 1058 560 1138 ad
583 1058 728 1124 edictum
750 1059 955 1143 provinciale
973 1067 1098 1126 tantum
1121 1080 1189 1124 nou
1204 1061 1328 1145 ubique

70 1169 260 1252 fragmentis
276 1167 417 1232 aliorum
429 1188 472 1238 en
486 1167 578 1230 libris
598 1166 640 1230 ad
655 1167 800 1232 edictum
819 1168 981 1252 praetoris
999 1168 1218 1254 respondente
1241 1169 1328 1233 adeo

70 1284 101 1338 ut
118 1274 351 1339 Gothcfredus
365 1276 399 1338 in
419 1273 602 1340 ordinando
621 1274 733 1338 edicto
750 1283 915 1362 perpetuo
931 1277 1030 1342 etiam
1046 1276 1124 1360 Gaji
1137 1275 1329 1362 fragmentis

34 1434 38 1440 .
70 1383 112 1444 uti
129 1403 198 1444 non
217 1381 388 1445 dubitarit.
403 1382 475 1445 Imo
492 1380 594 1466 Gajus
613 1383 798 1466 promiscue
814 1383 956 1468 scripsit:
980 1400 1040 1448 Aln
1057 1399 1266 1464 succensus,
1280 1393 1330 1446 etz

70 1508 122 1552 mn
138 1505 303 1553 emron
324 1488 362 1551 L.
383 1489 413 1550 4.
439 1491 478 1550 D.
500 1489 591 1566 Quod
609 1493 740 1575 quisque
757 1492 826 1572 jur.
848 1490 886 1552 L.
906 1489 936 1552 1.
954 1491 983 1572 §.
995 1489 1028 1554 2.
1041 1491 1083 1552 D.
1106 1491 1196 1568 Quod
1212 1491 1329 1574 cujuso.

70 1704 162 1786 bitur,
175 1703 236 1788 qui
245 1702 389 1784 noverit,
396 1701 467 1786 jam
479 1701 558 1765 clim
572 1702 784 1785 proconsules
794 1703 918 1792 urbana¹
931 1703 1044 1794 edicta
1054 1703 1172 1788 iuJure
1185 1704 1329 1778 dicundo

69 1810 266 1892 plerumque,
293 1829 365 1870 csse
386 1815 556 1892 sequutcs:
583 1807 701 1871 Cicero
723 1809 757 1870 in
783 1810 872 1872 Verr.
892 1812 919 1871 Ι.
936 1810 988 1873 46.
1008 1813 1104 1874 etad
1119 1814 1212 1874 Altr'c.
1227 1813 1330 1894 Epr'rt.

74 1917 122 1978 VI.
134 1916 164 1979 1.
178 1915 306 1979 Ezech.
323 1913 498 1999 Spanhem.
518 1915 589 1977 Ort.
600 1916 688 1976 Rom.
697 1917 811 1978 Escrc.
821 1916 862 1978 ΙΙ.
874 1915 926 1980 12.
937 1939 970 1999 p.
983 1917 1035 1980 97.

648 2086 677 2168 δ.
701 2085 749 2152 16.

501 2201 642 2256 Restitutio
668 2203 746 2256 edicti
763 2205 897 2270 perpetui.

148 2321 259 2383 Periit
281 2326 454 2402 utrumque
486 2316 630 2408 edictum
665 2337 786 2400 magno
801 2318 1083 2402 jurisprudentiae
1105 2321 1328 2384 incommodo.

71 2429 270 2512 Fragmenta
280 2433 403 2508 nmen,
418 2423 493 2488 hinc
506 2423 585 2488 inde
606 2425 641 2487 in
660 2424 809 2509 Digestis
833 2425 973 2511 reliqua,
987 2433 1153 2513 tamquam
1171 2428 1289 2492 fractas
1308 2447 1328 2490 e

71 2535 243 2619 naufragio
252 2533 393 2618 tabulas,
403 2531 611 2616 collegerunt
621 2525 819 2615 Eguinarius
828 2531 916 2595 Baro
924 2534 959 2596 in
967 2529 1060 2597 libris
1069 2535 1278 2618 Manendum,
1293 2541 1324 2618 a)

72 2642 157 2706 Gall.
171 2640 377 2724 Ranchinus,
394 2641 484 2726 cujus
503 2639 600 2703 labor
614 2639 656 2704 ad
670 2639 813 2704 edictum
828 2641 954 2724 prodiit
968 2643 1071 2706 Paris.
1087 2643 1180 2706 1597.
1192 2643 1221 2708 8.
1233 2661 1328 2708 recu-

71 2772 119 2813 sus
131 2752 165 2812 in
179 2751 236 2814 Jo.
252 2733 367 2812 Herm
379 2747 580 2812 Schminckii
596 2749 762 2831 syntagm.
773 2753 878 2812 caseo
898 2750 1019 2832 (Morp.
1034 2749 1126 2812 1717.
1142 2751 1189 2832 4.)
1209 2757 1253 2833 et,
1271 2751 1328 2836 qui

71 2857 101 2919 in
111 2857 297 2941 digerendo
307 2857 561 2941 ordinandoque
572 2855 693 2938 potius,
704 2875 800 2940 quam
810 2857 1038 2920 concinnando
1051 2858 1172 2941 edicto,
1183 2861 1326 2922 omnium

71 2967 234 3050 superauit
252 2965 456 3048 industriam,
472 2965 543 3029 Jac.
566 2960 801 3047 Gothofredus,
825 2965 915 3048 cujus
935 2966 1042 3028 Series
1066 2967 1215 3028 librorum
1236 2967 1331 3030 edicti

66 3079 213 3155 perpetus·
221 3074 311 3137 inter
326 3082 461 3156 quotuor
469 3073 580 3151 sontes
586 3075 675 3154 juris
688 3073 785 3136 civitot
794 3079 910 3136 exstet
930 3073 1029 3151 (Post
1040 3091 1153 3136 eorum
1170 3073 1327 3136 aliorum-

72 3201 132 3264 que
147 3190 287 3244 ccnatus
313 3180 442 3244 Auctor
461 3199 529 3242 rem
552 3198 721 3264 aggressus
746 3187 805 3264 est,
825 3187 869 3266 at,
889 3179 1091 3243 mortalitate
1115 3181 1326 3262 interceptus,

135 3430 165 3497 e)
186 3429 287 3481 Eidem
306 3442 370 3494 ergo
389 3427 532 3480 Hadriano
555 3440 611 3478 non
636 3409 707 3479 male
723 3425 776 3478 hoc
799 3425 917 3479 edictum
941 3421 1107 3492 provinciale
1130 3421 1225 3478 tribuit
1240 3423 1326 3478 Henr'.
1377 3455 1381 3463 ι

73 3513 201 3566 Dodwell.
219 3513 257 3564 od
276 3511 413 3579 sparnac
431 3511 522 3563 Hodr.
541 3511 582 3563 ΙΙ.
597 3529 630 3579 p·
648 3515 709 3565 306.
729 3511 809 3563 Heio.

135 3600 165 3666 t)
185 3599 346 3661 Auctorem,
361 3597 427 3648 dum
439 3598 505 3648 haec
519 3595 657 3658 scriberet,
678 3597 792 3649 dubium
806 3595 888 3648 etiem
901 3594 1035 3657 haesisse,
1056 3595 1147 3660 palam
1158 3601 1207 3648 est
1225 3597 1327 3648 Postea

75 3686 174 3748 nmen,
191 3683 254 3754 ipse
272 3681 415 3741 confessus
440 3679 603 3748 sententiam
625 3696 656 3735 se
672 3687 809 3744 mute-sse,
827 3678 858 3734 in
875 3695 960 3736 unum
977 3695 1039 3742 ease
1056 3680 1171 3734 mntusa
1188 3679 1283 3732 rubim
1300 3685 1328 3730 et

76 3767 248 3830 provincialia
266 3767 356 3821 edictu
376 3765 483 3820 invictis
507 3763 674 3831 argumentis
691 3765 785 3820 docuit
803 3767 913 3833 (opusc.
932 3769 1003 3830 post.
1021 3779 1049 3831 p.
1067 3769 1120 3818 2³9
1137 3781 1179 3833 sq·
1197 3772 1253 3818 nct.
1273 3767 1326 3834 lc),

76 3851 204 3922 quidquid
220 3850 270 3908 alii
281 3854 378 3905 conca
388 3849 490 3905 dicant·
506 3850 649 3908 lulianum
662 3867 699 3904 ea
710 3848 845 3906 Aetlilltic-
855 3865 966 3918 qucque
981 3849 1072 3908 edicto
1088 3849 1178 3916 capita
1191 3851 1326 3918 quaedem

75 3935 143 3988 velut
164 3935 328 4006 appendicis
352 3937 414 3988 loco
438 3933 615 4004 subjmxisse
641 3932 810 3992 simillimum
831 3939 878 3992 est,
897 3934 961 3991 veri.
980 3933 1044 3988 Vid.
1062 3932 1219 3988 Mdhlenbr.
1244 3936 1332 3990 doctr„
1419 3985 1424 3992 ,

77 4019 159 4073 Pmd
177 4022 199 4088 t.
218 4025 245 4074 6.
266 4025 324 4076 not.
345 4024 387 4074 17.
405 4021 450 4074 cd.
467 4025 493 4076 4.
512 4017 601 4076 Mtte
796 4070 801 4082 x
871 4034 873 4038 ’

137 4107 169 4172 g)
183 4107 289 4158 Parum
297 4103 447 4160 honorifice
456 4106 490 4157 de
498 4106 549 4156 hae
555 4102 695 4170 Eguinarii
704 4105 863 4158 collectione
872 4103 954 4161 sentit
961 4105 978 4158 J
980 4121 1021 4158 ac·
1029 4105 1154 4158 Gothctr.
1164 4101 1192 4159 in
1198 4102 1326 4158 Bellen.

75 4189 165 4242 sunl.
174 4209 204 4260 p.
215 4195 261 4246 46.
279 4189 328 4244 ubi
347 4191 486 4252 observat,
499 4195 638 4245 auctorem
655 4205 737 4256 saepe
754 4189 819 4244 data
835 4204 918 4261 opera
937 4191 1038 4257 fingere
1055 4188 1152 4250 edicto,
1164 4203 1234 4254 quac
1245 4201 1325 4240 num-

76 4289 152 4340 quam
167 4275 286 4341 tuerint,
305 4278 446 4343 multaque
464 4291 497 4328 ec
515 4275 628 4338 reterre,
647 4290 717 4342 quae
735 4291 772 4326 ex
790 4277 1043 4342 jnreoocsultcmm
1062 4269 1180 4336 placitis,
1203 4273 1325 4328 moribus

77 4358 200 4428 antiquis,
226 4360 365 4428 novisque
383 4359 536 4428 principum
559 4359 691 4417 institutis
707 4359 880 4412 descendant
896 4360 976 4413 ticin
1001 4356 1121 4409 Omnino
1139 4358 1172 4408 cf.
1185 4359 1327 4412 Hanbcldl

77 4440 147 4496 diac.
164 4448 231 4500 uber
249 4447 297 4500 dic
310 4447 451 4498 Versuche
468 4446 518 4496 des
536 4445 637 4511 petitor.
655 4443 735 4496 Edict
753 4445 941 4507 herzustellen,
959 4440 987 4494 in
1001 4439 1129 4505 Hugonis
1141 4441 1192 4496 civ.
1206 4443 1280 4509 stag.
1294 4446 1325 4498 T.

78 4527 110 4578 ll·
125 4547 163 4584 nr.
183 4539 222 4586 14.
239 4539 268 4586 et
287 4531 324 4584 de
342 4531 450 4595 Weyllc
467 4531 485 4582 l.
505 4533 523 4584 l.
541 4546 568 4596 p.
585 4533 629 4582 98.
646 4528 731 4584 Miilrt.
