3062 5156
366 363 420 432 uu
447 363 620 432 Excussr.
641 362 784 456 Toron.
808 361 886 432 Vua
910 321 1043 432 Consu.
1260 371 1334 438 ulr

79 541 217 627 juridica
230 541 434 606 floruerunt:
448 540 487 602 12.
503 539 534 602 1.
551 541 584 602 0.
602 539 667 616 Qus
677 546 773 602 anat.
786 541 837 600 cei
845 539 981 620 presses.
995 561 1030 603 ss
1043 561 1151 604 erese
1166 541 1334 606 eamdem-

85 670 145 734 que
161 649 307 714 scholam
331 645 581 714 eodemseculu
603 645 715 709 medio
739 647 937 710 observante
952 647 1114 733 Meuagio
1131 651 1333 714 Amoenitutt.

78 760 141 838 jar.
154 761 212 820 cio.
227 779 253 819 e.
268 757 319 820 24.
336 777 539 842 magnopere
558 753 742 818 celebravit
756 753 939 838 Gregorius
955 756 1193 842 Thaumaturg.
1209 758 1333 840 Pansg.
1362 785 1372 808 =

84 869 112 926 in
130 866 257 946 Origen.
270 887 301 946 p.
317 864 387 927 186.
409 865 520 927 Tanta
542 883 628 926 sanc.
642 862 737 946 hujus
757 861 890 926 scholae
913 862 976 928 fuit
997 863 1192 945 celebritas,
1208 872 1245 928 ut
1260 885 1333 928 eam

83 957 188 1057 pmice
210 977 272 1036 τῶν
287 971 402 1054 νόμων,
419 979 552 1034 matrem
572 973 676 1052 iegnm
697 969 869 1053 adpellare
893 991 959 1033 non
981 971 1112 1036 dubitet
1131 973 1259 1058 Eunap.
1280 975 1333 1035 en.

83 1081 245 1141 Proceres.
258 1101 293 1160 p.
308 1079 380 1141 150.
400 1079 434 1143 τὸ
457 1077 527 1152 ἕδος
542 1084 685 1162 χαρίτων,
706 1079 892 1141 Gratiarum
909 1079 1028 1152 sedan,
1044 1079 1191 1144 loannes
1207 1081 1241 1142 in
1262 1083 1333 1142 An·

82 1188 146 1248 thol.
160 1179 240 1248 Lib?
249 1187 276 1246 I.
295 1208 321 1248 e.
336 1185 388 1248 68.
403 1189 501 1268 epigr.
516 1185 568 1248 29.
583 1185 673 1252 πόλιν
687 1169 936 1268 impotentiores,
957 1190 1007 1251 καὶ
1025 1193 1087 1252 τῶν
1103 1188 1201 1269 νόμων
1219 1187 1334 1252 τούτων

84 1293 312 1377 παιδευτήριον,
329 1297 483 1355 civitatem
495 1295 594 1375 piane
613 1295 804 1375 Romanam,
823 1303 853 1355 et
877 1295 982 1376 legum
1001 1295 1218 1358 Romanorum
1236 1299 1334 1378 Gym-

83 1405 200 1464 nasium
217 1399 400 1483 Gregorius
416 1400 652 1484 Thaumaturg.
669 1405 689 1462 1.
705 1421 730 1464 e.
746 1402 832 1484 δίκης
848 1400 952 1481 πέδον,
972 1399 1050 1467 ἄστυ
1069 1407 1233 1484 samm,
1245 1405 1334 1485 jnris

83 1511 276 1583 donsiriinm,
300 1509 408 1570 nrhem
429 1510 726 1572 Jureconsultornm.
753 1509 842 1573 Non.
862 1515 896 1572 in
917 1511 1097 1591 Dionysiae.
1119 1511 1186 1572 Lib.
1202 1511 1291 1572 XLI.
1305 1531 1333 1572 e.

83 1615 146 1677 145.
167 1620 276 1698 legum
300 1615 446 1700 denique
468 1622 622 1680 nntrseem
642 1617 862 1680 Justinianus:
894 1619 1020 1679 Conatit.
1045 1619 1176 1680 Omnem
1195 1618 1223 1700 §.
1243 1618 1273 1679 7.
1290 1619 1335 1680 nd

83 1727 240 1786 Antecess.
257 1724 382 1808 Beryto
407 1725 541 1788 evocari
554 1708 773 1788 *consuevisse
788 1724 874 1808 juris
896 1725 1038 1808 peritos,
1063 1727 1120 1810 qui
1142 1725 1333 1790 adsiderent

84 1831 334 1914 magistratibus,
352 1840 387 1895 ut
402 1833 472 1896 sine
489 1833 604 1896 favore
620 1840 654 1895 et
670 1831 749 1895 odio
766 1841 1018 1917 cognoscerent,
1033 1853 1077 1895 ex
1091 1843 1206 1898 vetere
1223 1834 1333 1897 chiro-

83 1939 204 2022 grapho
227 1941 384 2003 observat
403 1938 475 2004 Jac.
499 1939 698 2005 Gothoired.
722 1942 765 2006 ad
779 1943 816 2004 L.
832 1942 861 2003 1.
880 1942 912 2005 0.
932 1943 1043 2004 1110011.
1066 1943 1106 2004 de
1127 1945 1257 2006 Adsess.
1278 1945 1332 2005 do·
1413 1983 1418 2006 .

82 2058 162 2110 mest.
177 2047 360 2111 Docebunt
375 2049 422 2111 ibi
437 2049 676 2112 Antecessores
692 2057 843 2134 quatuor,
860 2057 959 2133 prout
974 2069 1017 2112 ex
1029 2051 1058 2110 d.
1073 2051 1176 2112 Const.
1193 2051 1332 2124 Omnem,

82 2157 121 2216 nd
136 2158 302 2218 Antecese.
321 2156 453 2242 colligit
473 2158 609 2241 Menug.
627 2161 830 2220 Amoem'tott.
848 2159 918 2220 Jur.
936 2161 990 2218 010.
1009 2178 1036 2218 0.
1053 2155 1105 2218 24.
1119 2177 1150 2238 p.
1168 2156 1241 2220 134.
1264 2155 1332 2220 Sed

81 2263 167 2344 urbs,
189 2285 274 2348 quae
294 2263 329 2326 in
339 2266 418 2349 jure
434 2273 547 2328 nostro
562 2241 777 2347 pniehcrrima
797 2271 831 2328 et
848 2264 1114 2346 splendidissima,
1133 2263 1199 2325 imo
1218 2274 1332 2326 metro-

76 2374 150 2451 polis
176 2379 331 2454 vocatur,
356 2371 470 2456 paullo
493 2381 568 2456 post
592 2371 771 2436 Justiniani
796 2379 947 2455 temporo
968 2377 1076 2433 terrae
1103 2376 1193 2433 motu
1217 2391 1331 2436 eversa

82 2487 141 2543 est:
158 2479 285 2564 Agath.
300 2481 343 2540 II.
355 2501 390 2561 p.
405 2479 477 2544 285.
506 2480 612 2558 Quum
633 2480 759 2546 ruinam
783 2479 1020 2564 epigrammate
1044 2499 1111 2540 non
1132 2499 1197 2540 uno
1216 2478 1332 2542 defleri
1426 2533 1436 2550 .

81 2586 190 2650 videas
207 2587 243 2648 in
258 2590 385 2650 Anthol.
402 2591 426 2649 Ι.
441 2588 493 2652 68.
517 2590 628 2670 Epigr.
646 2587 697 2650 19.
714 2596 745 2649 et
762 2609 808 2670 sq.
839 2584 1132 2671 Constantinopoli
1149 2587 1234 2672 juris
1254 2609 1332 2672 pro-

84 2694 216 2758 sessores
234 2694 316 2758 duos
330 2694 468 2779 reliquis
484 2696 613 2760 addidit
631 2695 852 2778 Theodosius,
869 2695 1102 2780 philosophiae
1120 2716 1201 2758 vero
1213 2697 1332 2760 docto-

82 2823 143 2864 rem
167 2802 291 2888 adjecit
313 2802 534 2884 Justinianus,
558 2812 592 2868 ut
617 2804 702 2868 adeo
731 2804 844 2869 schola
865 2803 1237 2886 Constantinopolitano
1258 2805 1332 2868 Ro·

80 2932 147 2974 mae
168 2909 220 2973 illi
243 2931 305 2995 per
326 2911 438 2974 omnia
458 2910 559 2974 fuerit
580 2912 712 2976 similis:
738 2913 896 2994 Conring.
917 2915 1024 2994 Antiq.
1041 2914 1142 2975 Aeod.
1159 2913 1244 2976 Dies.
1259 2913 1331 2996 sp.

79 3018 123 3082 21.
139 3041 185 3102 sq.
203 3018 310 3100 Alibi,
328 3039 425 3103 quam
440 3019 581 3102 Romae,
594 3018 884 3104 Constantinopoli
901 3027 935 3082 et
948 3019 1065 3101 Beryti
1074 3019 1131 3102 jus
1144 3019 1331 3084 Romanum

80 3127 208 3209 doceri,
232 3135 269 3190 et
283 3127 424 3190 maxime
441 3127 689 3194 Alexandrinos
709 3136 742 3192 et
758 3127 990 3194 Caesarienses
1009 3134 1235 3190 antecessores
1245 3128 1331 3210 juris

79 3233 216 3318 habere,
241 3242 394 3300 vetuerat
411 3237 629 3300 Justinianus:
655 3241 760 3300 Consi.
788 3238 917 3298 Omnem
939 3237 967 3318 ς.
989 3233 1020 3297 7.
1042 3236 1086 3296 ad
1099 3236 1261 3296 Antecess.
1287 3236 1332 3300 Et

79 3352 184 3407 tamen
200 3342 316 3428 paullo
333 3352 408 3426 post
423 3365 459 3406 se
481 3344 640 3430 legalium
659 3346 839 3408 studiorum
857 3367 970 3410 caussa
988 3341 1216 3407 Alexandriae
1239 3363 1331 3404 com-

80 3461 236 3516 moratum
253 3471 336 3533 esse,
352 3459 492 3516 testatur
505 3453 668 3540 Agathias
684 3453 751 3515 Lib.
766 3456 808 3515 ΙΙ.
819 3475 853 3536 ρ.
868 3451 918 3515 48.

656 3637 684 3720 5.
703 3633 754 3696 aa.

356 3808 359 3816 .
378 3769 535 3824 Immnnitcs
553 3787 570 3821 a
585 3767 672 3822 tutelis
684 3767 883 3836 professoribus
900 3784 1030 3822 concessa.

155 3885 282 3947 Omnes
307 3906 387 3968 ergo
411 3885 633 3970 grammatici,
649 3885 799 3948 rhetores
821 3894 855 3949 et
873 3884 992 3948 medici
1008 3883 1137 3948 Romae
1161 3882 1330 3966 docentes,
1439 3917 1444 3928 ι

80 3991 179 4054 autin
197 3991 307 4076 patria
328 3992 386 4056 has
402 4002 489 4057 artes
511 4001 723 4076 exercentes,
739 3994 795 4077 qui
817 3993 903 4057 intra
925 4014 1093 4056 numerum
1110 3999 1220 4072 erant,
1244 4015 1263 4053 a
1279 4000 1330 4053 tu-

80 4097 142 4160 tela
159 4105 195 4161 et
212 4121 291 4162 cura
305 4100 475 4167 habehant
490 4102 714 4165 vacationem:
735 4103 765 4184 ς.
779 4102 830 4164 14.
846 4103 924 4164 [nst.
940 4103 968 4162 h.
984 4109 1005 4161 t.
1020 4100 1058 4188 Ιι.
1075 4097 1104 4161 6.
1120 4099 1148 4180 ς.
1164 4098 1193 4160 1.
1209 4100 1250 4159 D.
1265 4099 1295 4160 11.
1309 4107 1331 4162 t.

81 4213 111 4267 et
125 4211 171 4268 sn.
191 4208 224 4268 0.
240 4209 281 4269 de
296 4209 439 4288 Profess:
454 4217 485 4271 et
498 4212 605 4272 medie.
629 4209 752 4272 Iisdem
774 4218 808 4272 et
828 4207 1017 4292 philosophi
1038 4207 1273 4270 adcensentur:
1293 4206 1331 4266 L.

79 4309 105 4372 6.
119 4315 146 4394 §.
159 4315 188 4374 5.
204 4315 245 4374 Ι).
263 4315 291 4375 ir.
308 4325 329 4376 t.
344 4338 407 4379 nec
423 4339 489 4382 non
505 4317 527 4380 J
529 4316 730 4380 ureconsulti
745 4317 875 4380 Romae
891 4317 1067 4379 docentes:
1083 4313 1120 4374 L.
1136 4311 1165 4375 6.
1182 4313 1210 4394 δ.
1226 4311 1330 4380 121).

81 4423 140 4490 eod.
164 4421 230 4484 imo
256 4443 368 4488 omnes
390 4426 512 4511 ubique
541 4427 658 4489 artium
687 4426 907 4510 professores:
929 4425 967 4488 Ιι.
983 4423 1012 4486 6.
1032 4423 1063 4486 0.
1085 4423 1123 4484 de
1140 4422 1279 4500 Profess.
1300 4429 1330 4482 et

81 4532 155 4594 med.
177 4530 291 4596 Minus
306 4553 387 4598 vero
403 4555 444 4596 eo
468 4535 645 4618 privilegio
666 4535 857 4618 gaudebant
880 4531 1079 4616 hydraulas,
1100 4538 1241 4615 poetae,
1256 4527 1331 4592 alii-
