3062 5164
485 391 563 476 ,Du
587 391 683 462 June
706 391 821 463 Imm
1221 399 1295 470 289

54 572 160 658 quibus
180 570 393 656 ceteroquin,
406 568 509 655 quod
533 568 576 634 ad
592 569 648 654 J'us
667 568 766 634 civile
789 571 926 657 attinet,
945 571 1232 637 adsimilabanturs
1253 573 1293 636 L.

54 702 99 744 aa.
115 681 145 741 0.
162 681 201 742 do
218 679 293 742 Iret.
307 681 407 742 libert.
425 681 489 742 toll.
504 680 635 760 Fragm.
653 679 816 742 Jureoom.
833 691 892 744 oet.
909 682 1120 748 Ps'ttosonum
1136 680 1223 764 apud
1242 680 1294 744 cl.
1345 739 1348 750 ,

56 788 224 872 Schulting.
247 789 383 869 Jun'apr.
403 795 463 848 oet.
486 788 645 868 Antojust.
661 806 693 866 p.
715 785 787 848 805.
815 787 882 852 Sed
905 787 1180 872 quemadmodum
1200 788 1294 876 Lati-

57 917 105 958 nos
128 894 315 959 colonarios
335 914 489 958 unacum
512 893 664 979 ingenuis
682 895 832 957 omnibus
857 897 992 963 civitate
1014 897 1168 960 Romana
1190 893 1294 959 dona-

57 1012 137 1066 verat
151 1002 339 1066 Antoninus
355 1001 539 1084 Caracalla,
556 1001 773 1066 celeberrima
791 1002 851 1066 illa
868 1025 907 1068 ac
922 1025 1022 1090 saepe
1042 1003 1174 1068 anobis
1194 1003 1296 1068 citata

59 1099 299 1174 constitutiones
307 1110 354 1172 ita
368 1109 548 1194 Junianam
565 1111 664 1173 etiam
684 1107 914 1176 libertinorum
935 1111 1149 1176 Latinitatem
1164 1110 1295 1174 sustulit
1368 1127 1372 1137 ’

58 1218 244 1282 lastinianus
260 1219 291 1280 d.
306 1222 326 1280 l.
342 1239 396 1282 un.
414 1219 446 1299 0,
460 1219 500 1280 de
515 1217 586 1280 Lot.
601 1217 701 1280 libert.
717 1219 780 1280 toll.

618 1381 647 1464 §.
667 1379 720 1443 84.

429 1497 522 1550 naras
529 1498 615 1566 jam
634 1471 733 1550 saraa
749 1497 900 1552 armore.

131 1601 198 1664 Jam
214 1606 251 1664 ut
268 1597 311 1662 a'd
328 1599 405 1684 jura
423 1598 512 1662 Latii
529 1598 775 1684 perveniamusr
792 1621 843 1683 ea,
861 1599 942 1662 licet
956 1601 1109 1684 proxime
1122 1601 1164 1668 ad
1179 1603 1298 1668 civita-

64 1717 119 1770 tem
132 1707 310 1771 Romanam
330 1706 543 1790 adcederent,
554 1728 621 1771 non
636 1707 754 1771 eadem
768 1715 878 1772 tamen
890 1708 1023 1772 fluerunt
1038 1731 1076 1772 ac
1086 1712 1164 1795 jura
1177 1712 1296 1775 civium

66 1815 278 1878 Romanorum.
301 1815 401 1893 Quod
423 1815 509 1896 adeo
533 1835 645 1880 verum
673 1824 738 1899 est,
762 1824 799 1880 ut
815 1817 977 1882 Boethius
1000 1821 1032 1880 ia
1063 1819 1161 1901 lbpio.
1187 1821 1248 1882 Oio.
1266 1819 1297 1882 2.

67 1923 177 2004 scribat,
193 1946 252 1987 eos
265 1922 407 1986 mediam
424 1924 496 2008 pati
507 1925 623 2007 capitis
640 1924 911 2008 deminutionem,
928 1924 985 2010 qui
1000 1925 1088 1989 cives
1104 1925 1248 1990 Romani
1262 1927 1297 1990 in

66 2029 180 2094 Latinas
198 2031 346 2094 colonias
364 2031 450 2096 mitti
467 2053 502 2096 se
521 2040 723 2117 paterentur.
747 2033 879 2117 Operae
895 2033 1009 2118 itaque
1024 2034 1165 2116 pretium
1186 2033 1298 2116 fuerit,

65 2138 131 2220 quid
150 2140 233 2202 inter
255 2139 345 2203 cives
361 2140 530 2203 Romanos
549 2141 770 2223 Latinosque,
788 2140 878 2225 quod
899 2148 967 2204 ta'm
986 2140 1029 2205 ad
1044 2141 1100 2225 J'us
1121 2141 1297 2225 privatum,

65 2265 147 2327 quam
161 2247 201 2310 ad
215 2245 383 2331 publicum
400 2247 535 2329 attinet,
550 2246 756 2328 interfuerit,
772 2247 886 2332 paullo
902 2248 1088 2312 adcuratius
1104 2247 1298 2332 disquirere.
1387 2309 1390 2316 .

265 2565 270 2574 ·
362 2533 423 2586 Non
438 2531 589 2604 pandebant
607 2531 726 2604 libertate
735 2533 812 2604 juris
834 2533 987 2592 Quiritium.

134 2633 280 2697 Vidimus
297 2655 405 2718 supra,
423 2632 529 2720 qualis
548 2633 648 2696 fuerit
663 2633 782 2698 civium
800 2626 1026 2698 Romanorum
1041 2649 1218 2698 masuras.
1234 2633 1312 2697 La··

71 2739 121 2801 tini
134 2742 234 2826 stipsi
254 2739 389 2827 quidem
407 2742 598 2827 gaudebant
612 2740 782 2838 libertate,
801 2742 885 2807 sed
869 2743 954 2828 Juris
973 2743 1137 2828 gentium,
1155 2763 1222 2806 non
1240 2740 1300 2808 illa

69 2846 337 2931 jurisQuiritium,
359 2871 456 2934 quam
474 2870 571 2932 supra
588 2833 827 2933 descripsimus.
849 2849 973 2914 Saltem
993 2850 1084 2955 quod
1100 2850 1159 2913 lex
1178 2848 1300 2912 Porcia

71 2966 198 3021 sanxerat
215 2957 258 3020 de
281 2957 400 3020 civium
416 2957 573 3021 libertate
593 2981 612 3021 a
629 2947 838 3038 verberibus,
854 2978 921 3027 non
938 2979 1045 3042 aeque
1063 2955 1191 3022 valuit
1182 2978 1216 3020 ιιι
1233 2956 1300 3020 La-

70 3060 142 3124 tinis.
160 3063 263 3140 Quum
288 3065 374 3128 enim
395 3051 682 3147 Novocomenses,
699 3065 791 3150 jure
798 3064 886 3126 Latii
905 3064 1019 3126 donati
1040 3062 1118 3140 aQ.
1134 3064 1299 3150 Pompejo

72 3165 228 3253 Strabone,
252 3173 366 3256 paullo
392 3182 468 3257 post
487 3196 506 3235 a
529 3172 669 3241 Caesare
695 3173 837 3237 civitatis
850 3173 928 3257 jura
953 3179 1063 3233 essent
1089 3171 1300 3255 consequuti:

69 3271 108 3336 Μ.
123 3277 291 3351 Marcellus
308 3280 432 3343 Consul
451 3280 739 3343 Novocomensem
757 3279 943 3365 quemdam,
960 3279 994 3341 in
1015 3276 1165 3340 Caesaris
1182 3285 1300 3339 contu-

70 3382 189 3467 meliam,
207 3388 309 3471 virgis
326 3388 421 3451 caedi
434 3388 542 3476 jussit,
560 3397 724 3472 tamquam
744 3386 966 3471 peregrinum,
987 3395 1023 3449 ut
1041 3384 1154 3449 scribit
1170 3383 1301 3470 Appia-

70 3505 116 3549 nus
134 3493 168 3553 de
188 3496 256 3559 dell.
276 3498 354 3558 orbat.
374 3497 416 3558 II.
432 3495 482 3559 26.
507 3503 540 3558 et
562 3494 696 3579 quidem
712 3495 877 3558 Latinum.
898 3493 954 3557 Ad
975 3493 1190 3586 Latinitatem
1213 3492 1300 3556 enim

70 3599 142 3678 quod
160 3603 293 3683 attinet,
318 3611 419 3667 status
442 3601 699 3667 controversiam
722 3601 1034 3666 Novocomensibus
1053 3623 1187 3664 movere
1213 3599 1300 3665 baud

70 3708 208 3785 potuisset
222 3710 420 3792 Marcellus,
439 3703 563 3797 quippe
583 3732 679 3796 quam
700 3711 822 3774 dudum
843 3717 920 3774 ante
938 3709 1112 3772 Caesarem
1134 3708 1266 3772 fuerant
1281 3731 1301 3772 a

71 3807 212 3902 Pompejo
234 3817 399 3882 Strabone
423 3819 634 3902 consequuti:
655 3818 778 3882 Ascon.
794 3818 935 3882 Pedian.
955 3821 988 3880 in
1004 3817 1166 3879 Ps’sontao.
1178 3837 1213 3898 p.
1229 3815 1301 3878 156.

73 3915 166 3986 Sinde
182 3925 261 4010 quid
281 3925 436 3989 observat
450 3926 590 3990 Diodor.
606 3926 670 4004 Sic.
686 3929 719 3988 in
736 3927 881 4009 Excerpt.
903 3926 1095 3987 Petrescs’on.
1103 3937 1138 4007 p.
1152 3922 1235 3986 273..
1245 3923 1302 3985 ubi

74 4022 107 4086 de
121 4027 246 4095 Clodio:
264 4029 338 4108 τούς
356 4035 410 4117 μὲν
423 4032 599 4112 πολιτικοὺς
614 4047 679 4109 τοῖς
691 4043 831 4115 πατρίοις
849 4036 955 4098 ἔθεσιν
974 4030 1113 4108 ἐκόλαζεν
1129 4022 1303 4112 &caparra-'-
1391 4097 1394 4107 ,

72 4157 125 4210 wc,
141 4138 209 4214 τούς
223 4139 259 4204 δέ
281 4140 459 4225 συμμάχους
476 4141 616 4227 potitore
635 4145 857 4227 ἐμαστίγου.
840 4142 879 4202 In
898 4141 1060 4202 Romanos
1076 4139 1197 4219 porilem
1217 4158 1304 4199 more
1352 4121 1376 4210 J'

70 4245 204 4323 majoram
223 4249 445 4312 animadverte
467 4251 548 4311 citro
572 4271 656 4331 spem
676 4249 802 4309 ventae:
821 4251 918 4312 socios
941 4231 1045 4308 aaran
1067 4246 1166 4326 virgis
1185 4244 1301 4305 cecidit.
1408 4251 1411 4262 '

70 4345 105 4409 Et
123 4349 247 4417 Sallust.
267 4355 306 4416 do
326 4355 393 4417 bell.
415 4357 564 4440 Jagnrtt
579 4379 603 4419 o.
618 4355 669 4419 65.
686 4351 853 4437 referens,
870 4353 1075 4440 Turpilium,
1092 4343 1302 4442 Praefectum
1359 4365 1390 4375 ··

71 4451 184 4522 Vaccae
199 4461 349 4545 oppido
340 4466 539 4548 impositum,
555 4488 575 4528 a
590 4462 733 4528 Metello
748 4465 955 4537 uerberatum,
970 4463 1080 4545 capitas
1091 4480 1227 4543 poenam
1243 4462 1305 4522 sol-

72 4563 150 4639 vtsse,
171 4588 211 4630 ne
234 4570 287 4633 cui
310 4571 345 4636 id
367 4573 480 4635 mirum
503 4570 666 4652 videatur,
688 4571 797 4634 statim
821 4569 1004 4654 subjungit.
1023 4589 1099 4631 nom
1120 4572 1146 4629 r's
1169 4571 1243 4630 orbis
1258 4589 1305 4630 ea

1069 4667 1110 4732 19
