3062 5164
447 391 502 461 Da
526 389 622 460 June
648 389 924 458 Pnovmernnurr.
1169 357 1174 375 ἱ
1239 393 1311 462 315

40 569 162 632 Vitell.
179 591 204 630 c.
222 569 272 632 14.
291 568 434 632 maxime
450 587 511 651 pro
531 565 709 647 cadavere,
733 566 823 650 quod
846 566 977 629 nonnisi
998 566 1158 651 permissu
1178 565 1310 628 maximi

34 676 230 740 Pontificio
254 677 309 741 vel
324 676 489 762 Principis
507 673 678 740 transferri
695 675 729 738 in
747 675 845 738 alium
861 675 970 738 locum
988 683 1138 760 poterat:
1154 675 1189 736 L.
1202 673 1255 738 87.
1270 675 1311 736 D.

35 787 76 846 de
98 787 218 868 nerag.
240 796 272 848 et
291 795 383 848 sumt.
397 786 473 863 sun.
488 787 531 864 ⁸).
555 781 730 846 Sustulisse
752 804 792 846 ea
814 784 994 868 vectigalia
1013 783 1134 846 dicitur
1151 781 1311 844 Pertinax

38 892 135 976 apud
153 892 346 956 Herodian.
363 893 447 955 Hiat.
462 892 504 953 11.
520 891 549 952 4.
578 891 646 954 Sed
668 891 822 968 restituta
836 893 952 955 eadem
970 913 1040 954 esse
1065 897 1199 974 oportet
1220 912 1240 952 a
1259 909 1312 952 se-

40 1002 236 1085 quentibus
255 997 533 1085 Imperatoribus‚
551 999 711 1085 siquidem
730 999 837 1064 adhuc
858 999 989 1063 illorum
1013 985 1222 1064 mentionem
1232 996 1312 1060 facit
1364 1059 1369 1072 ,

40 1109 273 1192 Ulpianus-L.
288 1109 339 1172 21.
356 1110 397 1171 D.
413 1111 453 1170 de
467 1110 584 1170 Donat.
599 1111 681 1170 inter
698 1113 755 1170 vir.
773 1119 802 1170 et
817 1129 908 1170 recor.
936 1107 1094 1192 Vectigal
1117 1115 1226 1170 tamen
1250 1127 1311 1190 pro

42 1217 220 1281 cadavere
236 1215 468 1281 transferendo
485 1214 647 1279 sublatum
663 1224 713 1279 est
730 1216 978 1298 constitutione,
995 1225 1142 1300 quaeest
1155 1215 1189 1277 iu
1201 1215 1238 1278 L.
1254 1216 1310 1277 ult.

49 1327 81 1386 0.
95 1327 136 1386 de
148 1326 268 1406 Relig„
285 1299 382 1410 duam
399 1345 442 1388 ex
453 1319 591 1388 Graecis
604 1324 749 1387 restituit
764 1325 786 1388 J
788 1341 835 1388 ac.
852 1324 964 1409 Gujae.
984 1326 1055 1387 oa.
1071 1323 1128 1386 XI.
1142 1323 1194 1386 21.
1211 1321 1312 1385 Plura

47 1433 88 1496 de
104 1433 272 1517 portoriis
289 1433 382 1497 dabit
397 1433 439 1498 V.
455 1432 492 1496 C.
508 1434 599 1496 Petr.
613 1431 818 1496 Burmannus
834 1435 872 1495 da
886 1436 995 1517 vestig.
1005 1453 1078 1516 pop.
1094 1433 1183 1495 Rom.
1199 1430 1249 1492 ll.

622 1635 651 1716 ς.
674 1632 746 1696 118.
814 1656 818 1665 κ

499 1751 564 1804 Alia
580 1751 745 1820 varimadum
760 1769 869 1820 persero.

141 1855 284 1917 Praeter
300 1852 384 1915 haec
401 1860 435 1916 et
454 1851 520 1915 alia
536 1861 631 1916 erant
653 1853 848 1938 vectigalia,
865 1875 950 1939 quae
967 1854 1000 1916 in
1025 1851 1218 1938 quibusdam
1233 1872 1311 1937 pro-

54 1962 171 2026 vinciis
188 1963 420 2047 exigebantur.
443 1962 497 2024 Ex
513 1961 658 2026 ferrariis
675 1963 954 2048 argentariisque‚
970 1963 1036 2026 imo
1059 1973 1093 2026 et
1118 1959 1312 2025 aurifodinis

56 2070 237 2156 vectigalia
251 2091 371 2154 magua
387 2068 467 2132 dare
484 2069 689 2153 cogebantur
703 2071 861 2155 Hispani:
876 2073 949 2136 Liv.
964 2071 1121 2133 XXXIV.
1135 2069 1186 2134 21.
1204 2067 1312 2132 Strab.

56 2181 195 2262 Gmrgr.
217 2180 277 2241 III.
292 2179 322 2241 2.
349 2177 497 2242 Africam
514 2200 533 2240 e
549 2181 764 2242 marmoribus
777 2179 912 2243 solvisse
928 2175 1107 2262 vectigalia
1124 2183 1252 2240 constat
1269 2197 1312 2238 ex

53 2289 87 2348 L.
102 2287 134 2348 1.
155 2289 189 2350 G.
208 2287 319 2350 ibeod.
336 2287 375 2349 de
389 2288 508 2349 Metall.
523 2287 725 2351 Macedonia
741 2289 851 2371 etiam,
866 2286 1044 2372 Illyricum,
1068 2285 1221 2370 Thracia,
1236 2283 1313 2346 Bri-

52 2395 195 2475 tannia,
218 2394 367 2459 Sardinia
385 2417 428 2458 ex
450 2395 591 2458 metallis
613 2395 793 2480 vectigalia
817 2396 1025 2482 pendebant:
1045 2393 1136 2457 Petr.
1152 2393 1313 2456 Burman-

54 2525 113 2565 nus
137 2504 300 2586 deoeotig.
320 2525 391 2588 pop.
410 2503 495 2566 Rom.
510 2503 540 2566 6.
561 2503 715 2568 Potestas
740 2505 826 2566 enim
850 2503 1031 2590 indagandi
1054 2497 1189 2566 metalla
1213 2501 1312 2564 etiam

57 2612 193 2695 privatis
209 2620 293 2693 erat,
309 2620 484 2696 antequam
501 2611 567 2676 illis
588 2635 662 2676 eam
678 2612 848 2678 ademerat
864 2614 1036 2678 Tiberius:
1052 2611 1189 2678 Sueton.
1215 2610 1313 2674 liber.

62 2739 87 2778 c.
100 2719 146 2781 49.
166 2722 323 2782 Plurimos
338 2723 431 2782 etiam
446 2709 622 2782 omatibus
636 2724 671 2784 σι’
684 2725 819 2804 priuatis
834 2733 953 2785 veteres
970 2725 1196 2794 immanitates,
1212 2726 1245 2781 et
1255 2721 1313 2802 juo

65 2831 273 2903 metallorum,
299 2847 337 2890 oo
358 2829 679 2914 vectigalioademta.
708 2829 939 2894 Restituerunt
964 2829 1086 2893 deinde
1110 2826 1226 2892 iisdem
1248 2826 1314 2889 ho'c

63 2935 255 3001 beneficium
270 2946 449 3024 'sequentes
465 2937 655 3024 Principes,
679 2940 737 3003 sed
759 2961 799 3002 ea
813 2937 910 3022 lege,
927 2945 963 3001 ut
986 2947 1109 3002 certum
1127 2938 1204 3002 iude
1221 2957 1314 2998 cono-

64 3064 130 3106 nem
144 3048 331 3110 metallz‘cam
348 3045 526 3128 solverent,
544 3027 586 3110 de
603 3068 669 3132 quo
686 3049 755 3131 agit
770 3049 807 3110 L.
822 3047 852 3108 4.
872 3047 904 3108 G.
925 3047 1035 3107 lbood.
1052 3048 1090 3107 de
1104 3046 1263 3109 Metallar.
1284 3051 1314 3108 et

65 3152 105 3212 ibi
120 3153 189 3216 Jac.
206 3152 444 3216 Gothosredus.
465 3136 622 3240 ¹Ejusdem
643 3156 774 3240 generis
799 3156 862 3218 fuit
877 3175 920 3218 ex
939 3154 1068 3217 cotibus
1084 3160 1262 3236 proventus
1278 3153 1312 3214 in

63 3257 158 3326 Creta
179 3261 306 3342 insula,
323 3263 365 3326 de
389 3284 455 3348 quo
474 3263 562 3326 Plin.
576 3263 660 3326 Ha’st.
677 3265 753 3328 Nat.
770 3263 925 3342 XXXVI.
941 3261 992 3326 22.
1008 3261 1085 3323 nied.
1100 3261 1137 3322 L.
1153 3258 1203 3321 15.
1219 3261 1260 3322 D.
1277 3261 1315 3320 de

62 3369 177 3432 Publio.
200 3381 231 3434 et
254 3373 395 3456 vectigal.
420 3371 542 3436 Meurs.
569 3374 651 3436 Oret.
667 3373 704 3436 L.
721 3375 747 3436 I.
762 3394 787 3434 o.
804 3373 853 3436 12.
864 3395 898 3456 p.
913 3371 963 3434 48.
979 3371 1017 3432 L.
1034 3371 1076 3432 II.
1091 3391 1116 3432 o.
1127 3369 1182 3434 ,11.
1192 3390 1227 3451 p.
1242 3365 1313 3430 116.
1422 3351 1430 3366 ’

62 3475 246 3563 Vectigalis
266 3479 459 3563 picariarum
476 3483 600 3544 mentio
621 3481 712 3568 ntwin
728 3480 831 3543 1..17.
848 3482 876 3562 §.
893 3481 921 3542 l.
937 3482 978 3543 J).
994 3481 1034 3541 de
1053 3479 1089 3541 V.
1105 3479 1138 3540 S.
1160 3475 1194 3539 A
1209 3477 1315 3539 vecti-

62 3587 124 3667 gali
141 3588 244 3650 etiam
266 3583 393 3653 liberae
415 3611 482 3655 uon
504 3592 637 3655 fuerunt
654 3589 794 3666 salinae,
814 3589 928 3674 quales
950 3589 984 3651 iu
1001 3585 1203 3651 Macedonia
1226 3583 1314 3648 aliis·
1352 3623 1355 3628 ·

63 3715 119 3778 que
137 3696 319 3780 provinciis
340 3699 450 3782 fuisse,
467 3705 560 3784 patet
576 3721 619 3762 ex
634 3699 706 3762 Liv.
718 3697 821 3760 XLV.
832 3697 883 3760 29.
899 3695 987 3760 Plin.
998 3697 1083 3759 Hz‘st.
1099 3695 1177 3758 Nat.
1191 3693 1316 3755 XXXI.

62 3800 128 3867 7.1.
144 3803 297 3869 Maccab.
313 3807 365 3890 10,
375 3808 426 3870 29.
442 3807 481 3871 L.
494 3809 524 3869 4.
541 3809 570 3890 ᾖ.
584 3807 615 3870 7.
631 3809 672 3869 1).
688 3808 726 3870 de
744 3807 862 3870 Uerrio.
880 3805 934 3870 De
952 3826 993 3867 eo
1009 3825 1141 3889 quoque
1158 3800 1314 3884 vectigali

64 3910 206 3990 pluribus
223 3913 293 3997 agit
308 3915 398 3979 Petr.
416 3915 591 3980 Burmann.
607 3917 646 3978 do
660 3917 802 3998 vectigal.
813 3927 885 3997 pop.
900 3916 989 3977 Itoni.
1003 3914 1034 3976 6.

72 4071 357 4089 ᾖ

124 4168 157 4234 a)
177 4168 422 4233 Bynkershoekius
441 4168 469 4222 iu
493 4169 682 4238 Quassanjar.
698 4165 771 4235 publ.
789 4165 889 4324 LK
900 4185 921 4220 o.
940 4171 982 4220 22.
1001 4168 1068 4218 haec
1082 4165 1224 4230 vectigalia
1236 4166 1263 4220 in
1280 4166 1313 4217 L.

63 4252 99 4303 ³7.
119 4251 214 4317 polius
233 4252 408 4321 intelligenda
420 4260 513 4308 censet
530 4255 564 4306 de
581 4253 624 4317 iis,
644 4269 714 4322 quae
732 4269 811 4320 praes
891 4270 904 4303 r
921 4266 972 4317 pro
990 4251 1077 4320 equis,
1091 4250 1214 4313 navibus,
1228 4250 1315 4304 bomi-

63 4335 137 4390 nibus
155 4339 284 4406 aliisque,
299 4356 369 4408 quae
387 4342 504 4406 cadaver
520 4339 584 4394 alibi
601 4339 787 4407 sepeliendum
811 4328 1022 4402 cantitabanbrr3
1042 4337 1091 4392 sed
1110 4339 1204 4388 contm
1218 4335 1316 4388 militat

64 4419 133 4477 loeus
152 4423 254 4478 Dionis
278 4425 368 4480 Cassii
384 4427 483 4480 LXX.
507 4431 531 4480 3.
549 4427 663 4480 Fallitur
686 4430 714 4478 et
731 4425 870 4480 Laeuinus
888 4424 916 4478 in
935 4424 1082 4477 Emendate
1100 4423 1133 4474 L.
1157 4419 1199 4472 11.
1222 4437 1244 4474 e.
1266 4424 1314 4484 10.
1341 4477 1344 4482 ,

66 4508 106 4570 qui
124 4524 175 4574 pro
193 4511 332 4580 vertipolio
349 4511 378 4566 in
395 4513 427 4566 Ι..
444 4517 487 4567 37.
505 4512 614 4580 reponit
629 4512 760 4566 cornaria.
782 4511 864 4564 Goon.
