3130 5148
383 1145 636 1222 uulrouls
677 1143 997 1222 PRAEFATIO.

641 1349 733 1384 -0-

84 1495 189 1614 Quum
206 1533 286 1598 satis
303 1530 405 1596 multa
425 1528 623 1596 HauboIdus
639 1530 681 1594 de
699 1531 917 1596 Heinecciani
941 1533 1051 1618 operia
1066 1529 1181 1598 indole
1202 1543 1236 1598 et
1253 1535 1318 1600 vir·

82 1649 184 1711 tutibus
199 1647 369 1732 praefatus
387 1648 446 1729 sit,
463 1648 542 1710 mihi
555 1647 688 1734 quidem
704 1649 738 1712 in
756 1671 798 1712 eo
816 1645 1091 1734 acquiescendum
1104 1672 1175 1714 esse
1192 1651 1316 1736 putavi,

82 1771 118 1844 ut,
131 1786 188 1848 qua
203 1765 336 1828 ratione
352 1763 489 1826 editoris
506 1764 614 1827 officio
632 1765 822 1848 perfunctus
838 1765 914 1848 sim,
932 1767 1043 1850 paucis
1062 1787 1275 1851 exponerem.

147 1881 377 1944 Postulaverat
396 1901 415 1942 a
434 1900 487 1943 rue
509 1880 561 1944 vir
581 1879 843 1964 honestissimus,
865 1881 960 1966 hujus
979 1881 1057 1947 iibri
1079 1883 1259 1966 redemtor,
1282 1891 1318 1947 ut
1367 1934 1369 1938 .

81 1994 166 2079 copiis
180 1995 418 2058 Heineccianis
435 2015 556 2058 novum
572 1995 665 2060 velut
683 2017 765 2081 opus
788 2005 1065 2083 superstruerem‚
1082 1998 1182 2084 quale
1204 2001 1318 2064 nostra

81 2119 171 2172 aetate
187 2081 332 2176 maxime
348 2112 563 2176 desideratur.
585 2112 660 2196 Ego
677 2133 757 2177 vero
780 2121 908 2178 tantum
923 2111 1001 2178 mihi
1021 2113 1055 2178 in
1078 2111 1190 2179 alieno
1213 2135 1317 2200 opere

82 2245 170 2311 eoque
184 2227 465 2292 desideratissimo
487 2247 643 2312 arrogare
659 2228 761 2292 nolui.
784 2227 1002 2292 Heineccium
1027 2239 1061 2293 et
1084 2230 1261 2314 populares
1283 2237 1318 2296 et

82 2344 170 2407 exteri
185 2345 405 2434 quaerebant,
420 2343 486 2406 imo
503 2341 747 2428 efflagitabant3
765 2341 857 2407 illum
874 2345 980 2430 ipsum
994 2341 1125 2427 librum,
1144 2346 1235 2430 cujus
1251 2367 1319 2410 arn·

83 2457 285 2546 plins'secuio
302 2460 439 2524 virtutes
462 2467 630 2543 spectatae
648 2467 758 2541 erant,
775 2459 929 2546 adeoque
945 2460 1089 2524 omnium
1112 2479 1170 2524 usu
1186 2469 1221 2525 et
1244 2481 1319 2525 eru-

81 2571 200 2638 ditomm
232 2585 271 2640 et
299 2575 442 2638 tironum
468 2576 722 2659 comprobatae,
744 2585 780 2639 ut
811 2573 910 2640 etiam
940 2584 1017 2660 post
1041 2574 1253 2641 instauratam
1276 2577 1318 2642 ab

80 2687 204 2773 Hugone
224 2691 522 2778 jurisprudentiam
542 2689 751 2773 historicam,
767 2700 802 2755 et
823 2699 997 2777 postquam
1022 2713 1110 2757 nova
1131 2689 1221 2757 civili
1242 2713 1319 2778 pru-

79 2802 193 2870 dentiae
206 2807 268 2870 lux
291 2807 413 2871 affulsit
429 2831 447 2872 e
464 2807 542 2892 Gaji
564 2809 818 2888 commentariis,
835 2805 975 2891 aliisque
997 2805 1059 2871 bac
1078 2817 1192 2872 nostra
1208 2817 1319 2873 aetate

79 2924 198 3002 repertis
214 2923 304 3008 juris
320 2923 446 3008 antiqui
469 2923 713 3005 monumentis,
727 2921 867 2987 frastim
890 2921 968 2986 inde
991 2923 1189 2987 uberrimum
1205 2921 1320 2988 litera-
1393 2919 1396 2926 ’

77 3055 133 3098 mm
148 3039 288 3102 studiosi
305 3039 481 3123 percipere
497 3058 594 3123 posse
609 3034 810 3103 viderentur.
826 3039 907 3102 Cum
920 3037 1103 3102 Hauboldo
1118 3040 1220 3124 igitur
1234 3037 1321 3104 sensi

79 3171 108 3213 ac
126 3157 249 3237 putavi,
277 3173 391 3217 munus
415 3153 537 3218 editori
558 3153 790 3219 demandatum
814 3155 861 3218 ita
885 3173 955 3217 esse
977 3151 1198 3239 explendum,
1220 3161 1319 3220 utne

78 3264 179 3332 frustra
193 3269 400 3334 Heineccius
419 3271 453 3334 in
472 3269 659 3333 Heineccio
678 3278 902 3356 quaereretur.
923 3267 1038 3351 At,·ni
1055 3269 1165 3334 omnia
1185 3291 1239 3334 me
1258 3269 1322 3334 tal-

78 3380 153 3466 lunt,
173 3387 372 3451 arctioribus
396 3406 431 3448 se
455 3386 654 3450 Hauboldus
675 3385 938 3449 circumdederat
953 3383 1126 3466 cancellis,
1145 3405 1241 3470 quam
1266 3393 1323 3452 aut
1443 3405 1448 3414 ’

78 3501 149 3562 ratio
171 3501 231 3565 ilia
255 3501 463 3586 postulabat,
481 3509 538 3565 aut
555 3511 739 3585 temporum
757 3502 934 3565 necessitas
950 3499 1089 3564 ferebat.
1111 3501 1144 3564 Is
1161 3502 1247 3565 enim
1263 3501 1321 3566 has

77 3615 128 3678 sibi
142 3617 236 3703 leges
259 3617 440 3702 praecipue
463 3617 647 3702 sequendas
669 3618 890 3701 imposuerat,
911 3626 964 3697 ut,
987 3615 1104 3681 sedulo
1124 3618 1321 3702 comparatis

77 3727 151 3794 inter
170 3755 206 3805 se
229 3734 398 3828 prioribus
415 3732 635 3814 editionibus,
654 3739 780 3796 textum
796 3731 1059 3796 Heineccianum
1085 3742 1287 3819 expurgaret
1303 3755 1323 3798 a

77 3850 205 3926 mendis,
222 3867 312 3935 quae
334 3858 391 3913 aut
411 3868 585 3934 operarum
603 3859 660 3912 aut
675 3848 839 3912 editorum
862 3847 950 3911 vitiis
965 3847 999 3911 in
1016 3868 1089 3913 eum
1113 3849 1322 3933 irrepserant,

76 3964 270 4050 omninoque
294 3973 440 4047 curaret,
462 3973 498 4030 ut
518 3963 606 4028 liber
622 3985 718 4049 quam
735 3965 1000 4028 emendatissime
1022 3963 1093 4049 fieri
1109 3973 1221 4049 posset
1237 3965 1323 4050 typis

76 4075 329 4156 describeretur3
351 4079 492 4162 deinde,
509 4090 544 4144 ut
565 4101 693 4144 errores
715 4082 750 4143 in
766 4078 940 4144 laudandis
962 4079 1224 4147 testimoniorum
1239 4079 1323 4144 locis
1384 4143 1385 4150 ,

75 4195 349 4279 scriptoribusque
365 4195 521 4259 admissos
544 4195 744 4278 corrigeret,
766 4203 942 4280 praeterea
957 4193 1000 4259 ad
1021 4194 1097 4278 Gaji
1121 4204 1324 4260 commenta-

74 4305 129 4370 rios
141 4309 281 4396 aliaque
298 4309 503 4394 antiquitatis
521 4319 744 4394 monumenta,
758 4313 903 4376 nondum
917 4313 987 4376 visa
1001 4309 1200 4391 Heineccio‚
1215 4310 1324 4376 lecto·
1400 4388 1408 4396 ,

74 4441 117 4482 res
141 4425 340 4509 delegaret,
364 4432 430 4488 turn
454 4447 533 4490 vero
561 4435 753 4510 apparatum
782 4427 943 4512 adjiceret
964 4426 1179 4508 scriptorum,
1203 4436 1260 4490 aut
1281 4429 1323 4490 ab

73 4530 212 4604 Auctore
235 4537 486 4622 neglectorum,
501 4550 558 4604 aut
573 4541 801 4606 Heinecciana
823 4548 933 4606 aetate
952 4539 1182 4602 recentiorum.
1205 4541 1325 4604 Rarius
