3130 5148
199 377 299 431 xxm
665 354 703 425 J.
727 355 774 424 G.
799 355 988 424 Herm

198 535 371 599 subustum
386 531 469 598 ami
483 540 534 596 est
547 531 613 596 boc
626 531 861 616 antiquitatum
871 529 1107 611 Ramnetum,
1121 529 1316 615 quodnuuc
1329 529 1457 614 publici
1557 561 1558 570 κ

199 759 287 832 tum,
310 755 348 812 ut
368 769 477 832 spero,
492 747 646 812 futurum.
667 747 833 832 Equidem
850 755 885 808 et
903 746 938 807 iu
959 745 1193 829 antiquitatum
1214 746 1327 810 studio
1348 747 1457 808 suavis
1557 719 1558 742 ἦ

200 876 445 941 nonnumquam
467 854 553 920 latet
570 855 706 918 meanis.
727 854 806 917 Nou
822 853 941 916 desum
954 852 1134 918 hodienum
1156 853 1351 937 Damasippi
1366 852 1457 916 illius

200 963 341 1045 similes,
355 962 400 1027 de
414 983 482 1046 quo
495 963 681 1026 Hosarrus
695 965 748 1042 t)=

416 1087 542 1148 Incordt
560 1093 680 1147 meres
701 1092 827 1146 statuas
849 1083 1064 1164 uamaappm
1084 1083 1223 1144 amuda.

200 1217 277 1282 Nou
294 1217 424 1292 desunt,
441 1215 497 1299 qui
512 1215 629 1278 Protei
648 1213 811 1293 baculum,
834 1223 892 1276 aut
905 1213 1052 1298 Epicteti
1068 1213 1203 1277 fictilem
1221 1212 1388 1276 lucernam
1405 1221 1458 1276 ta-

163 1402 167 1410 ·
201 1323 301 1388 lentis
323 1331 531 1400 coemerent,
553 1321 731 1386 dummodo
751 1330 861 1384 essent
884 1321 940 1405 qui
963 1321 1121 1406 decipere
1146 1321 1282 1386 vellent.
1305 1321 1373 1384 Sed
1395 1320 1457 1384 bos

201 1453 266 1516 ego
281 1429 431 1495 homines
454 1429 598 1494 suaviter
616 1428 722 1509 rideo,
739 1438 774 1492 et
794 1429 927 1492 sirecte
943 1431 985 1492 ab
1008 1429 1121 1492 Hssun.
1143 1429 1329 1493 Srssruarvo
1343 1435 1375 1512 t)
1395 1427 1458 1490 ob-

201 1548 377 1620 servatum,
387 1537 534 1602 Graecos
546 1537 625 1601 olim
640 1535 804 1620 simplices
818 1535 969 1598 homines
981 1535 1123 1622 ἇρχαίους
1137 1546 1172 1600 et
1184 1537 1364 1622 ἆρχαϊκοὺς;
1375 1535 1459 1598 stul-

201 1655 252 1710 tos
267 1667 347 1710 vero
364 1647 499 1728 κρόνους,
515 1652 667 1726 κρονίους,
679 1641 894 1727 κρονολήρους,
909 1652 943 1727 et
958 1642 1193 1728 βεκκεσελήνους
1207 1664 1341 1707 vocasse
1349 1623 1363 1705 ε’
1374 1643 1458 1706 nulli

202 1751 280 1817 mibi
299 1752 402 1835 magis
423 1749 488 1814 hoc
503 1773 624 1814 nomen
639 1751 759 1813 mereri
781 1751 946 1832 videntur,
962 1772 1058 1836 quam
1076 1750 1132 1835 qui
1148 1752 1354 1836 antiquitatis
1368 1751 1459 1835 quis·
1560 1755 1561 1758 ’

203 1859 322 1947 quilias
342 1881 421 1923 auro
438 1867 633 1922 mercantur.
650 1857 836 1942 Numquam
853 1858 932 1922 mibi
943 1857 1069 1943 placuit
1086 1857 1290 1942 antiquitatis
1303 1857 1457 1940 studium,

201 1968 265 2033 nisi
285 1964 374 2052 quod
395 1965 639 2030 sublimioribus
661 1965 807 2030 scientiis
828 1966 938 2029 lumen
965 1967 1159 2050 praeferret.
1181 1967 1257 2029 Non
1281 1986 1362 2050 ergo
1385 1964 1460 2028 vul-

203 2075 297 2162 garia
312 2095 350 2137 ac
372 2073 450 2137 trita
463 2071 518 2136 hic
540 2095 690 2157 quaeres,
705 2096 771 2137 non
795 2074 995 2158 λεπτολογίας
1009 2074 1096 2155 illas,
1114 2097 1193 2160 quas
1212 2073 1407 2158 plerumque
1423 2073 1458 2135 in

204 2181 435 2266 antiquitatum
453 2181 665 2265 scriptoribus
687 2179 813 2262 rident,
831 2188 995 2266 quotquot
1011 2189 1085 2245 sunt
1106 2180 1310 2244 cordatiores
1326 2181 1459 2244 eruditi.

202 2289 280 2354 Non
297 2289 350 2352 hic
365 2289 407 2353 de
426 2299 575 2353 veterum
593 2288 723 2371 calceis,
745 2311 812 2352 non
829 2289 871 2352 de
889 2289 1079 2352 eorumdem
1095 2289 1257 2370 tricliniis,
1274 2288 1392 2373 epulis,
1402 2288 1461 2372 ja-

203 2396 286 2479 nuis,
308 2395 404 2474 ludis,
417 2391 535 2478 hastis,
556 2395 665 2479 tibiis,
683 2397 831 2478 coronis,
852 2397 969 2477 larvis,
985 2396 1129 2474 thermis,
1148 2397 1331 2482 torquibus,
1349 2395 1460 2458 lucer-

203 2505 252 2568 nis
269 2506 392 2589 agitur:
418 2503 487 2582 (cui
504 2504 590 2566 enim
608 2526 674 2567 non
690 2504 797 2569 dictus
812 2503 953 2589 Hylasl)
973 2502 1030 2566 sed
1054 2504 1095 2567 de
1111 2503 1162 2584 iis,
1180 2526 1265 2588 quae
1281 2503 1322 2567 ad
1339 2510 1459 2566 statum

204 2609 409 2695 reipublicae
429 2609 613 2694 Romanae,
630 2613 671 2677 ad
693 2612 805 2695 legum
822 2613 968 2696 origines
985 2620 1019 2674 et
1041 2611 1204 2694 rationes,
1223 2612 1264 2678 ad
1281 2611 1372 2692 ritus,
1390 2611 1459 2674 for-

204 2719 318 2800 mulas,
336 2725 370 2782 et
392 2718 565 2782 sollemnia
583 2699 698 2805 populi
716 2719 860 2783 Romani
876 2719 989 2800 verba,
1008 2719 1181 2805 ipsumque
1200 2730 1349 2783 veterum
1366 2717 1461 2802 judi-

205 2827 329 2891 ciorum
346 2825 494 2889 ordinem
518 2829 705 2912 pertinent,
725 2829 795 2890 sine
813 2827 931 2910 quibus
952 2827 1098 2911 intelligi
1111 2827 1198 2891 haud
1214 2836 1350 2912 possunt
1364 2826 1460 2912 leges

204 2935 438 3000 Romanorum.
453 2933 492 2997 In
509 2936 680 2999 consilium
697 2934 820 3019 ubique
836 2933 971 2998 adhibui
986 2944 1136 2998 auctores
1152 2934 1460 3018 praestantissimos,

206 3063 289 3128 quos
305 3061 418 3105 omncs
433 3041 503 3127 ipsc
520 3041 641 3122 evolvi,
657 3052 701 3123 et,
719 3052 874 3127 quantum
890 3041 995 3124 licuit,
1012 3045 1100 3106 bona
1120 3043 1185 3106 fide
1205 3043 1313 3106 citavi.
1335 3043 1374 3105 In
1391 3041 1461 3126 pri-

206 3149 317 3214 oribus
333 3147 437 3212 titulis
450 3150 585 3214 multum
603 3173 655 3213 me
674 3151 783 3213 fateor
797 3149 977 3233 proiecisse
996 3172 1038 3213 ex
1053 3149 1188 3214 illustris
1206 3151 1382 3214 Tuouasn
1394 3149 1461 3213 dis-

206 3257 455 3334 sertationibus,
469 3258 587 3343 quibus
604 3259 834 3321 Institutiones
848 3258 1012 3322 illustrare
1024 3259 1137 3344 coepit
1152 3263 1195 3340 ¹),
1207 3281 1291 3342 quae
1307 3258 1333 3321 si
1345 3278 1460 3319 omnes

206 3363 364 3430 vidissent
385 3364 504 3446 lucem,
522 3364 737 3449 supersedere
759 3367 938 3450 potuissem
955 3367 1043 3430 hisce
1059 3349 1353 3430 lucubrationibus.
1369 3364 1461 3428 Mul-

188 3481 273 3554 vtum
303 3493 436 3558 quoque
459 3471 639 3555 adjumenti
662 3472 740 3535 mibi
764 3472 946 3538 attulerunt
970 3483 1104 3538 aeterna
1127 3491 1272 3555 cursen,
1299 3490 1462 3538 Horome-

206 3597 342 3657 ttouUM,
365 3595 551 3661 stussorvn,
573 3597 755 3662 Baunuttvt,
778 3599 850 3644 Phr.
866 3572 982 3664 susm,
1004 3600 1201 3664 neumatum,
1224 3600 1259 3644 Μ.
1275 3598 1460 3646 vuuTRANu

94 3761 97 3774 ,
207 3705 330 3770 MAURI,
358 3703 504 3768 SIGON11,
532 3701 710 3770 SALMASH,
731 3707 779 3753 JO.
805 3707 893 3752 ΕΒΗ).
917 3707 1094 3770 GRONOVII,
1116 3707 1232 3752 EZEGH·
1255 3706 1459 3769 SPANHEMH,

208 3813 368 3876 mundun,
396 3809 556 3876 Noourn,
584 3811 878 3877 svuttuttsuouttn,
904 3815 1093 3877 vsurzoun,
1118 3797 1345 3877 Huusnohum,
1377 3813 1460 3859 Βυκ-

208 3915 330 3987 ΜΑΝΝΙ,
345 3917 574 3978 scHULTthn,
593 3901 798 3990 aliorumque
815 3905 1074 3968 doctissimorum
1091 3904 1233 3968 virorum
1250 3925 1361 3987 opera,
1374 3923 1460 3988 quae

209 4011 324 4076 diurna
344 4017 571 4093 nocturnaque
586 4013 714 4076 versavi
732 4035 837 4076 manu.
859 4013 985 4096 Legem
1003 4021 1113 4076 tamen
1128 4013 1213 4074 banc
1231 4033 1296 4096 ego
1313 4009 1462 4074 mihimet

277 4265 309 4332 p)
331 4267 438 4320 ΗοκΑτ.
459 4266 578 4320 Sermusa.
597 4268 638 4321 ΙΙ.
656 4272 682 4320 3.
701 4287 725 4319 a.
743 4273 787 4321 64.

279 4351 312 4420 q)
332 4351 421 4404 liuns.
439 4367 530 4407 mvn.
548 4353 662 4422 Apolop.
681 4354 811 4405 Herodot.

279 4438 307 4503 r)
330 4437 371 4488 De
384 4455 431 4488 usu
440 4438 561 4506 practico
571 4437 784 4496 Institutionum,
803 4437 831 4489 iu
849 4437 949 4505 quibus
961 4442 1051 4488 tamen
1064 4437 1154 4490 adtruc
1168 4451 1222 4490 non
1239 4435 1361 4502 longina,
1377 4453 1462 4504 quum

210 4519 246 4572 ud
263 4519 321 4575 dib.
340 4521 363 4574 l.
386 4523 435 4576 Tit.
457 4523 528 4576 XII.
547 4536 708 4588 progressus
726 4525 775 4574 cst.
