3062 5164
332 380 388 449 Dn
414 380 513 452 Mus.
541 378 626 452 Gon.
651 329 783 452 basus.
807 381 884 454 Crv.
909 383 1021 455 Fons.
1230 393 1314 469 817,

39 565 192 626 Romana
209 563 372 624 honorarii
381 563 562 644 participes,
578 581 599 621 u
615 579 674 642 quo
689 580 819 623 munere
832 562 1021 642 capessendo
1036 562 1188 644 adpellata·
1199 566 1304 628 arden·

40 683 112 745 tur,
128 673 227 732 nullis
243 671 312 733 atas
327 667 577 740 necessitatibus,
593 687 694 748 neque
708 671 774 731 ulla
791 669 905 750 populi
913 669 1052 732 Romani
1069 672 1138 753 lege
1152 674 1303 748 adstricti,

41 785 122 853 nebi,
148 773 295 860 inq'uam,
315 777 449 856 populus
477 795 585 838 eorum
599 774 729 852 fundus
742 776 857 854 sactus
880 785 945 838 est.-
967 776 1056 845 Gell.
1072 778 1184 842 ‚Nactt
1209 784 1304 844 Attic.

46 888 141 950 XVI.
156 885 210 950 13.
228 886 334 950 Erant
349 903 430 966 ergo
445 882 472 944 I.
487 887 567 946 arbes
582 884 725 955 Romani,
744 882 897 968 adeoque
914 884 1023 948 multis
1037 886 1169 971 juribus
1184 909 1222 950 ac
1237 889 1306 972 pri-

45 995 201 1079 vilegiu,
226 1011 312 1080 quae
333 990 411 1055 solis
434 990 560 1054 civibus
575 991 734 1054 Romanis
762 991 897 1074 propria
919 1002 1028 1076 eraut,
1055 995 1246 1077 gaudebant
1260 998 1305 1080 d)‚

48 1104 191 1168 sednon
207 1109 318 1165 tamen
334 1107 427 1164 eraut
442 1103 524 1162 ciues
539 1101 677 1180 ingenui,
689 1107 724 1163 nt
734 1099 863 1162 Romae
874 1100 1060 1167 habitantes
1076 1113 1173 1169 vocat
1186 1106 1305 1170 Cicero

48 1218 81 1274 in
97 1214 207 1274 Bruto
218 1233 249 1290 a.
264 1208 315 1270 75.
331 1227 448 1292 neque·
457 1207 534 1290 jure
557 1208 683 1291 optimo
705 1207 847 1272 civitatis
871 1208 1079 1294 gaudebant,
1099 1212 1162 1276 nisi
1176 1213 1306 1279 Romae

53 1318 301 1384 constituissent
321 1315 533 1380 domicilium.
553 1315 597 1380 H.
614 1318 688 1378 Suis
707 1317 826 1399 legibue
841 1325 873 1380 et
888 1337 945 1380 suo
954 1319 1034 1400 jure
1047 1322 1226 1396 utebantur,
1240 1323 1261 1385 i.
1277 1343 1307 1386 e.

52 1427 197 1515 propriis
213 1426 279 1490 suis
293 1424 424 1509 legibus
439 1431 540 1508 atque
557 1422 732 1504 institutis,
748 1445 833 1508 quae
853 1423 947 1510 leges
963 1427 1177 1512 municipales
1192 1430 1308 1494 dicuu-

53 1549 121 1601 tur:
138 1537 178 1598 L.
189 1535 221 1598 3.
237 1535 266 1616 §.
280 1533 311 1594 4.
326 1534 368 1594 1).
394 1531 532 1610 Quodsi
543 1533 703 1617 antelam.
719 1531 756 1592 L.
770 1529 801 1596 3.
816 1531 846 1612 ὃ.
860 1533 890 1594 5.
905 1535 947 1596 Ι).
963 1536 1002 1598 de
1017 1539 1156 1618 Sepuler.
1171 1542 1240 1602 ont.
1255 1559 1309 1603 re-

60 1647 239 1731 gebantur,
261 1661 371 1726 neque
396 1639 602 1724 cogebantur
623 1638 791 1704 Romanas
813 1638 906 1724 leges
926 1644 1094 1727 recipere,
1110 1645 1172 1708 nisi
1194 1645 1229 1710 id
1251 1629 1309 1712 sua

59 1762 173 1839 sponte
195 1751 342 1830 vellent,
369 1770 435 1834 quo
463 1769 538 1812 casu
554 1749 750 1828 sunds'sacti
767 1748 929 1831 ejusmodi
955 1752 1070 1837 populi
1099 1753 1308 1822 dicebantur=

64 1864 128 1926 Cic.
144 1883 202 1945 pro
219 1860 321 1922 Balbo
343 1879 369 1920 c.
385 1855 416 1920 8.
437 1857 515 1920 Non
538 1877 619 1941 ergo
638 1857 804 1948 jussuum
830 1858 886 1922 vel
908 1859 1091 1944 αὐςονομίαν
1114 1863 1311 1930 amittebant
1358 1908 1367 1927 .

59 1970 256 2054 municipeS,
277 1967 355 2050 jure
380 1964 525 2049 suffragii
547 1965 680 2046 donati,
704 1974 803 2048 prout
824 1967 991 2032 existimat
1013 1968 1168 2054 Sigonius
1183 1974 1222 2036 ds
1244 1984 1310 2038 ant.

54 2083 127 2162 jure
142 2079 217 2140 Ital.
233 2078 275 2138 II.
290 2075 321 2138 7.
333 2074 395 2138 sed
410 2081 535 2138 tautum
552 2072 681 2154 foedus,
696 2075 718 2135 i.
735 2095 764 2136 e.
779 2095 847 2138 non
862 2075 1002 2159 amplius
1017 2077 1181 2142 foederati
1193 2081 1310 2165 populi

57 2186 201 2252 Romani
224 2192 334 2266 erant,
358 2182 416 2246 sed
437 2183 535 2246 cives.
556 2183 601 2245 Et
622 2181 669 2244 ita
692 2180 931 2266 intelligendus
953 2183 1045 2248 locus
1062 2186 1232 2251 Ciceronis
1252 2210 1311 2271 pro

58 2298 160 2358 Balbo
175 2316 202 2356 a.
216 2291 247 2356 8.
272 2294 312 2354 In
329 2311 390 2374 quo
406 2311 524 2373 magna
543 2293 695 2353 contentio
711 2290 962 2353 Heracliensium
985 2303 1016 2355 et
1029 2293 1312 2376 Neapolitanorum

48 2408 138 2486 suit,
162 2422 257 2486 quum
275 2419 393 2482 magna
414 2419 494 2480 pars
516 2402 548 2460 in
569 2399 608 2459 iis
629 2399 803 2459 ciuitatibus
818 2417 987 2460 nosnnnrs
1008 2419 1069 2462 sar
1083 2405 1113 2483 ⁰)
1140 2403 1312 2467 libertatem

58 2515 183 2575 orbitati
199 2510 379 2588 anteferret.
403 2505 466 2570 III.
482 2506 626 2567 Munerat
649 2525 720 2566 cum
736 2489 853 2588 populo
868 2507 1009 2570 Romano
1024 2519 1118 2572 erant
1132 2515 1312 2594 partsbepes.

60 2621 164 2705 idque
179 2607 361 2705 praecipue
376 2612 631 2698 intelligendum
648 2610 690 2675 de
706 2614 895 2677 muneribus
917 2613 1129 2681 militaribus:
1151 2619 1189 2682 L.
1205 2618 1255 2682 18.
1272 2621 1313 2682 lt.

66 2731 101 2790 de
120 2728 209 2789 Veri.
234 2729 316 2808 sign.
350 2722 551 2788 Gaudebant
573 2719 659 2784 enim
684 2720 861 2805 municipia
877 2723 955 2806 jure
974 2723 1134 2810 legionis,
1160 2727 1313 2812 adeoque
1361 2717 1363 2724 ¹

67 2835 238 2919 participes
261 2840 356 2896 erant
373 2849 543 2894 munerum
568 2827 775 2912 militarium,
796 2830 884 2893 unde
906 2840 940 2895 et
963 2832 1044 2897 dicti
1068 2834 1224 2899 videntur
1244 2858 1315 2900 mu-

64 2945 194 3028 nicipes.

67 3136 191 3204 Idemque
208 3133 277 3188 scite
294 3130 429 3200 exposuit,
448 3130 511 3200 lepis
529 3129 693 3198 municipalis
712 3129 883 3191 vocabulum,
902 3127 981 3196 cujus
1004 3129 1085 3182 etiam
1103 3131 1132 3184 in
1149 3133 1316 3188 lustinienei

63 3220 131 3286 juris
148 3219 270 3272 fontibus
288 3217 390 3284 passim
407 3214 509 3272 mentio
527 3218 557 3268 fit
577 3217 619 3283 (et
635 3217 678 3267 vel
695 3215 815 3268 maxime
832 3215 860 3268 in
875 3213 937 3282 Dig.
955 3214 1035 3267 titulo
1055 3216 1091 3268 ad
1107 3219 1317 3287 municipalem),

65 3305 162 3372 duplici
185 3319 247 3358 esse
265 3302 452 3370 accipiendum
471 3317 563 3366 sensu,
581 3306 630 3353 aut
646 3316 696 3366 pro
714 3303 788 3368 lege,
813 3299 949 3369 cujusque
967 3298 1108 3366 municipii
1125 3302 1251 3367 propris,
1269 3310 1319 3355 aut

64 3394 189 3458 prolege
206 3390 262 3454 illa,
281 3403 352 3458 quse
369 3387 548 3440 communiter
567 3385 725 3452 municipiis
743 3386 815 3449 deta,
833 3401 881 3438 seu
900 3385 934 3438 de
952 3385 1090 3440 communi
1106 3385 1317 3454 municipiorum

61 3477 118 3543 jure
136 3476 241 3541 scripta
259 3479 339 3537 esset,
359 3473 447 3539 (nunc
465 3471 810 3538 vocautStiidteordnunp),
829 3487 863 3523 ex
882 3487 1030 3538 earumque
1044 3463 1158 3524 numero
1176 3488 1236 3526 eam
1248 3489 1317 3543 quo-

65 3579 113 3630 quc
131 3563 222 3627 legem
240 3559 340 3622 luisse,
364 3573 436 3626 quae
459 3557 551 3611 tabula
569 3555 745 3612 Heracleensi
761 3556 927 3620 continetur,
953 3557 1122 3625 eandemque
1146 3559 1210 3627 lepis
1227 3559 1318 3612 Julius

65 3646 230 3715 municipalis
247 3645 357 3714 nornine
376 3642 490 3706 venisse,
505 3642 681 3709 probabiliter
696 3641 907 3695 demonstravit:
924 3639 985 3694 ibid.
1003 3658 1030 3707 p.
1048 3646 1102 3694 362
1114 3673 1147 3682 -
1159 3648 1219 3700 ³77.
1233 3644 1318 3698 Mitt.

130 3734 165 3800 d)
186 3731 263 3786 Hinc
280 3734 308 3783 et
323 3731 416 3796 lupam
433 3744 495 3781 cum
513 3727 635 3800 puerulis
653 3729 742 3780 solent
760 3725 789 3780 in
806 3727 897 3780 uumis
914 3725 1036 3793 signare:
1055 3727 1184 3785 Veillent.
1203 3731 1235 3782 de
1261 3731 1319 3784 Nu·

66 3822 144 3874 niun.
163 3835 224 3872 oen.
245 3817 314 3884 Imp.
331 3815 358 3868 in
381 3814 547 3880 municepvet
564 3811 648 3865 colon.
670 3813 701 3864 T.
720 3812 763 3867 II.
778 3829 807 3880 p.
827 3816 884 3866 113.
903 3811 984 3866 Heln.

130 3906 161 3972 e)
182 3904 227 3956 lta
248 3900 379 3954 editiones
398 3897 537 3952 Ciceronis
555 3897 669 3964 priores,
681 3903 708 3950 ct
724 3898 761 3950 ad
778 3904 900 3952 vetensm
917 3898 1050 3952 librorum
1064 3899 1146 3952 tidem
1164 3900 1320 3953 adornatae.

70 3991 101 4042 st
116 3991 208 4044 Panll.
219 3984 398 4042 Manutiuset
410 3987 505 4051 postea
524 3985 587 4036 Ism.
600 3981 754 4036 Bullialdus
774 3983 806 4034 de
818 3983 923 4050 populu
929 3983 1029 4050 fundis
1036 4002 1067 4053 p.
1078 3990 1101 4038 1.
1113 3989 1173 4038 936.
1191 3985 1262 4039 ibm.
1276 3988 1319 4040 ΙΙ.

74 4075 143 4128 lber.
157 4057 232 4128 'Ant
251 4073 330 4132 Rom.
352 4071 450 4124 Graec.
468 4071 592 4134 legerunt
598 4068 674 4136 juris
691 4071 733 4122 eui
744 4065 890 4120 libertatem
909 4084 961 4134 pro
970 4070 1095 4137 foederis
1106 4071 1148 4122 sui
1164 4070 1320 4136 libertatem,

68 4177 133 4227 quae
149 4158 235 4212 lectio
253 4155 336 4210 etiam
353 4153 450 4208 editori
463 4147 787 4208 Parisiensi'Orationuur
801 4150 948 4218 Ciceronis,
965 4171 1035 4222 qnae
1053 4154 1081 4206 in
1098 4171 1179 4210 usum
1192 4157 1320 4223 Delphini

67 4244 236 4310 prodierunt,
248 4240 359 4310 placuit
375 4241 430 4294 Sed
441 4237 582 4306 uunquam
596 4238 739 4292 lectionem
753 4238 858 4292 erudite
868 4239 1016 4294 defendunt
1028 4241 1063 4292 Η.
1075 4241 1166 4294 Vates.
1181 4242 1210 4296 in
1225 4242 1321 4296 eodem
1378 4267 1381 4274 ·

71 4331 144 4383 llaec.
162 4331 231 4382 Ant.
249 4329 329 4380 Rern.
352 4325 433 4378 Tamo
451 4325 493 4381 ΙΙ.
506 4342 536 4392 p.
557 4327 632 4378 1947.
650 4323 731 4377 Heia.
757 4325 903 4378 Caeterum
921 4326 1075 4391 decausis,
1096 4343 1181 4394 querc
1198 4329 1321 4382 nonnulli

68 4423 224 4482 exterorum
241 4413 407 4479 populorum
416 4411 522 4478 sunus
531 4410 607 4480 fieri,
622 4408 639 4461 i.
658 4427 681 4462 e.
697 4408 833 4464 civitatem
844 4410 912 4476 ipsis
930 4412 1064 4464 decretum
1080 4414 1207 4479 legesque
1220 4414 1321 4466 Rome-

69 4517 112 4554 nas
131 4501 259 4566 accipere
277 4495 433 4560 recusarint,
458 4493 510 4548 vid.
530 4497 564 4547 de
582 4495 701 4561 Sevigny
732 4495 870 4547 Vallaecll.
891 4496 915 4548 d.
938 4497 1019 4562 Tafel
1035 4517 1058 4552 a.
1077 4498 1226 4562 Heraclea,
1249 4497 1277 4550 in
1296 4501 1322 4552 d.

70 4585 194 4638 Zeitudr.
205 4584 237 4652 s.
254 4584 342 4653 pescle.
359 4584 395 4636 R.
421 4583 460 4634 W.
475 4583 507 4633 T.
525 4581 577 4634 lX.
597 4598 623 4647 p.
642 4583 696 4632 306
709 4607 742 4618 ·-
756 4583 814 4635 308.
834 4579 920 4632 Mill.
