3122 5162
474 357 532 429 De
554 333 906 436 rasomonorum.

544 650 578 702 Ut
595 651 671 703 etde
686 653 842 722 parricidio.

149 756 229 822 Alio
251 754 398 840 ejusdem
420 752 505 837 legis
531 752 639 835 capite
661 762 770 818 actum
798 751 930 816 videtur
952 751 994 814 de
1017 753 1211 836 parricidio:
1233 757 1271 818 L.
1287 757 1317 827 1.

67 869 163 948 prino.
185 866 227 928 Β.
247 864 294 929 ud
308 863 383 944 Lag.
400 863 508 942 Pomp.
531 862 571 924 de
586 863 736 942 porreto.
760 859 907 946 quamvis
928 861 1077 948 diversas
1101 860 1201 926 fuisse
1223 862 1318 948 leget

71 971 237 1038 Cornelias
261 971 303 1033 de
326 969 449 1033 sicariis
475 978 509 1032 et
533 967 575 1032 de
598 969 769 1052 parricidis
791 969 901 1034 multis
923 968 1103 1034 contendat
1126 971 1180 1034 Jo.
1200 972 1317 1036 Franc-

38 1111 40 1116 ·
68 1081 187 1144 Remos
207 1079 241 1142 in
260 1072 445 1143 Tritoniaca
466 1082 531 1140 sive
545 1079 672 1140 errorib.
695 1079 876 1140 litteratum·
889 1079 928 1142 de
943 1098 1049 1158 poema
1066 1079 1234 1160 parrmidii
1250 1080 1318 1144 Lat.

69 1187 123 1248 IV.
134 1209 167 1269 p.
181 1185 253 1248 106.
268 1205 312 1268 sq.
335 1185 521 1269 Utcumque
538 1205 573 1248 se
595 1205 647 1247 res
666 1184 789 1267 habet,
810 1184 883 1269 ipso
900 1204 978 1248 sane
994 1185 1128 1248 vivente
1143 1185 1254 1268 Sulla,
1269 1187 1317 1252 M,

68 1295 225 1369 Fannius,
248 1294 391 1356 Praetor
411 1292 499 1354 idem
524 1292 566 1356 de
589 1293 712 1358 sicariis
740 1301 774 1356 et
797 1292 840 1358 de
862 1291 1034 1376 parricidis
1055 1293 1229 1376 quaesivit.
1250 1294 1318 1361 Hie

67 1423 146 1466 vero
170 1410 315 1468 veterem
331 1421 473 1484 poenam
489 1401 627 1464 retinuit
644 1400 754 1482 Sulla,
776 1400 944 1484 nihilque,
960 1409 996 1464 ut
1018 1400 1159 1481 videtur,
1177 1402 1316 1485 addidit,
1420 1427 1423 1434 ’

64 1518 294 1595 praeterquam
312 1508 402 1593 quod
425 1507 591 1592 parricidii
611 1529 752 1592 poenam
770 1509 811 1574 ad
833 1508 918 1572 alios
933 1507 1092 1592 quosdam
1108 1510 1316 1592 cognationis

65 1617 184 1702 gradus
199 1616 347 1701 protulit.
370 1615 480 1678 cullei
497 1637 586 1697 sane,
604 1617 656 1680 cui
669 1617 769 1682 insuti
786 1615 981 1701 parricidae,
998 1617 1097 1679 etiarn
1114 1626 1189 1700 post
1202 1616 1316 1680 Sullae

64 1726 173 1810 legem
190 1723 338 1787 meminit
352 1723 471 1786 Cicero
488 1725 580 1786 Orat.
591 1746 652 1806 pro
672 1725 744 1787 Sea.
760 1726 872 1788 Roscio
889 1726 1040 1788 Amerino
1057 1746 1083 1787 c.
1098 1723 1149 1786 25.

637 1882 666 1962 ἓ.
687 1881 740 1944 60.

473 1998 531 2050 Lm
552 1997 682 2068 Pompeja
700 1998 731 2050 dc
745 1997 902 2066 pam-iciam.

151 2095 272 2161 Postea
287 2103 321 2158 et
337 2095 398 2158 Cu.
411 2095 590 2180 Pompejus
606 2097 730 2162 Consul
751 2115 863 2162 eseam
886 2114 1063 2162 Pensatum
1080 2096 1158 2160 tulit
1174 2096 1216 2160 de
1234 2113 1316 2161 PAR·

25 2225 27 2228 ·
62 2219 212 2285 rupious,
233 2225 298 2288 qua
320 2202 488 2287 parricidii
502 2225 643 2288 poenam
666 2204 804 2289 protulit
821 2205 918 2268 etiam
936 2204 979 2268 ad
1000 2225 1075 2285 eos,
1092 2204 1148 2288 qui
1170 2202 1316 2286 fratrem,

63 2332 222 2394 sororem,
238 2310 433 2396 patruelem,
457 2311 665 2392 matruelem,
682 2321 844 2396 patruum,
861 2310 1072 2392 avunculum,
1087 2311 1230 2392 amitam,
1247 2333 1314 2374 ma·

62 2428 233 2503 terteram,
250 2419 492 2501 consobrinum,
509 2420 748 2496 consobrinam,
764 2439 919 2502 uxorem,
938 2419 1053 2501 virum,
1075 2439 1245 2503 generum,
1263 2439 1315 2482 so·

62 2549 192 2608 cenna,
215 2547 361 2608 socrum,
378 2527 539 2605 vitricum,
553 2549 741 2609 novercam,
764 2528 962 2630 privignum,
984 2527 1179 2612 privignam,
1200 2537 1315 2610 patro-

59 2658 150 2716 num,
166 2643 337 2721 patronam
352 2640 398 2717 Ρ),
414 2635 493 2700 dolo
513 2636 601 2700 malo
616 2636 811 2720 occiderint,
827 2637 927 2723 quive
943 2637 1066 2700 conscii
1088 2635 1211 2699 fuerint
1225 2635 1314 2698 illius

58 2745 216 2821 criminis,
230 2743 286 2808 vel
301 2742 385 2806 illud
400 2745 605 2822 attentarint,
622 2754 658 2807 ut
672 2754 707 2809 et
721 2746 755 2808 in
772 2753 909 2808 matrem
924 2751 968 2825 ²¹),
985 2764 1072 2829 quae
1087 2744 1190 2807 filium
1208 2765 1314 2828 nepo-

55 2862 173 2918 temve
195 2847 417 2912 interemerit:
425 2853 474 2938 ,L
494 2851 524 2910 1.
538 2852 580 2910 D.
598 2852 642 2912 od
659 2853 738 2932 Leg.
759 2852 868 2932 Pomp.
890 2853 929 2912 de
945 2857 1063 2932 perric.
1095 2850 1151 2914 Ad
1172 2873 1313 2936 poenam

55 2958 154 3046 quod
173 2957 303 3037 attinet,
320 2977 391 3020 eam
416 2955 513 3038 plane
530 2977 601 3020 cunr
617 2979 727 3041 poena
743 2958 828 3040 legia
845 2957 1022 3020 Corneliae
1040 2957 1082 3020 de
1098 2959 1222 3021 sicariis
1235 2980 1315 3022 con-

55 3067 193 3133 venisse
214 3071 334 3149 putant
352 3061 469 3126 Jacob.
490 3063 644 3150 Cujacius
666 3067 710 3128 ad
723 3068 823 3127 Pauli
836 3065 988 3127 Sententt.
1002 3067 1141 3148 Receptt.
1163 3065 1197 3126 V.
1212 3065 1264 3128 24.
1284 3067 1313 3128 1.

56 3185 93 3239 et
108 3175 132 3238 J
134 3175 228 3236 acob.
245 3171 470 3236 Gothofredus
488 3175 530 3234 od
539 3178 635 3256 legg.
649 3195 701 3235 un.
716 3173 748 3236 0.
768 3173 878 3234 Theoti.
890 3173 928 3232 de
942 3173 1093 3234 Parmam
1107 3171 1174 3235 Sed
1190 3193 1313 3234 errasse
1333 3245 1338 3254 .

53 3285 137 3347 illos
155 3271 374 3361 dixerir,nisi
395 3301 457 3364 per
473 3279 584 3364 legem
602 3279 790 3344 Corneliam
811 3278 1040 3343 intellexerint
1063 3287 1159 3363 caput
1182 3278 1224 3342 de
1240 3301 1313 3362 par·

51 3389 196 3470 ricidiis,
212 3387 370 3472 deceptos
387 3388 472 3452 male
495 3387 667 3454 intellecta
682 3388 769 3470 Lege
784 3387 813 3450 1.
832 3387 870 3449 D.
886 3389 931 3448 cd
943 3387 1018 3469 Leg.
1035 3389 1142 3470 Pomp.
1156 3387 1194 3450 de
1206 3392 1313 3470 parri-

47 3502 160 3571 cidiis,
180 3498 278 3561 facile
296 3495 442 3580 adparet.
465 3497 552 3561 Sane
569 3495 653 3559 enirn
670 3505 744 3580 post
759 3495 868 3580 legem
885 3494 983 3558 etiam
996 3495 1189 3582 Pompejam
1202 3493 1310 3560 culleo

45 3611 189 3672 insutos
211 3626 282 3670 esse
302 3605 498 3688 parricidas,
523 3605 673 3669 discimus
696 3625 738 3668 ex
757 3604 918 3668 Suetonio
935 3602 976 3688 [*
988 3604 1021 3667 in
1040 3604 1168 3668 Nerone
1186 3627 1210 3668 c.
1226 3604 1311 3690 45.],

43 3717 192 3780 Seneca
212 3715 252 3776 da
267 3713 437 3774 Clementia
454 3715 476 3775 Ι.
490 3712 540 3774 15.
556 3722 589 3775 et
604 3712 655 3776 23.
677 3720 711 3775 et
731 3710 896 3777 Juvenale
913 3711 1022 3773 Satr'ra
1038 3706 1122 3776 VIII.
1138 3735 1165 3777 o.
1181 3713 1252 3776 213.
1267 3734 1311 3795 aq.

127 3950 165 4017 p)
185 3950 275 4004 Scusu
293 3949 425 4002 latissimo
445 3949 585 4017 parricide
602 3951 683 4004 ctiam
696 3951 835 4004 dicebatur
851 3949 1024 4019 quicumque,
1043 3948 1178 4002 hominem
1196 3947 1307 4000 liberum

36 4037 187 4096 consulto
205 4035 382 4090 interfecerat.
401 4036 442 4090 Cl.
461 4036 548 4088 Henr.
565 4035 609 4090 Jo.
627 4035 766 4090 Arntzenii
785 4035 1000 4088 Observationum
1019 4033 1123 4102 Sylloge
1141 4033 1169 4084 in
1187 4033 1261 4086 Actis
1277 4031 1306 4084 t-

34 4138 144 4182 terar-
169 4122 301 4180 societatis
320 4120 598 4190 Eleooffiry'cctr‘nac
629 4123 729 4191 (Laod.
747 4123 812 4176 But.
834 4129 861 4174 et
882 4119 1000 4190 Tbajeoti
1015 4119 1051 4170 ad
1068 4116 1156 4176 Ram
1175 4120 1249 4180 179³,
1266 4116 1303 4181 8)

38 4213 80 4264 1:
106 4208 135 4260 Ι.
155 4225 182 4274 p.
203 4210 261 4260 106.
283 4206 366 4258 Cana.

127 4293 165 4360 q)
186 4289 262 4346 Patri
279 4291 353 4350 caim
370 4290 397 4344 vi
416 4288 556 4357 potcstatis
574 4287 602 4341 ia
621 4289 720 4344 liberos
739 4293 909 4358 competebat
921 4291 969 4360 jus
987 4287 1063 4360 vitae
1075 4292 1102 4338 et
1119 4285 1209 4349 necis,
1227 4285 1307 4338 adeo·

32 4394 107 4452 que
132 4375 159 4428 is
178 4375 317 4442 parricidii
331 4392 419 4443 poena
431 4375 505 4430 haud
518 4375 675 4439 tenebatur,
693 4376 717 4428 si
732 4378 774 4430 rel
787 4377 890 4441 filium,
908 4377 950 4428 vel
969 4377 1114 4438 nepotem,
1135 4372 1164 4426 ia
1175 4376 1306 4440 potestate

31 4461 238 4520 constitutum
262 4462 420 4516 occidisset:
444 4464 475 4514 L.
497 4467 536 4516 ll.
556 4461 590 4514 D.
610 4461 641 4514 dc
664 4459 753 4516 Liber.
776 4471 929 4532 otpertum.
954 4458 1033 4512 Adde
1050 4459 1194 4512 Auctorem
1216 4457 1307 4513 Callet.

33 4555 122 4622 leyy.
149 4549 293 4602 Mosaicar.
311 4557 336 4600 et
354 4549 467 4602 Romam
487 4547 537 4600 IV.
556 4553 581 4602 7.
599 4552 624 4600 8.
643 4546 722 4600 Heia.
858 4557 860 4562 ·

1048 4629 1115 4690 50*
