3030 5160
33 318 35 418 l
152 383 161 394 ’
259 385 334 450 532
622 377 700 446 Lus.
727 377 790 444 ΙΙΙ.
816 376 899 446 Τιτ.
927 377 1004 445 XV.
1028 377 1160 464 (XlV.)

265 553 333 635 bat,
350 574 416 617 non
433 553 513 616 item
528 550 571 614 ad
586 533 759 635 pecuniam
777 551 999 636 trajectitium,
1015 573 1112 637 quae,
1129 553 1282 638 quamdiu
1296 554 1327 617 in
1340 555 1408 617 mari
1420 565 1467 619 erat

266 661 368 740 navis,
384 659 527 723 infinitas
542 658 728 742 recipiebat
745 679 867 738 usuras,
885 660 963 743 quia
982 681 1080 722 omne
1097 660 1258 742 pecuniae
1278 661 1360 724 istius
1374 663 1468 744 pericu·

264 769 331 830 lum
347 788 449 851 penes
469 766 667 829 creditorem
683 773 771 840 erat,
788 764 895 828 donec
911 765 1003 828 navis
1018 766 1051 828 in
1069 775 1198 849 portum
1215 766 1393 850 adpulisset:
1410 769 1438 830 l.
1450 769 1468 830 1.

262 877 300 937 1..
321 877 377 936 ult.
399 875 432 936 0.
455 874 494 936 de
515 873 616 934 Naut.
629 873 719 950 soen.
748 872 871 934 Paulus
895 870 1048 934 sentence.
1068 873 1208 955 Recepit.
1231 875 1272 935 II.
1288 873 1334 936 16.
1351 873 1377 936 d
1400 873 1467 937 Unde

265 989 352 1046 errat
369 981 457 1045 Gnil.
475 978 630 1042 Budaeus
645 979 809 1040 Adnotatt.
825 980 870 1040 ad
884 979 1040 1040 Pendeat.
1054 999 1085 1060 p.
1100 979 1172 1042 364.
1188 980 1245 1064 qui
1260 979 1411 1063 pecuniam
1424 989 1468 1042 trs-

257 1088 422 1173 jectitiam
444 1107 505 1171 pro
525 1087 575 1148 itu
597 1093 629 1148 et
653 1084 763 1148 reditu
783 1083 914 1148 nonnisi
931 1084 1097 1167 duplicem
1119 1086 1325 1150 centesimam
1345 1087 1467 1150 admisisse

264 1195 448 1276 existimat,
465 1201 500 1256 ut
516 1200 607 1255 recte
631 1201 730 1276 atque
751 1191 880 1254 erudite
902 1191 1051 1254 ostendit
1066 1191 1144 1256 Ger.
1160 1193 1277 1258 Noodt
1290 1195 1327 1255 de
1331 1196 1438 1272 foenore
1449 1205 1468 1255 st

265 1324 353 1366 usur.
370 1303 411 1362 11.
425 1300 455 1362 7.
464 1321 496 1382 p.
511 1299 583 1362 276.
613 1297 718 1362 Simul
742 1319 780 1360 ac
796 1297 955 1361 subducta
978 1307 1065 1362 esset
1080 1300 1172 1362 navis
1192 1300 1347 1384 periculo,
1361 1301 1467 1364 cessabat

263 1410 348 1474 illud
370 1409 488 1472 foenus
506 1407 690 1486 nauticum,
705 1404 861 1489 idemque
877 1405 1080 1487 servabatur,
1097 1406 1187 1490 quod
1210 1407 1245 1470 in
1264 1406 1332 1470 aliis
1352 1407 1465 1491 pecuniis,

265 1537 351 1602 quae
379 1512 528 1598 periculo
552 1521 646 1576 erant
673 1511 852 1592 debitoris,
881 1513 1035 1596 adeoque
1060 1513 1192 1576 nonnisi
1220 1516 1384 1577 centesima
1403 1537 1465 1578 usura

265 1624 355 1706 exigi
374 1628 522 1706 poterat:
543 1621 581 1681 1..
596 1619 627 1680 4.
652 1622 695 1682 D.
715 1622 755 1682 de
771 1621 870 1681 Naut.
878 1620 968 1696 soen.
991 1640 1088 1702 quam
1113 1622 1232 1703 etiam,
1248 1629 1394 1704 tamquam
1407 1621 1465 1682 ordi·

263 1731 389 1795 narium
410 1728 528 1790 foenus
549 1726 732 1808 nauticum,
749 1727 885 1790 retinuit
900 1725 1122 1808 Justinianus,
1147 1737 1183 1790 ut
1200 1728 1334 1812 adparet
1351 1748 1385 1788 ex
1396 1731 1420 1787 I.
1432 1726 1464 1787 lb.

264 1839 293 1919 §.
306 1837 335 1898 1.
354 1837 386 1897 0.
401 1836 441 1896 (le
461 1836 581 1896 Usura's.
603 1832 774 1897 Formulas
790 1841 975 1896 contractus
991 1832 1034 1895 de
1058 1833 1199 1897 foenore
1215 1835 1343 1898 nautico
1355 1833 1464 1898 babemus

264 1943 297 2006 in
313 1944 350 2004 L.
365 1939 436 2003 122.
452 1941 481 2021 §.
500 1940 529 2002 1.
546 1943 587 2001 D.
603 1941 642 2000 de
664 1940 753 2002 Verb.
769 1941 858 2022 obls'g.
877 1944 911 2001 L.
926 1939 956 2001 3.
975 1941 1007 2002 0.
1025 1942 1065 2002 de
1079 1942 1179 2004 Naut.
1189 1943 1279 2020 soen.
1293 1946 1334 2022 ¹).

837 2091 866 2172 §-
888 2090 939 2152 17.

631 2208 733 2259 Novum
742 2207 792 2276 jus
811 2207 993 2260 athstiniono
1011 2211 1149 2262 invectum.

348 2312 396 2375 At
409 2309 613 2374 Justinianus
634 2309 811 2372 novissime
828 2309 938 2371 omnia
959 2311 1109 2391 mutavit,
1129 2310 1177 2373 ita
1192 2317 1312 2390 tamen,
1326 2319 1357 2372 ut
1369 2307 1415 2371 sibi
1426 2325 1460 2366 sm

264 2441 354 2485 more
366 2440 479 2503 parum
497 2423 672 2480 constaret.
692 2415 778 2478 Nam
794 2436 905 2479 usuras
924 2416 1071 2479 nauticas
1087 2418 1220 2482 nonnisi
1236 2416 1405 2480 centesimas
1416 2431 1459 2474 esse

264 2526 383 2591 voluit:
405 2522 597 2604 13.26.§.1.
616 2523 648 2582 G·
663 2523 702 2582 de
722 2521 816 2584 Usar.
833 2544 897 2606 qua
916 2522 950 2584 in
974 2523 1050 2608 lege
1071 2525 1170 2589 etiam
1187 2526 1335 2610 vulgares
1353 2531 1380 2585 et
1391 2539 1459 2604 popu-

263 2635 349 2697 lares
365 2651 476 2694 usuras
492 2628 639 2691 semisses
656 2629 785 2692 statuit:
800 2630 1037 2694 mercatoribus
1051 2651 1131 2696 vero
1146 2635 1271 2715 besses,
1287 2640 1318 2695 et
1330 2625 1458 2693 illustribus

262 2761 329 2803 non
345 2738 432 2800 ultra
454 2737 591 2798 trientes
611 2737 781 2799 concessit.
804 2735 1008 2802 centesimas
1029 2747 1139 2803 tamen
1163 2741 1263 2804 etiam
1290 2737 1369 2822 exigi
1387 2751 1458 2818 passus

262 2856 311 2912 est
328 2869 370 2910 ex
389 2843 561 2929 speciebus
577 2842 708 2906 foenori
725 2843 825 2926 datis,
842 2844 946 2908 veluti
963 2845 1051 2928 oleo,
1067 2847 1246 2928 frumento,
1261 2848 1384 2930 aliisque
1398 2839 1458 2902 rebus

146 3024 150 3032 ,
262 2952 497 3036 fungibilibus,
514 2972 647 3035 quarum
667 2951 825 3013 incertum
850 2960 883 3015 et
898 2953 1022 3016 varium
1039 2955 1180 3039 pretium
1198 2975 1269 3018 esse
1285 2953 1375 3018 solet:
1393 2950 1417 3009 b·
1428 2943 1458 3006 23-

264 3062 297 3122 0.
317 3061 382 3122 eod.
414 3057 503 3134 Quin
529 3058 714 3122 centesimis
736 3057 851 3142 paullo
877 3061 1017 3143 majores
1049 3083 1159 3125 usuras
1181 3071 1297 3146 petere
1320 3057 1417 3123 licebat
1433 3050 1457 3111 ab

220 3171 222 3176 ’
262 3165 432 3250 agricolis,
448 3165 564 3249 quibus
581 3167 741 3231 creditum
764 3165 874 3229 fuerat
891 3167 1103 3250 frumentum,
1121 3171 1246 3254 quippe
1263 3169 1316 3254 qui
1336 3162 1456 3228 solvebant

261 3282 411 3338 octavam
433 3274 635 3358 singulorum
655 3273 838 3340 modiorum
861 3282 1002 3358 partem:
1023 3277 1103 3340 Nou.
1121 3277 1263 3339 XXXII.
1277 3299 1301 3338 c.
1312 3275 1338 3336 1.
1357 3271 1394 3335 At
1408 3265 1456 3326 Not·
1485 3273 1486 3281 ’

264 3382 346 3443 CVI.
361 3380 463 3466 longe
478 3381 655 3466 ampliores
675 3379 825 3444 indulsit:
841 3403 938 3465 quam
956 3385 1227 3448 constitutionem
1244 3383 1347 3446 denuo
1358 3379 1412 3462 ipse
1421 3371 1456 3434 ab

261 3488 366 3551 olevit
382 3489 461 3549 Noe.
484 3490 550 3550 ΟΧ.
571 3498 606 3553 ut
626 3490 711 3552 adeo
739 3509 782 3550 ex
804 3511 845 3552 eo
865 3498 1015 3574 tempore
1035 3491 1151 3575 procul
1176 3491 1279 3555 dubio
1297 3495 1329 3551 L.
1344 3486 1385 3550 26.
1400 3477 1455 3542 bl*

254 3597 377 3678 ¹Urmia
395 3595 429 3657 in
447 3595 523 3659 foro
541 3596 741 3681 aliquamdiu
757 3597 912 3682 viguerit.

832 3751 861 3831 §.
883 3748 939 3812 18.

683 3865 781 3918 Modus
799 3865 968 3934 computandi
983 3883 1086 3919 usuras.

344 3962 452 4039 Quum
472 3984 552 4027 vero
576 3965 690 4028 modus
714 3965 926 4050 computandi
948 3987 1073 4049 usuras,
1096 3989 1162 4052 quo
1186 3969 1235 4032 usi
1261 3973 1331 4031 sunt
1346 3949 1452 4026 Romtssb
1483 3943 1484 4015 l

173 4072 176 4083 '
259 4069 394 4135 multum
411 4073 457 4135 ab
470 4070 630 4160 hodierno
649 4072 790 4156 differat,
807 4094 917 4158 neque
933 4075 1082 4138 omnibus
1101 4075 1186 4138 adeo
1203 4073 1367 4159 expeditus
1378 4059 1453 4126 ridea-

260 4186 312 4240 tur
325 4182 371 4258 ·):
387 4178 535 4242 dabimus
551 4201 702 4264 operam,
722 4188 758 4243 ut
775 4190 850 4264 post
868 4157 1078 4265 Salm'asium,
1096 4183 1309 4264 Gronovium,
1324 4171 1451 4242 Martinus]
1482 4165 1483 4196 ³

329 4374 356 4440 r)
380 4375 463 4428 Mart.
479 4342 567 4430 niet.
590 4377 768 4431 Hudtwatker
800 4378 870 4432 Dies.
905 4381 936 4432 de
960 4380 1078 4448 foenore
1105 4382 1209 4434 nonore
1246 4379 1364 4430 Romano.
1386 4357 1451 4418 Hanb

264 4461 337 4510 1810.
355 4464 379 4510 4.
397 4459 485 4513 Haud.
1481 4455 1482 4481 ²

327 4544 356 4611 s)
376 4546 451 4599 Adeo
470 4544 608 4599 intricatus
624 4547 681 4615 jam
701 4545 834 4599 veteribus
853 4547 994 4600 videbatur
1014 4547 1057 4601 illc
1082 4565 1180 4602 usuras
1203 4539 1365 4614 computandi
1379 4527 1448 4586 modu·
