3056 5168
325 480 402 548 lle
428 479 584 549 Excnrr.
609 479 664 548 Er
687 447 978 553 Rarnronrrorra,
1213 489 1303 556 721·

33 683 92 746 pro
107 678 167 724 reo
186 658 441 744 opponebantur
456 658 504 738 t)·
523 656 630 742 ldque
645 656 701 720 vel
717 658 859 722 maxime
880 659 995 741 fiebat,
1011 679 1109 744 quum
1131 661 1165 722 in
1183 680 1287 745 quae-

33 770 174 833 stionem
196 764 360 842 inciderit,
371 785 448 828 num
465 763 552 848 apud
570 785 663 848 quos,
680 785 789 850 quove
813 773 963 850 tempore
980 773 1162 850 oporteret,
1178 776 1285 832 actum

33 877 91 939 sit?
114 876 204 938 unde
218 883 294 938 tam
317 873 473 958 frequens
499 872 623 934 mentio
642 871 676 934 in
693 871 771 955 jure
798 880 910 938 nostro
934 883 967 939 et
981 875 1062 962 sorr·
1084 881 1119 938 et
1139 879 1286 957 temporis

27 987 330 1065 praescriptrbnumc
351 988 537 1064 praeterea,
552 977 610 1041 ubi
626 979 807 1043 cavendum
825 990 906 1065 erat,
926 1003 968 1045 ne
983 1001 1044 1066 per
1060 981 1221 1066 judicium
1242 983 1285 1046 de

31 1113 65 1154 re
75 1090 197 1154 minori
208 1087 446 1173 praejudicium
462 1087 557 1149 lieret
572 1086 689 1170 majori
706 1101 833 1166 causae,
843 1089 936 1154 velut
950 1089 1013 1154 hoc
1028 1088 1144 1152 modo:
1156 1111 1221 1163 „ea
1234 1109 1286 1152 res

30 1208 158 1278 agatur,
178 1197 507 1278 quampraejudeiam
526 1193 695 1256 hereditati
708 1194 874 1276 aouflaffl'
889 1200 933 1279 s).
954 1196 1002 1260 At
1017 1196 1087 1281 Jam
1107 1196 1184 1282 Gaji
1201 1205 1287 1261 tem-

29 1305 167 1388 poribus
184 1303 459 1386 praescriptiones
475 1299 557 1363 istae
574 1307 609 1364 et
624 1300 656 1364 in
675 1303 883 1386 exceptionis
899 1305 1035 1368 formam
1056 1302 1231 1386 deductae,
1251 1313 1286 1368 et

29 1413 165 1476 nomine
182 1431 316 1494 quoque
333 1406 523 1502 appellatae
546 1414 620 1470 sunt
639 1411 872 1493 exceptionum
888 1416 930 1492 ¹).
950 1409 1044 1492 (Vid.
1060 1411 1143 1474 locc.
1166 1413 1199 1476 in
1216 1418 1285 1475 not.

29 1521 136 1602 laud.)
163 1519 215 1582 Ex
232 1515 282 1578 his
296 1515 398 1601 igitur
418 1514 563 1598 intelligi
579 1515 751 1579 commode
770 1520 904 1601 poterit,
920 1518 977 1602 qui
998 1520 1120 1582 iactum
1137 1519 1189 1600 sit,
1205 1528 1284 1602 tum,

29 1633 63 1690 ut
77 1631 214 1690 veteres
232 1623 311 1687 Jcti
332 1623 366 1686 in
387 1621 620 1706 exceptionum
638 1622 903 1707 definitionibus,
920 1625 961 1688 ad
982 1625 1110 1711 antiqui
1129 1625 1211 1711 J'uris
1233 1627 1285 1689 in-

30 1735 143 1797 dolem
160 1751 252 1794 more
269 1751 327 1794 suo
346 1729 573 1814 respicienteS,
589 1729 635 1792 ita
650 1751 719 1792 rem
736 1730 960 1817 explicarent,
977 1741 1132 1819 tanquam
1151 1733 1177 1797 si
1193 1731 1286 1796 nulla
1306 1799 1309 1803 ,

28 1839 189 1927 exceptio
203 1826 367 1921 daretur,
397 1837 459 1900 nisi
487 1836 530 1900 ad
556 1836 783 1921 repellendam
821 1842 986 1904 actionem
1022 1839 1185 1925 iniquam,
1216 1849 1310 1928 tum¹

29 1971 124 2032 vero,
149 1955 205 2028 ut,
233 1955 388 2029 tanquam
410 1945 578 2037 peculiare
610 1945 838 2010 defensionum
858 1969 985 2034 genus,
1006 1949 1284 2032 praescriptiones

32 2066 68 2118 et
96 2053 299 2138 praejudicia
328 2075 348 2116 a
376 2052 512 2137 reliquis
541 2051 796 2136 sejungerentur
834 2055 1096 2138 exceptionibus.
1132 2055 1219 2118 Num
1250 2055 1284 2118 vi

31 2172 137 2246 atque
172 2161 287 2225 effectu
318 2160 417 2224 etiam
453 2161 631 2224 novissimo
657 2163 735 2245 jure
764 2163 957 2226 differrent?
981 2162 1210 2246 quaeritur·).
1244 2161 1285 2225 Id

29 2278 124 2333 certe
148 2269 263 2352 negari
288 2269 421 2353 nequit,
445 2253 663 2332 comnmniter
685 2277 719 2332 et
746 2268 839 2333 velut
870 2269 1053 2353 promiscue
1082 2269 1201 2353 ajuris
1224 2291 1286 2332 no-

28 2380 87 2442 stri
119 2377 307 2442 auctoribus
335 2378 482 2460 usurpari
510 2385 545 2440 et
566 2376 832 2461 praescriptionis
855 2384 889 2440 et
908 2375 1115 2462 exceptionis
1140 2379 1286 2440 voeabu—
1364 2429 1365 2434 ,

27 2486 109 2568 Ιιιιιι,
132 2484 273 2570 perinde
289 2484 380 2569 quasi
403 2485 486 2547 nihil
509 2483 648 2569 amplius
665 2484 858 2549 discriminis
873 2483 961 2548 inter
977 2492 1150 2568 utrumque
1167 2482 1284 2548 defen-

27 2595 159 2658 sionum
175 2613 279 2676 genus
295 2601 480 2676 superesset
499 2596 540 2674 t).
561 2593 661 2655 Mure.

616 2743 645 2824 g.
666 2741 698 2803 4.

127 2860 267 2918 Quaenam
277 2857 369 2926 fuerit
386 2857 532 2926 campiendi
549 2866 574 2909 et
591 2857 740 2926 replicandi
755 2859 824 2910 ratio
842 2859 871 2910 in
879 2855 991 2930 judiciis
1005 2858 1092 2910 stricti
1099 2857 1192 2927 juris?

111 2961 164 3024 Ut
179 2980 260 3022 vero
283 2979 325 3022 ex
349 2956 618 3042 antiquitatibus,
636 2977 701 3050 qua
723 2959 829 3021 forma
846 2958 988 3044 proferri
1011 2957 1227 3042 exceptiones
1250 2966 1285 3022 et

21 3069 268 3156 replicationes
295 3065 545 3148 consueverint,
576 3066 800 3129 ostendamus:
831 3067 1014 3150 separanda
1045 3066 1178 3130 omnino
1208 3073 1284 3129 sunt

21 3181 128 3240 bonae
144 3175 243 3258 fidei,
260 3173 432 3236 arbitraria
454 3181 489 3235 et
510 3178 613 3236 stricti
624 3176 712 3256 juris
727 3173 863 3259 judicia.
891 3173 931 3236 In
946 3173 1081 3256 judiciis
1105 3173 1283 3236 arbitrariis

21 3296 56 3351 et
73 3283 188 3350 stricti
200 3282 283 3366 juris
300 3282 420 3361 statim,
436 3281 565 3344 intenta
580 3281 722 3363 actione,
739 3303 813 3345 reus
830 3283 1023 3366 opponebat
1039 3280 1282 3364 exceptionem,
1351 3311 1353 3316 ·

20 3411 174 3478 eamque
193 3389 314 3454 deinde
336 3387 555 3473 replicatione
579 3388 729 3453 elidebat
745 3398 853 3453 actor:
876 3388 1028 3471 adeoque
1051 3407 1118 3450 non
1140 3389 1175 3449 in
1189 3386 1283 3471 judi-

18 3505 89 3586 cio,
109 3498 173 3564 sed
188 3499 221 3560 in
237 3498 315 3582 jure
334 3495 565 3582 excipiendum
588 3496 880 3582 replicandumque
898 3503 969 3560 erut
984 3504 1060 3559 ante
1082 3494 1150 3558 litis
1166 3502 1281 3558 conte·
1308 3479 1309 3485 ἵ

14 3610 218 3674 stationem.
240 3605 295 3668 Sic
313 3603 508 3678 intendente
525 3614 654 3671 actorez
675 3619 849 3668 nro-auus
871 3621 1029 3668 nonnum
1047 3607 1188 3666 sx'euas
1206 3617 1283 3678 uur-

8 3743 338 3762 W*-

95 3815 134 3882 p)
158 3812 218 3878 Gaj.
237 3811 286 3864 1v.
304 3812 325 3879 i.
340 3815 397 3864 1³³.
416 3812 505 3874 Quam
517 3807 626 3882 quidem
639 3811 879 3880 praescriptionem
895 3811 976 3864 lromo
994 3829 1029 3865 ex
1048 3811 1212 3865 disertorum
1229 3825 1280 3862 nu·

11 3915 103 3956 mero
130 3897 291 3950 foedissimo
317 3913 408 3950 errore
429 3884 613 3951 confundebat
635 3916 697 3951 oum
722 3897 936 3964 praescriptione
959 3897 1023 3952 illa:
1058 3899 1132 3968 cujm
1151 3894 1279 3963 pecuniae
1323 3923 1330 3933 ,

12 3990 78 4041 dies
89 3984 215 4054 fuisset,
236 3983 277 4050 (v.
296 3983 350 4034 Tit.
367 3983 416 4036 Vl.
435 3982 456 4049 ἕ.
474 3985 516 4034 26.
534 3987 590 4035 not
608 3983 625 4037 i.
644 3984 719 4053 sqq.)
747 3983 836 4051 lepide
855 3999 914 4035 cam
940 3982 976 4035 ob
994 3997 1051 4034 rem
1074 3984 1182 4033 notatus
1201 3994 1217 4030 a
1235 3976 1280 4032 ci-

10 4086 130 4126 cerone
150 4067 182 4118 de
205 4067 262 4136 Off.
281 4069 304 4120 Ι.
320 4071 361 4122 ³7.
382 4069 416 4120 of.
435 4068 518 4134 Huge
537 4067 573 4120 R.
595 4069 629 4121 G.
649 4084 675 4134 p.
694 4073 753 4122 667.
773 4084 813 4138 sq.
828 4075 884 4121 not.
906 4073 927 4122 1.
985 4063 988 4070 “
1050 4133 1053 4139 Ι

97 4154 135 4223 q)
157 4152 221 4220 ‘Gaj.
234 4152 282 4205 lv.
299 4154 320 4220 ξ.
334 4157 390 4206 133.
410 4153 450 4206 Cf.
471 4155 500 4205 L.
513 4157 555 4207 25.
574 4153 595 4220 ἓ
609 4157 649 4208 17.
667 4155 703 4206 D·
718 4155 749 4213 de
765 4154 855 4207 hereri.
868 4156 943 4223 petit.
957 4155 990 4206 L.
1004 4155 1044 4205 13.
1058 4154 1097 4204 16.
1111 4153 1150 4202 18.
1170 4144 1206 4200 D.
1224 4145 1249 4199 Ιι.
1263 4154 1279 4198 t.

6 4247 48 4299 of.
74 4239 199 4297 Heffter.
223 4236 284 4290 otc.
302 4239 338 4290 ool
360 4239 421 4307 (ἕρφ’.
439 4256 461 4290 e.
480 4242 523 4291 23.
543 4254 569 4304 p.
590 4241 706 4305 liusq.
1050 4293 1057 4310 .

97 4326 128 4392 r)
153 4323 194 4374 Ct'.
212 4327 268 4374 not.
287 4337 313 4388 q.
333 4321 424 4383 Quid?
451 4324 525 4391 quod
543 4322 624 4374 etiam
642 4320 737 4373 Cicero
755 4321 790 4372 ad
808 4323 981 4390 exceptiones
1000 4321 1080 4372 refert
1098 4315 1278 4370 defensionem

7 4413 116 4468 lrarie:
138 4412 218 4459 extra
236 4421 317 4474 quam
336 4407 359 4459 si
376 4406 405 4459 in
423 4425 499 4460 rcum
516 4408 613 4475 eapitis
630 4406 828 4475 praejudicium
846 4408 893 4460 liat
913 4409 960 4475 (de
978 4407 1072 4458 r'uocrst.
1091 4402 1126 4454 11.
1144 4401 1211 4467 20.)Ι

98 4495 129 4562 s)
153 4493 302 4568 Superesse
319 4492 417 4557 etiam,
438 4494 511 4561 quod
530 4494 649 4560 differat,
675 4495 768 4548 multis
786 4489 951 4560 argumentis
969 4489 1088 4542 stabilire
1106 4494 1218 4540 conatus
1240 4492 1280 4539 ost

1 4584 172 4639 Zimmern
193 4577 210 4628 t.
229 4577 246 4630 t.
264 4579 284 4645 t.
302 4582 345 4632 96.
363 4582 405 4632 97.
560 4577 563 4582 ’

98 4667 126 4737 t)
150 4660 618 4729 cr.s1enter.1.1.p.110-1rs.
1119 4653 1144 4660 ”
1251 4727 1255 4735 .
