3130 5148
224 350 272 417 30
358 367 413 376 ·’
676 365 1023 415 rnoounrunn

220 523 261 590 ia
274 519 426 586 *Turciois
435 518 622 585 disasteriis
632 517 799 602 quaedam
807 499 1481 604 juris—Justirrianei·ruquuineseuventur.

224 630 303 696 vid.
321 627 533 710 Groeueweg
549 629 592 688 ad
606 645 742 710 prooem.
759 627 838 688 last.
860 646 944 690 aum.
965 628 990 688 1.
1006 626 1185 690 Feltmann
1207 626 1253 691 ad·
1264 628 1302 689 12.
1313 627 1343 690 2.
1354 630 1384 710 §.
1395 628 1425 695 3.
1438 632 1482 692 11.

224 741 263 804 de
277 739 312 798 0.
328 737 355 798 J.
371 733 591 818 Pageastech.
609 733 733 796 Sicite'm.
751 733 870 815 Mam'p.
885 733 915 796 2
931 756 962 814 p.
975 734 1046 796 105.
1060 734 1130 820 [1ο.
1144 735 1324 799 Leunclav.
1334 738 1482 817 tapraef.

219 854 328 928 parat.
339 851 381 908 et
391 843 467 906 Ism.
478 840 638 905 Bulliald.
650 841 739 924 apud
750 840 885 924 Meaag.
897 843 1097 904 Amoautatr.
1106 845 1174 924 jar.
1189 847 1244 905 cta.
1259 843 1342 906 026.
1350 841 1482 926 plen]

223 953 348 1018 Leonis
369 955 460 1014 certe
485 946 636 1016 novellas
659 947 827 1031 hodieque
847 949 883 1010 in
907 948 1049 1034 Graecia
1073 969 1140 1012 non
1167 957 1263 1013 extra
1284 969 1375 1032 usum
1395 971 1481 1032 esse,

163 1089 171 1102 ⁴
224 1069 319 1146 patet
333 1081 379 1124 ex
389 1057 508 1122 Christ.
525 1055 652 1138 Angeli
665 1057 703 1118 de
717 1057 887 1118 statueret.
906 1057 1048 1118 Graecae
1057 1079 1090 1140 p.
1098 1057 1169 1120 112.
1183 1067 1214 1120 et
1227 1038 1299 1120 115.
1315 1065 1350 1122 et
1363 1059 1482 1122 obser-

223 1170 316 1233 vavit
330 1167 365 1232 id
380 1163 562 1249 Bynkersh.
582 1163 668 1224 Otos.
682 1165 703 1224 I
704 1163 738 1238 V.
754 1162 784 1223 1.
791 1183 825 1243 p.
838 1161 902 1226 385
916 1167 961 1243 ιι).

801 1317 830 1398 q.
851 1316 912 1378 u„

626 1449 694 1518 Ejus
710 1448 871 1500 incrementa
889 1449 917 1501 in
937 1451 1078 1503 occidente.

306 1570 354 1633 At
372 1569 406 1632 in
420 1565 595 1630 occidente
610 1588 629 1627 a
645 1563 757 1628 seculo
771 1563 855 1627 XII.
872 1567 975 1651 magis
997 1569 1167 1654 magisque
1186 1571 1220 1633 in
1240 1571 1426 1633 academias
1446 1580 1482 1633 et

224 1679 299 1744 fora
316 1680 465 1760 irrepere
483 1674 595 1758 coepit
604 1674 659 1759 jus
676 1672 929 1753 Iustinianeum,
946 1676 1034 1759 cujus
1054 1683 1104 1740 tot
1119 1698 1161 1739 ex
1179 1700 1220 1740 co
1237 1687 1388 1762 tempore
1400 1700 1482 1762 pro·

225 1789 358 1853 dierunt
381 1783 556 1863 editioneS,
574 1780 715 1865 glossae,
739 1781 976 1864 commentarii,
994 1783 1160 1866 paratitla,
1183 1793 1369 1869 systemata,
1389 1807 1482 1849 com·
1555 1855 1556 1868 χ

224 1895 357 1982 pendia,
370 1902 527 1956 uteorum
541 1890 629 1952 mole
643 1896 677 1953 et
693 1888 904 1952 multitudine
917 1889 1113 1954 laboremus.
1130 1892 1354 1978 [Remansisse
1367 1902 1481 1958 tamen
1555 1877 1556 1958 Ῐ

225 2013 260 2068 et
271 2011 370 2066 antea
375 2000 459 2084 jurIs
473 2012 563 2060 usum
577 1997 611 2058 in
622 1997 732 2078 Italia,
744 2019 807 2058 nec
818 1997 978 2062 Irnerium
985 1993 1149 2082 jus'Rom.
1164 2001 1355 2082 restituisse,
1365 2010 1481 2065 osten·
1555 2065 1556 2072 ,

225 2108 328 2176 dimus
352 2131 395 2172 ex
416 2105 508 2170 instit
510 2113 567 2168 uto
599 2106 633 2168 in
656 2105 811 2168 Hr'storss
790 2127 860 2187 pur.
875 2110 930 2167 civ.
956 2105 1022 2168 Lib
1041 2107 1066 2168 I.
1087 2108 1116 2188 ὃ.
1138 2109 1284 2172 CCCCX.
1293 2107 1355 2194 sp]
1383 2111 1481 2189 (Vid.
1555 2091 1556 2104 ¹

224 2219 371 2304 inprimis
387 2213 537 2298 SavigniI
552 2235 635 2296 opus
656 2233 785 2296 saeplus
797 2213 921 2278 laudat
938 2196 1048 2332 tiescb.
1070 2216 1099 2276 d.
1114 2194 1154 2278 R
1169 2217 1239 2278 R.
1223 2239 1265 2279 rm
1284 2219 1556 2320 1111121ιί122.ἶ

227 2331 260 2390 'u
272 2329 302 2389 1.
317 2334 347 2388 et
365 2325 424 2404 ΙΙ.)

797 2453 825 2534 s.
847 2452 898 2518 aa.
972 2437 980 2456 β’

507 2585 509 2594 ’
591 2583 674 2636 Ratio
691 2591 808 2635 aeteram
825 2587 959 2638 tractandi
965 2587 1016 2654 jas
1035 2587 1118 2640 civile.

308 2703 417 2784 Quum
433 2701 635 2766 Iustinianus
646 2701 675 2781 ἓ.
690 2700 720 2764 3.
736 2702 900 2786 prooemii
912 2710 946 2764 et
967 2704 996 2784 §.
1013 2704 1043 2766 2.
1054 2707 1085 2769 J.
1099 2706 1140 2767 de
1159 2705 1238 2770 lust.
1253 2713 1286 2768 et
1298 2705 1375 2790 jure
1389 2707 1481 2772 tituli

172 2825 173 2828 ’
223 2812 385 2878 nonnulla
402 2830 534 2895 quoque
551 2809 593 2874 de
611 2809 783 2873 docendae
799 2809 1044 2896 discendaeque
1052 2813 1335 2898 jurisprudentiae
1345 2815 1479 2879 ratione

223 2927 372 2983 moneatz
392 2918 510 2980 licebit
530 2927 564 2980 et
583 2919 679 2980 nobis
696 2938 736 2980 ea
755 2916 848 2979 dere
867 2930 910 2980 ex'
929 2921 1179 3006 antiquitatibus
1196 2923 1367 2985 disserere.
1387 2923 1480 2988 Juris

223 3028 395 3091 scientiam
411 3026 489 3089 olim
509 3027 542 3088 in
553 3025 673 3088 latenti
691 3023 861 3106 habebant
884 3029 1015 3112 patricii
1030 3033 1074 3111 ¹),
1101 3051 1164 3092 nec
1181 3039 1306 3094 temere
1323 3031 1480 3096 solebant

158 3203 161 3210 ζ
224 3117 433 3222 quemquam,
444 3134 507 3198 nisi
521 3134 570 3198 sui
583 3131 717 3213 ordinis,
731 3131 821 3194 hisce
835 3135 934 3197 sacris
942 3135 1084 3200 initiare.
1098 3138 1215 3200 Cicero
1224 3141 1264 3202 da
1276 3139 1365 3220 Offic.
1373 3142 1418 3202 II.
1426 3141 1480 3204 19.

226 3248 330 3324 Quum
344 3248 445 3307 malta
465 3245 634 3325 praeclara
651 3243 818 3322 majoram,
840 3253 906 3304 tum
923 3247 1007 3326 quod
1024 3250 1135 3328 optatae
1159 3248 1322 3307 constante
1331 3249 1419 3328 jarr's
1436 3253 1480 3310 cr·-

224 3356 292 3415 ur'lr's
307 3365 428 3414 summo
449 3369 570 3431 semper
592 3354 625 3410 in
646 3351 761 3411 bonore
771 3352 841 3428 suit
863 3355 995 3432 cognitio
1013 3363 1107 3433 atque
1127 3357 1361 3434 iuterpretatr'os'
1383 3377 1481 3438 qaam

224 3462 345 3544 quidem
363 3468 437 3518 ante
451 3440 531 3518 banc
548 3456 758 3534 coassist'onem
775 3466 947 3540 temporum
965 3463 996 3520 ia
1023 3476 1244 3524 PossessloNE
1262 3475 1328 3528 SUL
1346 3479 1482 3526 11111201-

224 3583 283 3632 Pus
299 3570 508 3637 retractarunt.
520 3563 621 3626 Naue
632 3572 669 3625 at
678 3565 817 3658 bonores,
829 3576 865 3628 ut
880 3586 984 3652 omnes
1000 3568 1162 3651 dr'gm'tatr‘s
1175 3569 1307 3649 gradus,
1321 3573 1367 3632 er'c
1380 3573 1480 3652 bajus

237 3863 244 3870 ,
292 3836 326 3902 u)
347 3834 418 3886 Cum
442 3831 621 3898 scriptoribus
642 3834 687 3886 hic
709 3834 797 3890 allatis
821 3835 879 3903 jam
897 3835 1073 3903 comparandi
1092 3843 1173 3890 suut:
1191 3837 1291 3890 Bicner
1310 3839 1408 3892 Gesch.
1428 3841 1480 3892 der

223 3925 296 3995 Nor.
314 3937 341 3992 p.
357 3925 446 3972 145-
457 3922 514 3972 157.
534 3917 621 3970 Witte
638 3921 705 3986 iiber
723 3919 767 3972 die
779 3921 911 3974 Novellen
930 3921 978 3973 der
990 3921 1128 3988 byzantia.
1143 3922 1241 3976 Kaisar
1258 3922 1288 3975 in
1305 3923 1331 3974 (1.
1344 3923 1480 3977 zeitschr.

223 4007 243 4058 1.
259 4007 350 4072 gescb.
368 4007 403 4056 R.
417 4004 464 4055 W.
483 4005 515 4059 Τ.
535 4005 611 4058 VIII.
624 4006 673 4058 Νι.
693 4009 719 4058 4.
738 4022 766 4070 ρ.
786 4009 835 4057 153
853 4021 913 4074 sqq.
932 4011 959 4058 et
976 4006 1077 4060 Bieuer
1095 4008 1129 4060 de
1147 4009 1209 4060 eod.
1227 4023 1331 4073 argum.
1348 4007 1414 4062 ibid.
1434 4027 1481 4063 nr.

223 4095 249 4146 7.
267 4108 294 4158 p.
311 4095 371 4144 263.
390 4106 450 4157 sqq.
473 4088 559 4142 Matr.
873 4161 875 4166 ,

294 4176 328 4241 x)
348 4174 421 4226 Hinc
444 4181 498 4240 est,
523 4176 597 4244 quod
619 4174 802 4241 jureconsulti
824 4175 995 4240 adponentur
1016 4177 1152 4246 principer
1177 4178 1303 4234 civitatis:
1321 4181 1416 4248 cujac.
1442 4183 1483 4235 ad

223 4263 358 4326 Pompoa.
379 4260 411 4310 L.
431 4264 457 4312 2.
475 4260 496 4326 ξ.
514 4263 557 4311 35.
577 4259 612 4310 D.
628 4259 659 4310 de
678 4259 710 4310 0.
729 4258 758 4309 J.
773 4277 804 4327 p.
824 4265 901 4314 1188.
919 4263 1076 4332 maximique
1094 4263 1159 4316 virt:
1176 4265 1303 4330 Pompon
1322 4266 1394 4318 (1.1.
1413 4272 1440 4319 2.
1454 4269 1479 4336 ξ.

223 4349 266 4398 35.
294 4343 367 4398 Hinc
385 4343 431 4398 illa
450 4343 538 4398 Mucii
557 4342 727 4409 objurgatio:
750 4344 839 4414 Tarpa
858 4365 912 4398 erre
925 4348 1041 4416 patricio
1059 4356 1086 4398 rt
1103 4345 1195 4409 nobiti,
1214 4358 1240 4400 et
1256 4367 1362 4403 caussas
1379 4357 1480 4417 orante,

102 4425 115 4434 ”
214 4430 272 4500 jas,
291 4430 318 4482 ia
336 4448 386 4498 quo
412 4437 576 4491 versaretur,
598 4434 739 4496 spaorrarr
757 4433 789 4482 L.
810 4436 835 4484 2
853 4433 875 4499 §
893 4436 936 4488 43.
955 4433 1012 4484 rod.
1032 4434 1112 4486 Cous.
1131 4436 1164 4486 G
1184 4436 1326 4488 Schubert.
1349 4437 1382 4488 de
1400 4439 1481 4492 Fatis

222 4513 324 4582 Jurisp
346 4516 425 4568 Rom.
445 4515 495 4568 Ex.
513 4515 537 4566 Ι.
560 4519 598 4568 16
615 4532 644 4582 p.
664 4519 705 4568 28.
725 4515 805 4566 Heia.
