3062 5164
399 375 456 443 lla
479 376 575 444 duna
603 373 746 460 Qurnrr.
771 375 826 444 Fir
849 368 964 446 Crvrr.
1237 383 1310 450 stt

66 559 213 622 curarent,
232 559 265 612 et
280 554 490 633 magistratus
504 561 655 634 gererent
663 557 812 634 panau·
825 553 963 638 Dionys.
981 551 1060 616 Hal.
1075 553 1117 616 II.
1131 553 1161 614 9.
1184 552 1310 638 Ejectis

67 658 199 741 regibus,
214 666 290 741 post
307 657 432 738 multas,
439 658 527 740 lites,
542 680 639 743 quum
656 659 853 744 sacerdotia,
873 669 939 724 tum
958 659 1174 744 magistratus,
1190 662 1308 726 sensim

67 772 239 849 coeperunt
259 785 331 827 cum
356 765 456 850 plebe
475 766 716 830 communicari.
737 767 781 830 Et
799 767 985 831 sacerdotia
1007 767 1141 852 quidem
1162 770 1309 851 patriciis

68 874 176 957 eripuit
195 874 270 936 Lex
288 872 444 956 Ogulnia,
460 873 503 938 de
521 895 586 958 qua
604 873 705 937 firsius
720 875 792 938 Liv.
813 877 853 940 X.
867 875 897 938 6.
911 867 1106 938 Manserunt
1122 882 1233 939 tamen
1250 899 1308 960 pa·

67 981 143 1044 tricii
164 982 199 1043 in
222 981 429 1063 possessione
448 980 577 1066 aliquot
594 982 872 1062 sacerdotiorum,
895 1001 980 1065 quae
1001 1001 1175 1066 numquam
1193 1007 1211 1046 a
1235 983 1310 1068 ple-

68 1089 142 1173 bejis
159 1097 234 1151 sunt
248 1095 353 1172 gesta,
371 1087 474 1152 veluti
492 1088 599 1173 Regis
614 1109 790 1170 sacrorum,
807 1089 992 1152 Flaminum
1011 1090 1181 1174 majorum,
1200 1090 1309 1154 Salio-

68 1217 128 1259 rum
146 1195 383 1276 Palatinorum‚
403 1195 603 1277 Potitorum,
622 1196 843 1278 Pinariorum,
861 1197 1098 1279 Lupercorum,
1117 1197 1308 1280 Curionum,

70 1325 126 1365 non
143 1312 251 1366 autem
268 1302 442 1386 Virginum
459 1303 663 1386 Vestalium,
683 1313 719 1367 ut
734 1305 796 1367 sibi
817 1305 978 1387 persuasit
997 1303 1106 1367 Paull.
1120 1304 1252 1368 Merula
1271 1307 1310 1368 de

70 1413 134 1492 Lag.
150 1412 237 1472 Itom.
253 1412 297 1473 II.
311 1409 362 1471 11.
383 1411 541 1494 Virgines
557 1414 644 1476 enim
664 1412 790 1476 Vestae
811 1411 911 1474 etiam
929 1433 973 1475 ex
989 1411 1143 1496 gentibus
1157 1412 1309 1495 Manilia,
1430 1466 1436 1472 .

71 1517 215 1580 Terentia
222 1563 233 1599 ,
250 1517 388 1600 Goelia,
405 1518 547 1604 plebejis
565 1527 677 1604 captas
701 1539 791 1599 esse,
817 1539 860 1581 ex
879 1518 1094 1582 marmoribus
1115 1519 1203 1602 apud
1223 1517 1309 1582 Gru·

72 1633 162 1687 terum
179 1626 324 1707 Insonpt.
338 1647 373 1708 p.
393 1627 513 1689 OOOX.
533 1649 565 1689 n.
580 1627 610 1688 1.
631 1625 662 1689 2.
676 1629 705 1690 5.
727 1627 881 1689 ocem
900 1647 930 1688 a.
948 1626 978 1689 3.
997 1634 1100 1710 patet.
1127 1625 1216 1703 Quin
1240 1627 1308 1690 Dio

75 1731 148 1794 Cass.
164 1733 230 1794 Ia'l.
246 1734 316 1795 LV.
330 1733 381 1796 22
405 1734 527 1816 refert,
548 1735 677 1797 demum
698 1735 732 1796 in
753 1733 876 1797 Vestae
896 1733 1013 1798 atrium
1036 1733 1192 1797 admissas
1208 1737 1260 1798 utri
1279 1738 1311 1812 ἐξ

77 1839 277 1922 ἀπελευθέρων
290 1847 498 1924 γεγενημένας,
514 1864 555 1904 er
569 1844 719 1905 uberante
730 1843 917 1923 parentebus
933 1850 1037 1903 notos.
1063 1839 1104 1904 Id
1123 1841 1213 1925 quod
1229 1842 1308 1925 lege

76 1947 197 2030 quadam
214 1947 321 2032 Papia
339 1949 504 2012 invectum
523 1969 612 2028 esse,
631 1969 674 2012 ex
690 1947 795 2012 Gellii
811 1949 917 2010 Noott.
931 1950 999 2009 Att.
1018 1951 1046 2008 1.
1067 1945 1117 2010 12.
1138 1949 1308 2013 docuimus

75 2055 103 2116 in
122 2057 279 2118 Commeat.
295 2058 339 2118 cd
354 2058 432 2140 leg.
449 2059 511 2120 Iul.
529 2066 562 2118 et
576 2058 657 2137 Pop.
673 2058 771 2138 Popp.
786 2056 854 2119 Lib.
871 2059 900 2118 1.
916 2076 940 2116 c.
959 2054 988 2116 l.
1000 2075 1032 2135 p.
1050 2052 1080 2116 2.
1097 2077 1141 2139 sq.
1171 2055 1308 2143 Reliqui

75 2162 158 2224 etiam
179 2163 366 2228 sacerdotes
388 2165 507 2248 partim
524 2163 728 2245 epatriciis,
751 2164 905 2246 partime
926 2160 1070 2244 plebejis
1091 2165 1195 2228 creati
1218 2175 1308 2228 sunta

75 2269 133 2332 cic.
142 2291 199 2351 pro
213 2271 303 2332 domo
316 2291 342 2331 c.
362 2271 412 2332 14.
436 2271 481 2334 Et
498 2270 612 2354 primis
634 2269 768 2353 quidem
790 2269 994 2352 temporibus
1011 2268 1088 2330 Rex
1111 2271 1309 2334 sacrificulus

73 2378 262 2459 centuriatis,
284 2376 451 2442 Flamines
470 2376 602 2442 curiatis
625 2377 742 2451 creati3
769 2375 890 2462 reliqui
913 2375 1102 2438 sacerdotes
1126 2397 1147 2438 a
1169 2375 1309 2462 collegis

74 2486 216 2568 cooptati:
237 2484 310 2548 Liv.
330 2486 398 2550 XL.
417 2486 468 2548 42.
496 2487 621 2550 Postea
641 2484 679 2547 G.
696 2484 844 2547 Licinius
861 2484 993 2548 Crassus
1011 2484 1177 2546 Tribunus
1200 2484 1308 2568 plebis

74 2590 166 2673 legem
181 2592 275 2672 tulit,
292 2615 357 2676 qua
371 2595 542 2677 cooptatio
559 2592 775 2677 collegiorum
799 2591 841 2656 ad
857 2592 974 2676 populi
989 2591 1185 2656 beneficium
1203 2602 1309 2656 trans·

76 2698 174 2780 laturo,
192 2719 289 2784 quarn
317 2709 427 2764 tamen
452 2700 602 2764 dissuasit
624 2700 772 2763 Laelius:
801 2699 870 2762 cic.
885 2700 974 2762 Loel.
992 2722 1018 2762 c.
1035 2700 1086 2762 25.
1115 2700 1197 2764 Post
1221 2701 1308 2764 hunc

80 2807 158 2868 etiam
176 2807 234 2870 Cn.
250 2807 417 2872 Domitius
431 2808 675 2872 Ahenobarbus
692 2807 857 2870 Tribunus
871 2806 978 2890 plebis
993 2807 1035 2870 A.
1050 2807 1092 2870 U.
1110 2809 1146 2872 C.
1163 2827 1239 2872 nor..
1252 2810 1309 2894 jus

78 2915 336 2999 subrogandorum
361 2915 570 2980 sacerdotum
593 2937 613 2977 a
634 2914 787 2998 collegiis
810 2912 852 2978 ad
874 2913 1031 2997 populum
1055 2916 1237 2999 transtulit,
1262 2917 1310 2982 ita

80 3022 206 3103 quidem,
222 3032 260 3086 ut
276 3024 333 3107 qui
353 3047 372 3086 a
391 3025 542 3088 tribubus
564 3007 650 3086 esset
671 3022 814 3102 electus,
830 3022 856 3084 is
877 3044 896 3084 a
915 3019 1062 3104 collegio
1083 3031 1309 3106 cooptaretur,

81 3129 120 3190 uti
135 3131 245 3212 docent
260 3132 397 3196 Sueton.
416 3133 535 3194 Neron.
552 3153 577 3193 c.
597 3132 627 3194 2
644 3130 763 3194 Cicero
780 3133 901 3211 Agrar.
918 3130 960 3190 II.
978 3129 1008 3190 7.
1038 3128 1200 3213 Collegiis
1220 3132 1309 3194 arbi·-

79 3238 155 3300 trium
178 3239 357 3323 cooptandi
387 3239 496 3302 denuo
516 3240 661 3303 restituit
688 3239 726 3300 L.
750 3236 858 3301 Sulla:
884 3237 1006 3300 Ascon.
1026 3235 1166 3300 Pedian.
1194 3241 1226 3296 r’n
1248 3238 1309 3298 Cic.

79 3344 163 3406 Dura.
177 3368 209 3427 p.
226 3346 277 3408 19.
298 3357 378 3428 etp.
397 3346 469 3410 209.
489 3357 522 3412 at
539 3347 582 3410 A.
600 3347 642 3410 U.
661 3346 698 3410 C.
715 3361 906 3408 ncnxxxlx.
925 3344 1035 3428 legem
1053 3342 1235 3407 Domitiam
1254 3363 1310 3406 rc-

79 3448 155 3514 duxit
170 3453 209 3516 T.
225 3454 325 3516 Atius
342 3455 525 3518 Labienus:
544 3454 612 3518 Dio
633 3453 805 3514 XXXVII.
824 3451 875 3514 37.
896 3452 1044 3516 camdem
1069 3452 1244 3536 abrogavit
1262 3451 1309 3516 M.

79 3556 222 3625 Antonius
235 3569 322 3625 teste
337 3563 449 3626 Dione
463 3563 577 3626 Cassio
591 3561 709 3624 XLIV.
721 3558 932 3624 camesensis
945 3561 1018 3624 vice
1034 3560 1177 3623 restituit
1188 3560 1308 3640 Pansa,

79 3674 202 3752 utputa
219 3689 262 3732 ex
278 3669 348 3734 Cic.
364 3672 465 3754 Ilptst.
481 3671 525 3732 od
541 3671 634 3732 Brut.
649 3669 680 3730 5.
698 3666 798 3730 Adde
814 3668 942 3732 Manut.
958 3667 1189 3752 denegasse.
1204 3667 1252 3747 ¹¹).

632 3821 660 3902 s.
682 3819 733 3881 or.

554 3935 590 3988 Et
607 3937 814 4003 magistratuum.

146 4038 235 4101 idem
250 4059 358 4121 paene
374 4038 416 4101 de
431 4035 672 4120 magistratibus
688 4035 938 4099 observandum.
960 4001 1082 4099 Omnes
1096 4034 1192 4097 initio
1208 4053 1312 4117 penes

81 4145 215 4222 patricios
235 4155 329 4208 crant
344 4167 387 4207 ex
407 4143 556 4210 instituto
570 4143 721 4206 Romuli:
737 4143 874 4227 Dionys.
891 4144 969 4206 Hal.
982 4145 1025 4204 II.
1039 4143 1069 4205 8.
1083 4141 1207 4225 Ejectis
1222 4142 1310 4224 regi-

82 4247 239 4331 bus,idem
260 4252 463 4336 aliquamdiu
485 4252 618 4336 placuit.
640 4251 688 4314 At
704 4251 817 4335 paullo
840 4260 913 4336 post
929 4250 1097 4314 Tribunos
1118 4269 1156 4310 ac
1171 4246 1312 4310 Aediles

84 4535 99 4586 x
139 4456 167 4523 b)
186 4460 226 4511 De
242 4458 416 4524 coaptatione
439 4457 623 4512 sacerdotum:
644 4457 774 4510 nokerus
792 4457 829 4508 ad
845 4456 902 4508 Lio.
927 4455 1074 4506 XXXIX.
1092 4471 1115 4506 c.
1132 4457 1176 4506 45.
1193 4454 1214 4520 ἕ.
1233 4458 1259 4508 8.
1281 4455 1315 4506 T.

97 4537 111 4587 ³·
127 4555 149 4604 Ρ·
164 4547 219 4598 401.
236 4539 323 4598 Hdulr.
