3040 5164
204 351 212 418 ζ
312 397 366 464 Du
390 399 493 464 Snnv.
521 399 628 464 Rusr.
655 398 780 483 Arous
804 398 892 468 Una.
918 400 1049 468 l'nuun·
1236 405 1307 472 367

60 582 164 655 stans,
189 572 244 636 ubi
269 577 351 655 tigna·
370 575 576 656 adpellotsbns
598 595 687 638 ornas
707 595 812 657 genus
832 577 996 647 materiae,
1021 593 1060 636 ss
1081 595 1144 656 qua
1165 577 1309 654 accidieris

59 689 211 752 constant,
226 681 444 763 significatur:
459 682 497 743 L.
508 681 559 745 62.
571 685 613 744 D.
625 684 664 744 ds
680 682 714 744 V.
731 682 764 744 S.
786 681 886 759 Quod
903 690 939 746 ut
958 682 1165 767 intelligatur
1176 686 1308 768 rectius,

59 788 300 852 observandum
316 789 396 870 erit,
412 798 542 853 veteres
559 788 729 853 Romanos
745 789 971 854 incendiorum
988 797 1077 854 metu
1099 791 1200 854 aedes
1216 794 1310 858 aedi-

59 898 119 960 bus
141 898 189 960 ite
209 898 333 961 vicinas
355 917 425 960 esse
436 897 589 981 jussisse,
613 906 648 962 ut
669 896 810 981 spatium
833 897 999 982 quoddam
1021 898 1074 962 vel
1096 899 1307 966 interstitium
1404 901 1411 912 '

59 1006 313 1089 relinqueretur,
326 1005 415 1088 quod
431 1007 564 1068 ambitus
580 1005 701 1068 dicitur
715 1004 748 1066 in
761 1004 891 1089 legibus
902 1005 978 1068 XII
988 1006 1170 1070 tabularum
1179 1008 1308 1072 aVarro

60 1116 97 1175 de
110 1113 241 1196 Lingua
257 1113 329 1176 Lot.
343 1114 366 1172 Ι
366 1114 401 1174 V.
419 1111 448 1174 4.
468 1133 499 1193 p.
516 1112 547 1174 6.
573 1115 749 1184 Asamus,
769 1117 839 1186 tter,
853 1114 936 1195 quod
951 1116 1170 1176 circumeundo
1185 1121 1309 1179 teritur.

60 1222 143 1282 Nom
165 1223 298 1293 ambitus
320 1223 485 1291 circuituss
505 1220 543 1280 ad
565 1239 661 1300 eoque
676 1219 748 1280 XII
757 1220 936 1282 tubulorum
955 1223 1141 1302 s'ntsrpretes
1162 1223 1309 1286 mursam

57 1331 187 1409 portetis
202 1331 396 1390 cs'rcums'tum
412 1347 481 1389 ssss
500 1327 688 1389 deserebant.
709 1325 827 1389 Festus
850 1327 909 1390 sub
926 1349 1008 1392 voce
1029 1315 1178 1392 ambitus:
1194 1333 1308 1391 Auar-

63 1454 122 1496 ros
139 1437 271 1517 propris
291 1435 406 1496 ds‘cs'tur
428 1438 511 1496 inter
533 1436 703 1494 cimbrorum
724 1435 972 1512 cadafalcum
995 1437 1130 1498 duorum
1147 1438 1264 1517 pediam
1278 1443 1310 1498 st

62 1543 231 1623 ssmr‘psodes,
254 1542 298 1604 od
314 1541 530 1604 circumeunda·
540 1541 732 1617 facultatem
750 1545 887 1604 relectus.
908 1543 953 1606 Et
977 1543 1089 1626 paucis
1111 1543 1308 1626 interjectis:

66 1652 221 1711 Aturrus
236 1652 363 1730 propris
375 1649 487 1710 ds'oitur
502 1648 683 1710 cs'rcums‘tus
700 1649 921 1728 oedfiosbrum,
936 1659 1051 1731 potens
1068 1655 1101 1712 in
1115 1653 1310 1714 latiturum

66 1758 149 1836 podes
166 1758 248 1818 duos
264 1758 524 1829 occurissem
541 1755 769 1836 longitudinem
781 1757 870 1825 adem,
885 1759 967 1837 quod
983 1759 1179 1835 oedsssbs'um:
1198 1757 1309 1843 Cujac.

75 1864 136 1924 Ols.
154 1863 245 1924 XIX.
262 1863 312 1928 21.
329 1867 371 1941 ο).
392 1864 438 1926 Et
462 1863 524 1924 huc
545 1861 691 1945 pertinet
711 1862 888 1946 Inscriptio
916 1873 1009 1928 vetus
1030 1864 1183 1930 Romana
1203 1866 1311 1929 Sado-

65 1970 118 2032 leti
132 1970 235 2034 hortis
252 1969 387 2034 effossas

516 2069 620 2118 rurus
641 2069 738 2142 DUOS.

559 2176 731 2226 eumerus.

517 2284 675 2331 suerrus·
698 2285 829 2332 salvar.

558 2393 667 2438 ruavr.
690 2391 810 2440 samur.

65 2483 206 2546 Brisson.
225 2488 352 2566 Antiqu.
369 2483 480 2546 Seleot.
502 2484 573 2546 1.2.
600 2482 677 2546 Non
698 2504 779 2568 ergo
802 2483 927 2548 licebat
949 2485 1093 2570 antiquis
1115 2486 1215 2550 aedes
1229 2489 1310 2572 juu-

65 2614 140 2676 gere
161 2593 230 2656 sine
247 2589 442 2665 interstitio;
460 2612 569 2676 neque
589 2590 675 2654 adeo
695 2601 772 2656 tunc
793 2591 892 2656 facile
906 2592 1015 2656 lotum
1033 2593 1226 2660 inveniebat
1242 2618 1308 2660 ser-

67 2701 142 2763 uitus
167 2700 253 2785 tigni
279 2696 487 2762 immittendi.
516 2699 640 2762 Postea
662 2720 742 2762 vero
767 2709 864 2764 aucto
888 2701 1007 2764 civium
1029 2723 1183 2782 numero,
1212 2725 1310 2788 quum

71 2809 230 2888 pomoeria
256 2807 392 2890 antiqua
409 2813 532 2869 tantam
551 2803 680 2888 aedium
706 2807 834 2891 copiam
859 2808 913 2872 vix
934 2819 1105 2892 caperent:
1124 2833 1190 2875 non
1206 2812 1309 2874 solum

68 2914 128 2997 ipsa
150 2915 325 3000 pomoeria
342 2914 480 2980 subinde
502 2913 643 2997 prolata,
661 2936 772 2979 verum
797 2915 896 2978 etiarn
917 2937 1030 2980 omnes
1052 2938 1150 2982 areae
1173 2920 1311 2983 aedibus

68 3034 241 3108 occupatae
266 3032 358 3104 sunt,
378 3022 463 3086 adeo
488 3031 523 3084 ut
542 3021 672 3086 nonnisi
692 3021 780 3086 inter
799 3021 953 3106 quasdam
979 3023 1190 3089 interstitium
1209 3026 1311 3090 relin-

72 3140 225 3212 queretur.
249 3130 486 3216 Quaecumque
505 3149 585 3192 vero
602 3130 754 3194 aedificia
769 3129 932 3194 communi
946 3131 1076 3213 pariete
1091 3154 1158 3194 non
1177 3135 1311 3198 conclu-

69 3238 233 3322 debantur,
252 3238 455 3321 circuituque
471 3237 607 3321 publico
623 3248 679 3302 aut
697 3239 828 3322 privato
846 3239 1073 3322 cingebantur,
1091 3260 1131 3302 ea
1153 3238 1310 3306 diceban-

67 3353 111 3408 tur
127 3364 289 3412 ntsuunrr:
306 3347 422 3410 Festus
443 3348 500 3409 sub
518 3365 601 3408 voce
622 3347 765 3410 Insulae:
780 3346 818 3408 L.
832 3346 863 3408 2.
879 3347 907 3428 §.
926 3345 976 3408 14.
993 3348 1033 3408 Ι).
1048 3346 1101 3408 Ne
1113 3349 1189 3428 quid
1199 3353 1232 3410 s'n
1246 3350 1311 3410 Ioco

62 3458 139 3533 publ.
155 3457 200 3536 ιι).
224 3456 269 3518 Iis
286 3455 399 3517 insulis
421 3454 476 3517 vel
492 3453 601 3536 potius
621 3451 791 3536 inquilinis
810 3453 939 3516 aedium
957 3475 1022 3518 una
1036 3454 1143 3518 insula
1162 3475 1311 3540 compre-

66 3561 231 3626 hensarum
250 3585 317 3624 non
333 3562 431 3625 modo
448 3559 629 3645 singulares
646 3568 739 3621 erant
750 3577 857 3624 eunus
873 3560 1023 3626 Reinesii
1037 3563 1194 3644 Inscripta
1212 3565 1310 3626 Closs.
1385 3629 1394 3640 ,
1429 3581 1434 3590 ’

67 3670 87 3728 l.
96 3694 126 3752 p.
142 3669 216 3733 169.
232 3691 263 3731 a.
285 3669 498 3730 CXXXVIII.
515 3667 573 3730 sed
589 3674 623 3729 et
643 3666 866 3729 custodiendis
882 3668 998 3731 iisdem
1016 3671 1196 3754 praepositi
1217 3681 1310 3734 erant

67 3780 155 3862 servi,
172 3799 255 3862 quos
269 3792 472 3840 rusuuAmos
489 3775 555 3837 dici
572 3774 862 3838 animadvertimus
875 3776 907 3838 in
921 3776 957 3836 Ι..
975 3775 1046 3837 166.
1061 3799 1114 3858 pr.
1129 3779 1170 3837 Ι).
1180 3779 1218 3840 ds
1231 3779 1265 3839 V.
1277 3779 1310 3841 S.

124 3979 153 4045 c)
174 3977 219 4029 De
246 3975 350 4028 ambitu
376 3972 483 4025 aedium
505 3969 620 4023 disserui
652 3969 681 4022 in
706 3971 930 4024 Esercitotiouum
962 3971 1188 4031 Vitruvioaorum,
1220 3973 1311 4041 quibus

59 4059 119 4125 jura
131 4065 266 4132 portatum
285 4058 459 4112 communium
477 4056 655 4116 illustrantur,
676 4055 722 4123 »Sp
742 4055 783 4109 ΙΙ.
801 4062 827 4107 et
842 4055 900 4110 ΙΙΙ.
919 4057 997 4123 Lips.
1017 4060 1092 4108 1821.
1110 4061 1135 4107 4.
1157 4054 1199 4121 (in
1215 4072 1309 4122 opusc.

65 4144 96 4195 Il.
109 4163 134 4212 p.
152 4151 213 4200 412
231 4146 320 4226 sqq).
339 4141 427 4196 Haut.

124 4233 158 4296 d)
178 4232 274 4284 Insula
292 4226 401 4295 proprie
419 4225 559 4278 dicebatur
577 4225 683 4288 domus,
702 4225 736 4277 ab
754 4224 815 4276 aliis
834 4231 967 4291 separata,
986 4242 1035 4277 nec
1051 4225 1196 4292 conjuncta
1213 4222 1310 4277 vicinis

65 4315 206 4376 praecibus
224 4314 369 4382 (Brissou.
388 4313 422 4364 de
447 4311 475 4364 V.
495 4309 523 4363 S.
542 4311 568 4361 h.
583 4326 608 4362 v.
626 4310 646 4376 ἕ.
662 4310 720 4376 2.),
739 4325 801 4362 seu:
820 4310 987 4375 aedilicium,
1011 4310 1154 4364 circuitum
1173 4308 1316 4375 publicum

64 4399 227 4461 privatumve
246 4399 349 4452 habens
364 4396 500 4464 (Dirkseu
516 4395 639 4448 manuale
653 4396 677 4446 h.
690 4411 715 4444 v.
728 4395 749 4460 ξ.
758 4395 810 4461 2.);
825 4411 947 4462 quocum
959 4398 1041 4450 etiam
1059 4393 1192 4448 consentit
1205 4394 1310 4454 Festus,

65 4484 136 4548 cujus
156 4485 237 4536 verba
255 4484 345 4536 minus
364 4486 487 4534 accurato
499 4480 544 4532 hio
562 4480 653 4532 retulit
665 4480 777 4532 Auctor.
796 4480 841 4534 Sic
860 4480 930 4533 cnim
950 4488 1061 4534 sonant:
1081 4481 1211 4544 „Insulae
1223 4479 1311 4532 dictae

66 4569 180 4634 proprie,
201 4585 270 4638 quae
289 4583 342 4620 non
366 4568 518 4634 junguntur
544 4563 733 4615 communibus
760 4565 906 4628 parictibus
926 4583 987 4618 aarum
1011 4565 1119 4627 violaris,
1144 4563 1311 4630 circuitoque
