3062 5164
203 375 276 442 ale
565 367 748 434 mmm
771 366 848 433 ln
874 366 901 432 l.
924 364 1013 434 Car.
1037 365 1100 432 w.

208 544 382 628 omnisque
396 542 431 606 in
444 541 632 605 universnm
647 543 841 627 provinciae
857 542 986 606 curatio
1001 561 1106 626 penes
1121 537 1300 606 Praedder
1313 545 1402 616 erat,
1421 536 1473 596 nti

208 651 342 738 prolixe
358 651 461 715 dooet
476 649 593 734 Sigon.
607 651 652 711 11.
663 653 695 711 5.
708 660 744 714 et
756 651 789 714 a
804 673 837 734 p.
850 651 925 716 W.
938 671 984 733 eq.

294 1021 436 1084 Praeter
456 1017 649 1083 Praesidem
676 1021 711 1082 in
735 1043 933 1106 unaquaque
962 1019 1135 1106 provincia
1160 1018 1260 1080 etiam
1286 1033 1473 1091 uramur

213 1135 300 1209 erat,
317 1127 402 1190 alter
417 1127 634 1212 magistratus,
654 1127 712 1212 qui
726 1137 925 1212 potestatem
940 1151 1007 1192 non
1028 1151 1048 1190 a
1061 1125 1237 1206 Praeside,
1253 1124 1313 1187 sed
1334 1127 1377 1187 ab
1397 1125 1471 1207 ipso

213 1236 339 1318 populo
358 1235 509 1319 accipere
526 1233 667 1298 solebat.
687 1236 788 1299 Unde
807 1245 842 1299 et
856 1237 927 1322 ipse
941 1235 1112 1299 lictoribus
1127 1256 1166 1296 ac
1180 1233 1296 1295 scribis
1313 1253 1390 1294 usus
1405 1243 1470 1292 est:

215 1341 284 1405 Cic.
293 1365 356 1426 pro
373 1344 485 1405 Plano.
500 1366 526 1404 c.
543 1343 595 1405 41.
618 1345 715 1408 Lecti
732 1345 820 1408 enim
840 1368 861 1407 a
878 1343 1005 1430 populo
1022 1343 1226 1420 Quaestores
1244 1340 1472 1404 sortiebantur

214 1450 416 1534 provincias,
436 1473 616 1536 eorumque
636 1451 703 1516 duo
717 1453 868 1532 urbanas,
887 1451 1009 1535 reliqui
1027 1449 1250 1537 provinciales
1265 1449 1467 1528 Quaesturas

214 1557 427 1621 obtinebant:
449 1559 569 1623 Cicero
589 1561 678 1622 Vm.
699 1563 722 1622 1.
741 1561 791 1623 13.
813 1561 911 1643 Epor.
927 1561 972 1622 od
993 1560 1029 1637 Q.
1048 1560 1159 1619 Fratr.
1177 1557 1249 1619 1.1.
1277 1558 1418 1619 Mortuo
1436 1558 1467 1617 in

214 1667 387 1749 provincia
408 1665 614 1749 Quaestore,
633 1667 692 1732 alii
713 1669 845 1732 interim
861 1668 928 1730 hoc
944 1688 1060 1730 munus
1079 1664 1302 1728 demandabat
1320 1665 1463 1742 Pmcses,

215 1775 272 1857 qni
291 1779 508 1856 Proquaertor
530 1775 778 1862 adpellabatur:
796 1777 865 1840 cic.
889 1777 1012 1838 Verrio.
1029 1777 1055 1836 1.
1070 1776 1101 1835 4.
1125 1772 1347 1836 Instituerunt
1361 1785 1467 1836 autern

214 1890 347 1946 veteres
364 1881 529 1963 Romani,
554 1891 591 1947 ut
606 1883 695 1947 inter
716 1884 912 1949 Praesident
932 1893 967 1947 et
986 1883 1206 1960 Quaestorem
1226 1882 1346 1944 eadem
1365 1881 1465 1943 inter-

216 1988 353 2053 cederet
366 1989 587 2074 necessitudo,
602 2013 688 2076 quae
708 1994 795 2056 inter
813 2001 985 2080 parentem
1003 2001 1039 2056 et
1055 1992 1174 2055 filium:
1192 1989 1261 2053 Cic.
1281 1991 1414 2052 Dioiout.
1433 1993 1466 2049 tn

221 2095 312 2159 Vm.
327 2119 353 2159 c.
367 2097 417 2161 19.
428 2120 491 2182 pro
506 2099 638 2162 Plana'o
651 2123 677 2162 c.
691 2099 743 2164 IL

782 2235 812 2315 5.
835 2233 907 2298 113.

720 2349 822 2402 Eorum
839 2351 966 2419 officim

301 2447 477 2514 Caeterum
494 2450 529 2512 bi
545 2451 747 2528 Quaestores
763 2450 923 2516 curabant
934 2449 1107 2536 pecuniam
1121 2448 1300 2532 publicam,
1314 2471 1405 2534 quae
1420 2457 1468 2510 aut

219 2578 263 2619 ex
281 2559 410 2620 aerario
430 2557 620 2641 depromta,
643 2559 678 2622 in
699 2581 774 2623 usus
789 2559 983 2644 provinciae
1003 2557 1243 2644 expendenda,
1264 2568 1323 2620 aut
1343 2557 1379 2620 in
1398 2579 1468 2640 pro-

217 2664 329 2728 vincia
347 2673 590 2747 exacta,·esoet
608 2667 641 2731 in
668 2667 828 2730 aerarium
853 2667 1039 2730 referenda.
1060 2666 1125 2730 Illa
1148 2665 1289 2750 pecunia
1308 2668 1467 2732 attributo

217 2773 302 2836 baec
319 2775 480 2856 vectigalis
496 2772 678 2840 dicebatur.
701 2777 885 2860 Utramque
900 2775 935 2838 in
952 2774 1083 2838 tabulas
1095 2774 1288 2838 referebant
1305 2774 1469 2852 Quaesto-

218 2901 283 2962 res,
301 2889 336 2943 et
356 2880 479 2945 deinde
496 2882 555 2946 ubi
573 2884 752 2968 provinciis
773 2883 988 2959 decederent,
1008 2884 1154 2947 rationes
1170 2884 1301 2967 accepti
1316 2881 1469 2968 expensi-

220 3010 286 3074 que
298 2989 495 3072 reddebant,
511 3001 545 3055 et
563 2991 695 3056 residua
713 2991 904 3078 inferebant
924 2992 1063 3056 aerario.
1085 2992 1342 3076 Nonnumquam
1361 2991 1468 3068 Quae·

220 3097 362 3162 storibus
376 3099 552 3163 Praesides
568 3103 668 3164 etiam
684 3108 812 3183 partem
820 3099 1062 3184 jurisdictionis
1078 3100 1274 3184 imperiique
1292 3100 1470 3162 demanda-

220 3205 318 3289 bant,
341 3208 432 3292 cujus
450 3208 501 3270 rei
524 3207 711 3292 exemplum
729 3216 780 3272 est
797 3208 885 3295 apud
904 3208 1078 3272 Caesarem
1097 3209 1135 3270 de
1158 3210 1247 3274 Bello
1267 3209 1352 3268 Gau.
1377 3205 1465 3268 Vno

222 3315 351 3388 Caesar,
369 3319 498 3397 partini
519 3320 612 3398 arpos
628 3337 700 3378 oum
720 3318 755 3380 G.
776 3319 872 3380 Fabio
896 3319 1019 3400 Legcto
1038 3325 1069 3378 et
1089 3316 1135 3376 M.
1154 3315 1268 3376 &occo
1291 3315 1466 3392 Quaeram,

221 3423 324 3485 tosta
338 3424 417 3486 adatt
430 3428 597 3507 tripartito.
619 3423 708 3487 Add.
724 3424 844 3490 Cicero
865 3427 988 3490 Verre.
1004 3422 1096 3490 1.13.

784 3580 812 3660 §.
834 3577 907 3641 114.

521 3694 641 3756 Muta,
660 3713 727 3765 quae
745 3693 918 3764 exigebantur
934 3712 952 3746 a
964 3691 1181 3763 provincrirlibus.

306 3795 403 3859 Haec
419 3797 461 3860 de
478 3797 720 3881 magistratibus
734 3797 992 3882 provinciarum:
1007 3795 1192 3880 proximum
1208 3802 1276 3874 est,
1292 3800 1329 3855 ut
1345 3791 1389 3855 de
1409 3801 1471 3855 ter-

224 3903 284 3986 tio,
303 3905 393 3989 quod
415 3923 585 3969 commune
601 3905 787 3970 babuerunt
802 3903 1007 3991 provinciae,
1029 3923 1174 3987 agamus,
1190 3900 1232 3964 de
1248 3901 1382 3964 tributis
1398 3909 1472 3984 puta

189 4045 191 4052 >
225 4019 261 4074 et
275 4011 511 4097 vectigalibuS,
529 4013 645 4098 quibus
662 3998 758 4100 qnam
775 4014 916 4077 maxime
932 4011 1125 4098 provinciae
1141 4008 1387 4096 premebantur.
1407 4009 1471 4072 Ro

225 4217 491 4284 animadverteretur,
509 4228 580 4274 recto
597 4222 664 4276 dicit
674 4228 778 4275 auctor.
796 4223 893 4273 Potest
910 4226 999 4272 tamen
1018 4221 1133 4272 Praeses
1150 4218 1179 4271 in
1196 4219 1301 4269 honore
1314 4216 1422 4282 positos
1433 4216 1472 4266 dc·

226 4309 343 4371 portare,
361 4305 444 4360 modo
461 4309 587 4361 consulto
610 4309 739 4376 Pr'mcipe
764 4309 794 4361 id
811 4309 874 4360 fiat:
897 4307 931 4358 L.
950 4309 991 4358 16.
1011 4305 1047 4356 D.
1065 4306 1102 4356 ad
1118 4306 1151 4356 Ι.
1172 4303 1252 4356 Gm.
1270 4303 1304 4353 da
1323 4302 1378 4355 Sic.
1396 4304 1437 4354 vel
1453 4298 1472 4350 ri

226 4393 358 4442 tumultur
377 4390 454 4444 aliter
471 4393 563 4446 sedari
578 4399 703 4463 nequeat,
717 4392 870 4459 injungitur
886 4395 914 4442 et
930 4389 1064 4454 Praxioi,
1083 4389 1107 4442 ri
1120 4386 1316 4455 deportationis
1334 4403 1424 4454 poena
1438 4386 1471 4438 in·

226 4472 493 4541 circumvidetur,
511 4476 539 4532 in
556 4480 590 4532 1..
606 4485 632 4532 4.
653 4479 682 4532 0.
700 4479 732 4530 dr
749 4479 841 4529 heae.
859 4489 921 4527 reor
939 4475 974 4527 ad
992 4477 1148 4528 Praefectos
1167 4471 1311 4526 Praetorio
1335 4473 1471 4526 remittere.

224 4557 305 4616 Addo
322 4561 400 4630 122.
422 4559 451 4614 0.
471 4561 503 4614 do
525 4561 606 4632 Offie.
626 4563 703 4618 Rert.
721 4563 849 4618 Prasino.
870 4560 953 4614 Coun.
