3056 5154
255 365 315 434 Ile
341 367 513 438 Oamcar.
541 370 646 452 Quas
667 367 724 438 Ex
749 362 906 451 Decimo
933 381 1001 442 etc.
1030 365 1035 372 ’
1186 377 1255 448 611

63 563 100 626 1,
132 543 314 627 quamvis
335 543 395 607 ille
411 543 465 607 fur
488 544 574 608 haud
591 553 696 627 esset,
717 545 896 610 dummodo
912 545 983 629 ipse
1003 567 1069 610 non
1084 549 1257 632 ignorarit,

65 673 134 714 sse
166 650 361 731 furtivam:
386 650 463 736 Gaji
478 654 562 715 Inst.
582 654 625 713 ΙΙ.
645 653 696 714 10.
711 653 740 715 2.
764 653 861 716 Pauli
885 654 1039 716 Sementt.
1057 656 1195 737 Recepit.
1214 658 1257 718 ΙΙ.

74 759 112 839 ς.
139 759 178 819 5.
201 760 292 820 [nst.
313 760 343 819 h.
360 767 382 820 t.
404 759 486 822 Erat
508 779 588 822 vero
611 759 695 824 haec
719 759 824 824 oblati
845 763 934 823 actio
957 761 990 823 in
1015 760 1167 843 triplum,
1192 783 1258 826 non

63 873 173 929 itata
197 865 261 927 rei
284 865 427 928 furtivae
447 868 695 948 aestimatione,
719 877 754 931 ut
777 868 901 931 docent
923 867 1053 932 Gellius
1067 869 1172 952 Itoctt.
1194 871 1264 942 Ara,

63 973 88 1034 3.
109 981 153 1034 et
173 970 315 1035 Paulus
329 976 481 1039 Sententt.
497 975 638 1055 Recepti.
652 977 695 1036 11.
710 975 761 1037 31.
777 975 827 1037 14.

580 1143 682 1228 se·
749 1107 754 1115 ’

346 1259 460 1312 abraam
473 1259 637 1328 prohibitum
655 1270 681 1313 et
694 1278 747 1313 non
765 1259 914 1314 exhibeam.

63 1375 162 1438 Furti
187 1393 374 1440 rnoumim
401 1385 435 1439 et
462 1394 533 1441 non
551 1395 706 1442 exuram
731 1377 879 1442 actiones
898 1403 965 1442 non
991 1402 1009 1443 e
1032 1379 1163 1466 legibus
1184 1381 1257 1446 XII

63 1483 218 1562 riarum,
238 1465 301 1545 sed
315 1504 358 1544 ex
375 1482 486 1546 edicto
502 1484 670 1548 Praetoris
686 1486 993 1569 proficiscebantur:
1010 1489 1038 1570 §.
1053 1489 1083 1550 4.
1098 1490 1175 1550 last.
1192 1491 1220 1550 b.
1237 1499 1257 1552 t.

63 1611 170 1674 mque
189 1588 299 1674 plane
320 1613 387 1654 non
404 1593 583 1655 meminere
607 1591 709 1678 Gajus
725 1599 756 1674 Ρ)
785 1603 819 1657 et
834 1594 973 1676 Paulus,
989 1595 1151 1680 siquidem
1169 1605 1257 1659 uter-

63 1707 220 1782 quatuor
235 1703 268 1776 ⁴1)
285 1705 410 1761 tantum
427 1699 586 1763 furtorum
603 1720 727 1784 genera
741 1709 903 1764 recenset.
924 1703 1023 1764 Prior
1035 1703 1123 1766 actio
1139 1701 1259 1766 adver-

63 1827 130 1866 sum
154 1803 315 1887 dabatur,
334 1807 388 1891 qui
406 1806 526 1870 furtum
545 1827 716 1891 quaerere,
733 1809 870 1872 testibus
887 1810 1125 1891 praesentibus,
1141 1810 1259 1874 volen-

67 1912 319 1996 prohibuerat3
335 1915 500 1996 posterior
518 1913 672 1977 adversus
692 1935 781 1995 eum,
798 1916 855 2000 qui
871 1916 958 2000 apud
975 1937 1009 1980 se
1026 1917 1205 2001 quaesitam
1224 1927 1274 2008 et.

65 2028 162 2082 ntam
187 2041 258 2082 non
284 2019 490 2084 exhibuerat.
513 2021 609 2098 Quae
630 2043 709 2084 vero
730 2023 861 2106 utrique
885 2023 1008 2088 delicto
1025 2044 1135 2109 poena
1158 2003 1259 2087 fuerit

63 2127 169 2210 posita
187 2127 222 2188 in
236 2129 407 2193 Praetoris
423 2127 546 2209 edicto,
559 2129 593 2192 id
610 2128 743 2214 quidem
759 2129 903 2192 nondum
921 2132 1188 2214 expeditum'est.
1204 2133 1257 2194 De

85 2235 243 2297 exhibito
268 2245 379 2298 tamen
397 2244 520 2298 certum
545 2235 623 2297 mihi
644 2235 784 2315 videtur,
807 2237 970 2297 actionem
988 2238 1032 2299 ob
1048 2236 1131 2298 illud
1147 2238 1180 2300 in
1198 2237 1258 2302 du-

63 2365 86 2403 n
105 2361 177 2404 esse
203 2325 324 2404 datam.
347 2343 431 2407 Nam
454 2343 541 2427 apud
557 2344 710 2407 Plautum
733 2341 970 2426 Agorastocles
993 2340 1186 2405 adolescens
1207 2343 1259 2405 in-

66 2449 148 2510 unio
170 2459 368 2514 mactaturus
390 2451 533 2534 Lycum,
559 2449 734 2532 lenonem,
762 2449 952 2533 Collybisco
981 2448 1094 2513 villico
1120 2451 1261 2516 dederat

63 2566 172 2619 :entos
193 2578 323 2640 numos,
345 2581 427 2643 quos
454 2559 602 2622 deferret
625 2556 667 2621 ad
681 2555 855 2638 lenonem,
878 2556 1092 2640 adsimulans,
1108 2559 1259 2644 peregri-

63 2688 79 2726 n
98 2686 132 2726 se
147 2685 229 2745 esse,
245 2672 278 2726 et
294 2663 402 2729 locum
420 2688 592 2751 quaerere,
608 2667 664 2728 ubi
683 2666 783 2751 genio
800 2663 999 2748 indulgeret.
1022 2665 1126 2729 Venit
1141 2675 1259 2750 postea

63 2771 243 2835 ‘orastocles
272 2793 342 2834 cum
374 2773 543 2838 advocatis
572 2773 729 2855 testibus,
759 2771 921 2854 villicum,
947 2779 1112 2856 tamquam
1144 2774 1260 2858 fugiti-

63 2904 103 2958 n,
126 2885 160 2940 et
182 2881 351 2963 pecuniam
374 2880 461 2965 apud
484 2879 640 2942 lenonem
662 2881 884 2963 quaesiturus,
906 2899 1071 2964 quumque
1094 2881 1162 2962 hic,
1179 2882 1259 2944 Mil-

63 2991 167 3050 ionem
189 3009 313 3050 servum
341 2991 456 3072 quaeri
480 2997 586 3070 ratus,
610 2987 828 3067 inficiaretur,
859 3007 985 3060 servum
1019 2988 1259 3074 pecuniamque

63 3095 152 3166 udse
173 3115 251 3177 esse,
265 3095 344 3158 leno
360 3096 452 3180 dupli
468 3117 543 3160 reus
561 3095 607 3158 lit.
629 3093 706 3156 Non
721 3093 804 3155 haec
817 3099 874 3154 ‘est
890 3094 976 3155 actio
993 3097 1077 3158 servi
1103 3097 1259 3179 corrupti,

63 3203 78 3265 d
94 3203 167 3264 furti
185 3225 246 3265 non
268 3203 418 3267 exhibiti.
440 3205 545 3289 Ajunt
568 3203 654 3264 enim
676 3200 829 3264 advocati
852 3199 885 3261 in
901 3201 1042 3263 Poenulo
1057 3203 1201 3278 Aeolid
1216 3223 1257 3263 sc.
1293 3231 1299 3255 ι

63 3333 89 3372 v.
104 3311 151 3372 60.
167 3332 208 3392 sq.
303 3344 307 3352 ·
951 3313 956 3324 '

96 3535 127 3599 p)
146 3533 216 3596 Quae
232 3533 310 3585 fuerit
322 3531 452 3602 prohibiti
459 3534 538 3599 sorti
553 3547 650 3600 poena,
665 3532 724 3599 jam
742 3547 757 3584 e
776 3529 846 3598 Gajo
864 3529 914 3583 ΙΙΙ.
932 3528 953 3596 §.
973 3531 1029 3580 192.
1047 3530 1129 3594 patet,
1143 3541 1179 3580 sc.
1194 3542 1261 3594 qua-
1368 3529 1371 3534 '

63 3617 132 3682 apli,
148 3632 162 3669 a
178 3618 298 3670 Praetore
315 3617 477 3672 introducta.
503 3618 558 3671 Sed
575 3631 631 3670 non
657 3615 771 3668 exhibiti
796 3631 913 3684 poenam
935 3613 1017 3666 etiam
1043 3612 1129 3679 Gajus
1153 3611 1261 3666 silentio

63 3702 206 3756 aeternisit.
222 3701 306 3756 Haud.

103 3789 132 3854 q)
150 3789 201 3840 hno
217 3787 297 3853 Gajus
318 3788 348 3838 1..
366 3791 390 3840 2.
409 3788 445 3839 D.
465 3788 497 3838 de
514 3786 592 3840 Fure.
611 3803 628 3839 a
645 3801 675 3838 se
694 3785 855 3838 dissentiens
883 3786 938 3838 duo
957 3787 1061 3834 tantum
1080 3780 1145 3833 lorti
1162 3795 1262 3846 genera

63 3871 176 3938 ignoscit,
188 3871 345 3937 manifestum
363 3875 389 3922 ct
406 3888 454 3924 nec
471 3871 647 3938 manifestum.
664 3872 745 3924 Unde
759 3870 1007 3922 Tribonianismum
1018 3867 1062 3920 hio
1074 3865 1197 3942 nopnulli
1215 3867 1262 3918 de-

63 3938 250 4010 renenseae'an
265 3954 392 4008 videntur
407 3954 459 4008 vni
477 3956 557 4007 coos.
575 3956 655 4007 nean.
674 3955 764 4006 asam
782 3954 810 4006 n
831 3954 972 4006 commas.
989 3953 1038 4004 111.
1059 3951 1079 4016 §-
1102 3953 1157 4002 iss
1176 3947 1262 4013 sans

63 4057 97 4094 uo
121 4046 211 4092 tantum
230 4040 360 4091 furtorum
382 4054 495 4106 genera:
519 4039 692 4093 manifestum
716 4046 743 4092 et
766 4057 816 4092 nec
840 4039 1028 4100 manifestum,
1048 4051 1110 4087 cum
1137 4033 1264 4085 Labeone

64 4126 178 4192 dgnoscit,
191 4125 231 4194 qui
245 4127 320 4178 locus
338 4125 394 4178 fere
411 4124 509 4178 iisdem
523 4125 613 4176 verbis
625 4124 750 4192 migravit
762 4124 791 4177 in
804 4123 902 4175 Institt.
914 4121 1011 4173 Jua'rs.
1023 4117 1044 4185 ξ.
1058 4123 1083 4172 3.
1100 4121 1125 4172 t.
1141 4127 1159 4172 t.
1174 4113 1263 4169 Haub.

63 4211 90 4262 :a
106 4225 176 4274 supra
190 4210 208 4276 ξ.
222 4213 306 4262 tenet
324 4211 348 4262 h.
372 4209 437 4268 inf.
456 4215 482 4262 et
500 4209 625 4261 eumdem
643 4211 704 4277 Gai.
720 4212 742 4278 t.
763 4214 820 4264 194.
843 4206 891 4260 ubi
908 4221 956 4260 eos
979 4203 1060 4256 etiam
1084 4203 1263 4270 reprehendit,

63 4295 97 4364 qui
112 4294 193 4359 dicant,
209 4295 300 4360 duplex
317 4309 377 4346 esse
395 4294 461 4348 furti
477 4295 613 4348 manifesti
629 4310 722 4362 genus,
741 4301 789 4348 aut
806 4289 873 4360 lege,
891 4296 940 4344 aut
956 4294 1068 4347 natura;
1086 4303 1149 4339 nam
1168 4292 1265 4338 natura

63 4384 146 4430 antum
162 4377 244 4430 lunum
259 4376 431 4432 manifestum
455 4377 576 4446 intelligi,
594 4395 644 4430 uec
661 4381 720 4447 lege
738 4378 799 4433 fleri
814 4393 903 4444 posse,
922 4381 960 4439 ut,
979 4371 1027 4441 qui
1044 4371 1202 4424 manifestus
1221 4373 1264 4424 fur

63 4480 106 4518 non
123 4463 162 4527 sit,
177 4464 315 4520 manifestus
334 4465 383 4530 sit,
400 4481 494 4517 verum
520 4465 548 4517 id
567 4469 689 4528 tantum,
708 4459 739 4517 ut
763 4461 874 4531 perinde
900 4459 998 4528 aliquis
1025 4469 1113 4522 poena
1134 4460 1265 4519 teneatur,

63 4555 130 4614 atque
146 4547 166 4599 si
179 4549 263 4602 lurtum
278 4549 451 4603 manifestum
469 4547 630 4604 admisisset.
649 4549 737 4603 Milli·

1003 4584 1118 4690 ser*
