3030 5160
489 680 574 744 nm.
588 680 658 744 un.
681 679 772 744 nm.
794 659 843 744 a*

639 862 675 900 DE

110 941 754 1096 unnunmas1nus,ouau
792 998 863 1073 nn
901 997 1200 1072 ansnsnano

442 1115 807 1192 nnunnunnun
820 1120 867 1214 ·>.
961 1140 968 1160 ι

114 1312 223 1390 Quam
243 1311 352 1378 libera
378 1317 413 1373 et
438 1308 508 1372 lata
538 1307 640 1374 fuerit
661 1307 885 1374 Romanorum
915 1311 958 1374 de
985 1309 1196 1377 facultatibus
1220 1316 1285 1378 suis

45 1421 232 1505 disponendi
247 1426 411 1503 potestas,
426 1417 534 1499 exiis,
552 1437 638 1501 quae
659 1416 765 1482 adhuc
782 1417 871 1482 dicta
887 1441 907 1482 a
924 1417 1021 1482 nobis
1035 1429 1122 1502 suut,
1141 1422 1218 1485 satis
1233 1423 1285 1485 in-

46 1529 204 1613 telligitur.
227 1528 263 1592 Si
286 1526 359 1612 quis
380 1547 460 1590 vero
486 1546 527 1588 eo
547 1525 685 1590 arbitrio
704 1547 771 1590 uon
795 1534 882 1590 esset
905 1547 997 1592 usus:
1017 1525 1107 1592 bona
1125 1528 1285 1595 devolve-

47 1639 150 1702 bantur
170 1637 212 1700 ad
231 1635 396 1720 proximas
414 1632 685 1714 necessitudines,
702 1653 851 1718 eaequae
864 1649 1102 1700 assumamus
1118 1639 1286 1704 vocaban-

48 1753 87 1808 tur
110 1761 314 1808 uncnmunns
340 1743 378 1808 L.
397 1743 427 1806 l.
448 1741 478 1806 2.
498 1741 529 1804 3.
553 1742 595 1804 J).
617 1741 657 1802 dc
680 1744 776 1806 Petit.
799 1743 928 1806 heredr‘t
954 1743 992 1806 12.
1016 1742 1045 1806 1.
1072 1745 1101 1826 9.
1123 1744 1153 1808 8.
1175 1748 1217 1808 Ι).
1243 1749 1288 1810 od

49 1853 301 1914 scanderent.
321 1871 384 1914 nec
409 1871 476 1911 non
501 1863 1039 1916 nnnuumarss1rsausassonuu:
1062 1854 1156 1916 Aust.
1178 1855 1286 1918 cottae

48 1964 127 2042 legg.
147 1961 278 2021 Mosas’c.
293 1968 323 2034 et
338 1959 470 2020 Roman.
486 1977 512 2017 c.
528 1955 578 2017 16.
600 1954 709 2032 Quum
727 1978 808 2041 ergo
831 1957 1000 2042 antiquum
1017 1960 1216 2025 succedendi
1232 1985 1286 2025 or-

48 2068 142 2130 dinem
175 2075 279 2130 totum
310 2064 511 2128 immutarint
538 2063 633 2147 leges
662 2065 886 2148 recentiores,
920 2074 955 2129 et
983 2066 1125 2130 maxime
1155 2068 1288 2132 Novella

49 2175 191 2236 cXVuI:
212 2173 496 2258 operaepretium
520 2171 638 2235 facturi
662 2171 858 2256 videbimur,
875 2173 901 2237 si
925 2174 1140 2260 antiquitates
1161 2173 1285 2240 Roma-

46 2303 97 2344 nas
112 2283 161 2345 hic
175 2281 330 2346 rimemur
344 2279 458 2366 paullo
475 2277 670 2344 adcuratius.

619 2457 649 2538 §-
671 2454 701 2518 1.

363 2573 454 2628 Prema·
471 2572 586 2626 omnium
603 2571 776 2626 mcodehm
793 2572 903 2626 heredes
920 2573 969 2626 sui.

117 2693 262 2756 Veteres
276 2691 420 2756 Romani
443 2692 477 2753 iu
500 2689 706 2752 successione
730 2689 959 2755 intestatorum
981 2712 1048 2754 non
1072 2691 1108 2755 id
1131 2691 1288 2778 agebant,

52 2809 78 2863 ut
93 2801 233 2864 heredes
250 2806 369 2882 essent,
386 2819 468 2884 quos
484 2797 658 2861 defunctus
674 2797 810 2884 reliquis
826 2799 968 2862 cariores
984 2799 1135 2864 hahuisse
1157 2801 1289 2864 videre-

51 2919 100 2988 tur,
118 2908 231 2994 (quod
248 2908 443 2993 principium
459 2915 576 2990 postea
596 2906 784 2970 Justiniano
806 2906 952 2989 placuit)
977 2907 1040 2970 'sed
1063 2915 1098 2972 ut
1114 2907 1288 2979 facultates

51 3039 138 3100 penes
155 3017 312 3080 familiam
333 3023 521 3097 manerent,
538 3035 600 3078 nec
616 3014 658 3078 ad
682 3011 762 3077 alias
787 3021 903 3097 gentes
926 3016 1149 3098 pervenirent.
1169 3017 1289 3105 Itaque

52 3148 104 3190 non
120 3126 203 3190 alios
222 3125 264 3188 ad
284 3124 513 3188 intestatorum
530 3123 748 3186 hereditatem
764 3123 940 3205 vocabant,
957 3143 1052 3208 quam
1069 3125 1125 3210 qui
1142 3126 1288 3209 ejusdem

53 3244 146 3298 essent
169 3232 277 3320 gentis
301 3238 335 3293 et
361 3232 521 3295 familiae:
543 3213 650 3295 V.'A.
673 3231 912 3316 Bynkershoek
940 3233 1112 3295 Observatt.
1131 3233 1173 3294 ΙΙ.
1196 3234 1302 3320 1.Ε1Ι

54 3341 196 3425 timeat,
214 3340 303 3426 quod
319 3339 506 3425 hujusmodi
521 3339 725 3404 hereditates
741 3357 867 3404 uentae
889 3341 1092 3405 dicerentur:
1112 3339 1290 3405 Terentius

57 3452 164 3514 Andria
179 3453 251 3512 Act.
268 3451 325 3511 IV.
339 3470 381 3514 sc.
395 3449 426 3509 5.
442 3469 469 3510 c.
484 3446 515 3508 4.
572 3453 574 3460 ’
833 3441 839 3448 ’

247 3573 329 3654 Ejus
351 3579 448 3633 morte
469 3555 507 3632 ea
529 3571 574 3632 ad
592 3591 642 3632 me
662 3572 731 3654 lege
752 3591 956 3634 annaneane
978 3571 1066 3634 hona.
1148 3599 1151 3606 ·

56 3693 98 3758 ad
117 3718 202 3782 quae
223 3697 326 3760 verba
348 3694 499 3780 adposite
514 3693 680 3758 Donatusz
701 3695 764 3758 Hic
779 3698 837 3778 jus
853 3699 1016 3770 tractavit,
1031 3697 1175 3760 meando.-
1189 3716 1292 3758 uur-

54 3821 164 3878 nnuur,
187 3809 268 3888 quia·
283 3807 315 3864 in
328 3804 488 3882 samilsiam
506 3804 651 3881 redeunt,
670 3806 700 3864 si
711 3823 774 3868 nost
789 3812 836 3866 est
853 3799 941 3867 heras
957 3806 996 3866 de
1011 3807 1165 3886 proximo,
1179 3813 1238 3865 aut
1255 3823 1292 3863 ec

54 3918 234 3974 testamento.
256 3911 371 3974 Primo
393 3911 537 3973 omnium
552 3930 633 3973 vero
649 3909 878 3973 intestatorum
898 3911 1065 3976 hereditas
1080 3911 1293 3975 deferebatur

113 4168 142 4234 a)
163 4166 244 4231 Quir·
262 4165 350 4220 Glieh.
369 4167 505 4218 Schacher
523 4164 598 4217 Diss.
618 4163 694 4233 Spes.
712 4164 835 4218 historiae
844 4163 905 4234 jer·
926 4165 974 4218 cic.
990 4165 1178 4217 vicissitudines
1191 4181 1293 4216 sncces-

51 4251 121 4302 n‘om's
143 4251 173 4304 ab
197 4254 318 4304 intestato
339 4251 412 4318 apud
435 4251 571 4302 Romanos
596 4266 736 4316 exponens.
764 4250 840 4316 Lips-
865 4254 941 4304 1762.
961 4255 986 4303 4.
1013 4249 1113 4302 Christ.
1135 4251 1180 4302 Fr.
1203 4248 1291 4300 Gtack

52 4333 214 4390 Heraeam.
223 4345 326 4405 system.
335 4335 503 4404 Erdrtmny
516 4336 564 4386 der
575 4333 664 4386 Latro
677 4351 728 4386 oon
739 4335 787 4385 der
798 4335 1029 4404 Intesteterbsolpe
1040 4336 1108 4388 nach
1121 4336 1171 4387 dett
1183 4334 1292 4386 Gmnd-
1383 4385 1385 4389 .

50 4420 135 4474 siitua
152 4425 196 4475 des
213 4422 299 4474 iiltsrn
316 4421 374 4473 aad
389 4437 490 4472 nauem
508 4418 588 4472 Riim.
608 4419 716 4472 Rechts.
737 4421 765 4486 1)
785 4419 985 4485 Eriaug.1808.
1009 4422 1041 4488 2)
1056 4425 1127 4471 anot.
1142 4424 1169 4470 et
1186 4419 1292 4470 emend.

51 4502 82 4555 ib.
96 4509 167 4560 1822
181 4512 206 4560 8.
218 4506 307 4559 Haud.
319 4506 391 4559 Ado.
403 4505 434 4558 C.
446 4507 477 4558 F.
491 4503 619 4558 Roschirt
630 4503 736 4557 Etutam
747 4505 776 4558 s'n
788 4505 835 4557 das
847 4504 979 4558 Erite-seht
992 4524 1019 4560 as.
1032 4506 1123 4557 Daret.
1133 4505 1178 4555 des
1187 4521 1292 4572 ponzen

51 4587 295 4646 Intestaterhrechts.
313 4592 433 4644 Landsh.
449 4594 524 4645 1⁸³1.
541 4587 628 4642 Mihl.
