3030 5160
140 385 328 482 ··m
459 345 1144 467 .'mmmwfflm

260 563 394 640 poterat
413 577 432 617 a
452 552 606 618 debitore
622 552 685 615 sibi
707 551 854 636 singulos
865 552 1027 640 denarios
1044 555 1078 616 in
1097 554 1242 638 singulos
1258 575 1370 618 menses
1385 559 1458 640 stipu-

235 712 237 716 -
260 663 332 743 lari,
349 682 455 746 eaque
470 681 566 724 usura
586 659 766 723 vocabatur
784 677 986 742 cENrEslMA,
1008 679 1071 722 uec
1086 683 1154 726 non
1169 666 1317 743 legitima:
1333 667 1363 723 L.
1373 663 1398 724 7.
1410 665 1430 743 ἓ.
1440 663 1458 723 4.

262 779 297 833 et
312 771 362 830 10.
378 770 419 828 D.
436 769 476 830 de
494 769 584 828 Adra.
602 776 657 828 tat.
677 765 733 828 vel
749 771 887 828 mariana
906 776 941 831 et
954 772 1158 850 gravissimu:
1177 769 1215 830 L.
1231 767 1261 828 7.
1274 768 1301 847 §.
1314 768 1340 829 8.
1353 779 1381 831 et
1392 770 1459 830 bii.

202 875 203 880 ’
262 879 303 938 D.
322 877 361 936 de
378 875 473 936 Adm.
490 883 547 934 tut.
564 875 600 934 L.
614 871 665 934 38.
682 875 722 934 Ι).
741 875 779 934 de
794 875 909 955 Neget.
922 885 1000 955 gest.
1022 875 1072 938 Ea
1088 893 1162 958 pars
1178 873 1346 936 centesima
1362 874 1459 956 singulis

262 981 426 1048 Kalendis
449 979 533 1042 solvi
556 979 701 1044 solebat:
728 981 765 1042 L.
788 979 839 1042 26.
865 982 906 1041 1).
929 984 1044 1062 Depoe.
1078 983 1123 1044 Et
1148 981 1226 1044 inde
1251 982 1301 1061 fit,
1323 987 1354 1042 ut
1374 979 1460 1041 Ovidis

264 1089 307 1175 [*
321 1072 448 1152 Remed.
471 1090 586 1148 amoris
609 1109 637 1148 v.
657 1085 751 1170 aun]
777 1095 939 1149 vocentur
961 1091 1076 1149 celeres
1102 1090 1284 1161 Kalendae,
1305 1109 1338 1149 ae
1358 1087 1460 1148 Horatio

264 1196 454 1282 [*Sermon.
470 1195 533 1254 Lib.
551 1193 576 1254 I.
595 1203 654 1254 sat.
671 1192 701 1254 3.
719 1214 746 1254 v,
763 1191 829 1278 82]
847 1198 953 1255 tristes
967 1196 1144 1256 Kalendae.
1166 1194 1274 1271 Quum
1288 1215 1359 1256 vero
1373 1192 1461 1254 duode

170 1309 172 1315 ’
263 1304 325 1366 cim
345 1286 569 1364 sintmenses:
588 1297 746 1383 quidquid
763 1301 1002 1384 perintegrum
1019 1323 1138 1364 annum
1160 1323 1323 1365 usurarum
1338 1309 1461 1384 praestan-

263 1411 338 1472 dum
357 1414 444 1488 erat,
462 1406 497 1468 id
517 1408 682 1469 vocabant
699 1427 810 1468 assuta
829 1413 1029 1481 usurarium,
1048 1417 1083 1470 et
1103 1409 1179 1492 quia
1201 1429 1274 1470 eum
1292 1430 1344 1470 suo
1362 1407 1460 1469 moreio

262 1515 439 1581 'duodecim
458 1513 569 1575 uncias
588 1512 830 1599 distribuebant
852 1513 939 1592 (vid.
959 1535 1056 1596 supra
1073 1515 1139 1574 Lib.
1161 1516 1204 1576 II.
1224 1497 1281 1575 Til.
1299 1515 1375 1574 XIV.
1388 1523 1408 1588 §.
1422 1515 1451 1590 5.)

177 1701 178 1704 Ἴ
264 1625 350 1700 hinc,
364 1619 453 1705 quod
469 1619 605 1702 singulis
620 1619 783 1682 mensibus
800 1641 915 1683 usurae
932 1620 1064 1683 nomine
1080 1619 1275 1683 solvendum
1292 1629 1460 1700 emturum

264 1729 439 1796 vocabant.
460 1727 550 1808 Ergo
573 1732 667 1788 uncia
687 1736 758 1791 erat
777 1728 957 1790 centesima
979 1749 1053 1811 pars
1075 1730 1187 1810 sortis,
1211 1749 1295 1812 quae
1314 1729 1345 1790 in
1361 1723 1460 1806 singulos

265 1857 407 1915 menses,
426 1843 590 1916 tamquam
610 1855 721 1912 usura,
739 1833 1007 1917 dependebatur:
1022 1833 1199 1896 duodecim
1215 1855 1295 1898 vero
1309 1833 1414 1912 unciae,
1426 1828 1460 1892 vel

264 1953 376 2030 partes
400 1941 617 2021 centesimae,
648 1961 727 2024 quas
758 1940 894 2024 singulis
920 1940 1012 2002 annis
1041 1940 1254 2004 lucrabantur
1278 1942 1460 2012 foeneratores,

253 2044 369 2115 'assera
393 2052 576 2110 usurariam
598 2048 852 2111 constituebant.
880 2049 925 2111 Et
945 2049 1007 2111 iste
1037 2071 1071 2110 as
1094 2048 1258 2110 usurarius
1280 2042 1461 2128 intelligendus

264 2161 299 2223 in
314 2158 390 2220 loco
406 2153 510 2217 Plinii
521 2155 635 2235 Epr'stt.
652 2156 692 2216 X.
704 2155 755 2218 62.
770 2178 867 2240 quem
877 2157 931 2218 -ita
944 2154 1044 2239 vulgo
1061 2154 1225 2218 exhibent
1239 2151 1460 2218 editionessz

229 2254 231 2260 ¹
266 2276 298 2329 et
307 2265 511 2349 praediorum
520 2265 805 2343 *comparandorum
821 2266 989 2335 abinalia,
1004 2272 1062 2324 eut
1075 2267 1242 2324 rarissimus
1257 2267 1363 2324 occasio
1375 2267 1461 2320 estraes

263 2376 476 2441 inveniuntur,
495 2372 551 2448 qui
566 2370 660 2430 velint
678 2371 796 2443 dedere,
809 2373 995 2450 reipublicae
1005 2373 1209 2450 praesertim,
1223 2371 1363 2430 duodenis
1375 2363 1461 2428 assibus,

165 2498 166 2501 ’
266 2482 379 2564 quanti
395 2499 415 2536 α
425 2477 560 2556 Ρνὶυαίξε
576 2484 771 2537 mutuantur.
791 2475 1013 2539 Certissimum
1030 2484 1090 2557 est,
1106 2483 1162 2538 aut
1182 2475 1353 2538 delendum
1364 2473 1405 2533 hie
1416 2469 1461 2528 dua

161 2669 163 2674 ι
267 2588 368 2654 denis,
387 2591 423 2644 ut
436 2581 535 2664 jubet
552 2579 630 2644 Ger.
645 2581 761 2644 Noodt
776 2585 814 2644 de
823 2584 958 2660 foenore
976 2592 1006 2644 et
1024 2604 1112 2646 asar.
1129 2561 1171 2645 ῘΙ.
1187 2583 1219 2646 2.
1232 2606 1266 2664 p.
1281 2583 1346 2646 265.
1363 2585 1406 2642 aut
1417 2593 1461 2636 asa·

266 2696 310 2753 ris
328 2686 574 2772 reponendum,
595 2686 686 2771 quod
702 2686 827 2750 malunt
851 2689 1027 2753 Salmasius
1045 2692 1084 2752 de
1101 2692 1190 2752 modo
1206 2711 1294 2752 usar.
1313 2689 1372 2748 VII.
1380 2706 1405 2766 p.
1419 2678 1462 2742 idi.

268 2804 303 2860 et
325 2794 514 2859 Gronovius
530 2791 733 2877 Ἀντεξηγήσει
752 2796 795 2855 ΙΙ.
820 2797 859 2857 de
880 2808 993 2859 centes.
1016 2817 1104 2858 usur.
1126 2805 1156 2858 et
1180 2819 1254 2859 asse
1274 2813 1386 2858 usurar.
1403 2784 1462 2870 §fil

265 2925 298 2986 p.
314 2902 455 2974 asans
473 2900 567 2962 enim
590 2903 771 2985 usurarius,
793 2902 848 2965 vel
873 2926 968 2968 usura
992 2905 1070 2967 assis
1096 2903 1273 2967 maximum
1297 2909 1360 2965 erat
1380 2899 1462 2968 seems,

270 3008 360 3094 quod
378 3032 398 3072 a
412 3007 549 3092 privatis
571 3009 782 3092 exigebatur:
812 3010 957 3074 duodeni
980 3033 1060 3075 vero
1087 3031 1173 3074 asses
1198 3011 1302 3094 ipsam
1322 3013 1417 3071 sortem
1434 3021 1463 3061 sv-

268 3125 448 3204 perassent.
470 3115 569 3179 Unde
593 3119 703 3200 miror,
723 3116 889 3201 vulgatam
913 3119 1092 3181 lectionem
1114 3117 1201 3180 tueri
1217 3119 1261 3182 V.
1280 3117 1314 3180 (l.
1334 3105 1463 3190 Christoph·

158 3293 159 3296 Ἴ
212 3301 213 3304 ¹
269 3223 458 3308 Gellarium.

844 3347 946 3429 em

637 3463 710 3522 Quid
724 3479 821 3514 usurae
840 3464 993 3516 centesimae
1011 3449 1053 3516 ael
1070 3469 1160 3516 asses?

354 3559 456 3622 Hisce
473 3581 553 3644 ergo
571 3563 769 3644 observatu,
784 3561 884 3626 facile
907 3563 1024 3626 licebit
1041 3547 1174 3648 ‘singula
1198 3585 1360 3627 usurarum
1379 3552 1464 3621 uomlv

272 3666 451 3750 explicare.
475 3666 674 3738 CENTESIMA
689 3669 745 3733 vel
760 3671 837 3734 assis
855 3693 960 3752 usura,
974 3669 1195 3755 legitimarum
1209 3671 1349 3734 omnium
1363 3660 1464 3730 maximis

271 3773 409 3855 singulis
425 3776 589 3839 mensibus
602 3797 624 3838 e
640 3784 770 3841 centum
786 3779 930 3842 denariis
952 3779 1116 3841 reddebat
1136 3799 1235 3840 unum
1245 3825 1255 3859 ,
1273 3778 1405 3858 adeoque
1421 3781 1464 3827 rer-

270 3887 363 3942 tente
386 3902 472 3972 anno
490 3881 654 3946 denarios
669 3883 842 3949 duodecim
852 3935 861 3969 ‚
878 3885 912 3948 id
929 3892 995 3967 est,
1012 3894 1123 3947 nostro
1145 3885 1308 3968 loquendi
1329 3898 1403 3944 more
1420 3873 1464 3932 dit

270 3987 366 4046 dees'm
383 4007 445 4068 pro
468 3993 613 4052 centenis.
635 3991 732 4054 Haec
754 4014 867 4073 usura,
882 3993 964 4056 licet
985 3993 1061 4054 satis
1086 4013 1221 4076 magna,
1238 3999 1343 4056 tamen
1363 3980 1464 4067 legitima

272 4100 352 4172 erat,
368 4101 404 4156 ut
420 4115 515 4178 supra
531 4095 787 4181 observavimus,
800 4101 953 4183 adeoque
970 4100 1046 4163 satis
1062 4098 1191 4160 usitata.
1204 4097 1321 4164 Cautio
1336 4114 1400 4159 sane
1412 4087 1465 4169 ejus·

271 4197 378 4278 modi,
395 4221 460 4282 qua
482 4223 523 4263 ex
545 4224 637 4266 mora
657 4205 936 4288 promittebantur
958 4227 1074 4270 usurae
1098 4206 1311 4286 centesimae,
1327 4189 1464 4267 occurriiin

270 4305 307 4364 L.
322 4305 372 4364 40.
389 4307 429 4368 D.
445 4309 483 4369 de
499 4307 575 4370 aet.
591 4313 673 4372 cred.
690 4313 742 4373 cui
763 4310 833 4396 legi
849 4314 947 4399 jungi
968 4321 1113 4375 meretur
1134 4314 1226 4376 locus
1241 4310 1362 4376 Sidonii
1375 4293 1466 4385 Apolli-

156 4426 159 4432 ’
270 4409 356 4470 naris
372 4411 484 4491 Epe‘stt.
501 4401 557 4475 IV.
572 4415 623 4476 24.
640 4427 674 4479 et
690 4439 831 4482 marmor
846 4423 932 4504 apud
950 4421 1126 4485 Gruterum
1142 4422 1299 4502 Inscrs'ptt.
1310 4441 1340 4502 p.
1355 4399 1465 4476 Offll'·

271 4535 302 4575 n.
318 4517 347 4577 4.
364 4519 418 4580 ubi
435 4519 555 4584 donum
567 4521 695 4604 datum,
1083 4559 1088 4567 ,
