3080 5154
211 297 259 423 aa
685 349 760 415 nn.
786 347 814 414 1.¹
835 347 915 415 mr.
942 348 986 416 u.

210 525 373 590 fiduciam.
394 524 546 609 Rogatus
567 525 655 588 enim
677 547 698 588 a
723 525 800 588 viris
822 523 1014 609 Praetoriis,
1037 533 1075 590 ut
1097 524 1160 588 sibi
1185 524 1303 588 liceret
1325 541 1475 605 respon·
1538 557 1539 592 1

175 691 181 703 ,
211 635 302 715 dere,
316 633 493 718 rescripsit,
505 635 562 695 doc
572 617 717 715 nonpetr',
735 634 792 695 scd
798 639 966 714 praestari
976 639 1084 698 solve.
1101 633 1219 718 ltaque
1236 636 1277 696 ab
1289 631 1473 694 Hadriano
1538 649 1539 688 ξ

210 743 253 806 ad
267 742 368 805 Alex.
392 741 550 804 Severum
568 740 676 804 libera
702 742 812 804 denuo
839 761 911 804 esse
938 741 1050 826 coepit
1068 741 1292 826 respondendi
1315 739 1473 802 facultas.

208 851 328 914 Dodw.
348 851 457 912 Prael.
479 849 645 911 Oambden.
660 850 719 910 IX.
732 849 783 912 11.
801 869 834 930 p.
856 847 928 910 355.
943 849 974 930 l)
1003 850 1129 912 Postea
1152 849 1263 912 denuo
1290 847 1473 910 reductum
1538 903 1539 910 ,

207 958 353 1042 Augusti
364 956 558 1037 institutum,
570 977 632 1018 ceu
646 963 741 1040 patet
752 956 907 1040 exemplo
917 957 1116 1039 Innocentii,
1122 955 1354 1042 jureconsulti,
1365 975 1472 1039 quem

207 1065 433 1151 respondendi
445 1064 638 1128 facultatem
657 1065 698 1128 ab
717 1065 976 1149 Imperatoribus
994 1065 1160 1151 accepisse
1177 1064 1279 1128 tradit
1293 1063 1472 1147 Eunapius
1538 1137 1539 1140 Ἴ

208 1180 241 1238 fn
258 1179 323 1238 vita
340 1173 545 1255 odrysantta·
553 1194 588 1255 p.
599 1171 673 1235 286.
692 1171 761 1253 (Cf.
774 1173 902 1236 Puchta
919 1171 1041 1236 Rhein.
1059 1175 1143 1238 Mus.
1155 1174 1216 1237 Vl.
1230 1194 1262 1257 p.
1273 1171 1342 1254 90.)

782 1329 811 1410 §.
832 1329 884 1393 42.

357 1447 448 1515 Hap'm
456 1445 532 1514 juris
549 1446 706 1498 mutationes
723 1443 771 1498 tud
788 1445 898 1514 irnperio
915 1447 1068 1516 princepum
1090 1447 1309 1500 tammum.

291 1549 458 1627 Quamdiu
480 1546 611 1610 steterit
623 1547 688 1631 jus,
715 1554 751 1609 ut
767 1566 811 1607 ex
829 1546 1062 1631 imperatorum
1081 1549 1279 1612 auctoritate
1296 1549 1468 1633 juriscon-

208 1658 285 1722 sulti
305 1655 556 1740 responderent,
577 1676 645 1717 non
669 1654 746 1716 satis
763 1662 900 1717 constat.
920 1653 1066 1719 Videtur
1078 1657 1164 1720 illud
1185 1655 1351 1719 sustulisse
1372 1655 1468 1720 Con-

207 1766 367 1830 stantinus
383 1765 573 1848 imperator,
587 1762 622 1825 id
639 1763 858 1846 praecipiens,
879 1771 916 1825 ut
930 1769 1013 1826 inter
1034 1770 1223 1848 aequrlutem
1239 1771 1274 1827 et
1288 1766 1343 1850 jus
1356 1765 1467 1828 inter·

207 1895 334 1960 ponere
350 1871 661 1955 interpretationem
680 1871 805 1932 nemini
828 1870 957 1953 liceret,
979 1873 1042 1935 nisi
1059 1873 1123 1956 ipsi
1140 1873 1342 1957 imperatori.
1365 1873 1466 1952 (1..1.
1538 1933 1539 1936 ,

30 1959 35 1972 ’
123 2047 129 2056 ,
209 1985 242 2044 O.
257 1983 296 2044 de
311 1981 416 2062 legib.)
436 1979 531 2042 Idem
544 1987 655 2042 tamen
670 1999 794 2040 morem
814 1978 863 2041 sui
873 1980 1041 2063 temporis,
1056 1981 1079 2044 J
1081 1981 1216 2044 Ctorum
1230 1981 1324 2044 libris
1336 2001 1465 2062 eorum,

207 2089 324 2174 quibus
338 2087 380 2149 de
390 2088 468 2171 jure
483 2086 709 2171 respondendi
726 2085 866 2150 facultas
883 2108 1037 2151 concessa
1054 2088 1174 2173 fuerat,
1195 2097 1360 2172 tamquam
1372 2088 1464 2172 legi-

205 2201 266 2263 bus
286 2194 402 2258 utendi
425 2196 460 2258 in
484 2195 570 2277 foro,
588 2195 764 2278 universim
790 2196 923 2279 quidem
944 2197 1161 2278 confirmavit,
1180 2219 1290 2282 neque
1313 2218 1394 2260 vero
1413 2197 1465 2262 ita

204 2327 273 2370 rem
290 2303 443 2390 perfecit,
454 2312 491 2367 ut
505 2311 595 2366 certa
608 2303 738 2366 ratione
755 2312 932 2386 constaret,
946 2305 1063 2390 quibus
1075 2306 1288 2389 scriptoribus
1298 2307 1463 2390 quibusve

204 2414 297 2478 libris
322 2413 500 2476 auctoritas
527 2412 619 2476 velut
641 2411 791 2494 legitima
806 2413 983 2476 tribuenda
1001 2414 1042 2475 sit
1068 2414 1101 2476 in
1120 2415 1196 2498 jure
1219 2412 1373 2477 dicundo.
1396 2413 1463 2476 Cui

205 2521 416 2603 dubitationi,
448 2521 615 2604 quomodo
640 2540 813 2581 occurrere
841 2519 948 2583 voluit
974 2521 1183 2585 Theodosius
1202 2521 1247 2584 Π.
1268 2523 1462 2606 imperator,

198 2633 269 2716 jam
286 2629 353 2692 alio
368 2628 403 2689 in
418 2627 495 2689 loco
507 2626 646 2691 vidimus
669 2629 833 2709 (prooem.
848 2627 953 2709 §.243
977 2629 1060 2692 Eam
1076 2638 1185 2692 autem
1197 2650 1327 2713 semper
1341 2631 1462 2694 viden·
1538 2617 1539 2620 Ἴ

204 2749 259 2804 tur
277 2738 493 2821 imperatores
516 2735 619 2797 secuti
640 2755 711 2796 esse
732 2736 907 2818 rationem,
926 2747 962 2800 ut
984 2757 1082 2800 nemo
1105 2741 1194 2818 juris
1214 2740 1409 2801 conditorum
1425 2740 1461 2802 in
1538 2747 1539 2776 ἒ

204 2845 545 2928 uumerohaberetnr,
563 2843 626 2906 nisi
643 2845 695 2906 cui
712 2851 769 2908 aut
785 2844 862 2908 vivo
880 2846 935 2930 jus
955 2844 1179 2928 respondendi
1195 2832 1273 2908 olim
1291 2849 1333 2910 ab
1352 2847 1462 2930 impe·
1538 2823 1539 2916 l

204 2955 367 3020 ratoribus
383 2952 505 3036 datum,
527 2961 583 3016 aut
599 2960 728 3016 mortuo
751 2953 868 3015 eadem
888 2953 1065 3017 auctoritas
1082 2953 1160 3038 lege
1176 2954 1345 3037 impertita
1361 2964 1461 3036 esset,
1538 2941 1539 3010 l

203 3064 239 3126 id
251 3062 341 3148 quod
353 3060 440 3147 Gajo
453 3061 552 3124 etiam
563 3061 741 3144 contigisse
750 3061 970 3144 probabiliter
980 3061 1172 3125 defenditur
1186 3065 1229 3142 θ).
1245 3062 1346 3126 Certe
1354 3063 1377 3126 J
1379 3064 1462 3126 usti-

204 3173 320 3237 nianus
346 3191 366 3232 e
388 3169 481 3232 libris
498 3169 707 3253 antiquorum
729 3169 939 3252 prudentium
959 3191 1083 3252 eorum,
1108 3171 1219 3253 quibus
1240 3174 1460 3233 auctoratotem

203 3278 1460 3361 conomidendaruminterpretandarumquelegumsanctiasfmfPrfnoepcsprae·
1538 3345 1539 3348 ,

203 3389 350 3460 dumont,
363 3385 447 3469 juris
462 3385 628 3448 enucleati
648 3385 797 3449 codicem
816 3384 931 3470 colligi
940 3369 1052 3471 jussit,
1068 3395 1204 3450 eatenus
1220 3393 1330 3450 tamen
1345 3366 1473 3452 Theo·¹
1538 3461 1539 3468 ἵ

204 3494 362 3557 dosianae
375 3493 445 3576 legi
469 3492 645 3576 derogans,
667 3501 703 3556 ut
727 3515 839 3578 parem
862 3494 1025 3558 haberent
1047 3493 1278 3559 auctoritatem
1296 3495 1459 3560 JCtorum
1538 3477 1539 3504 l

204 3601 390 3664 sententiae
414 3600 569 3681 omnium,
591 3622 806 3686 quaecunque
827 3603 860 3664 in
884 3603 1097 3685 Digestorum
1124 3625 1206 3687 opus
1225 3603 1349 3667 fuerint
1369 3604 1460 3669 rela-

205 3716 257 3773 tae
273 3709 317 3791 ἲ).
339 3709 384 3771 Et
396 3729 439 3770 ne
454 3708 534 3792 quid
546 3707 623 3771 huic
637 3710 838 3793 auctoritati,
853 3709 917 3772 nisi
935 3731 995 3794 per
1009 3710 1114 3796 leges,
1131 3713 1372 3796 detraheretur,
1393 3734 1456 3776 nec

273 3930 306 3997 d)
326 3929 445 3994 Propius
468 3905 559 3981 nmen
581 3931 709 3983 accedere
726 3931 833 3982 videtur
855 3932 890 3983 ad
909 3932 1050 3986 veritatem
1072 3933 1208 3987 sententia
1234 3935 1459 3998 existimantium,

202 4014 270 4068 nihil
287 4014 352 4084 novi
369 4015 419 4066 liae
435 4012 465 4066 iu
482 4029 512 4064 re
529 4015 702 4069 constituisse
715 4015 900 4078 Hadrianum,
918 4018 967 4069 sed
984 4017 1037 4070 illis
1055 4035 1116 4072 esse
1129 4035 1211 4072 usum
1228 4019 1326 4083 verbis,
1346 4025 1378 4071 ut
1395 4037 1459 4087 erg-a

202 4099 351 4166 petentium
369 4114 500 4164 personas
517 4100 638 4152 animum
656 4099 774 4152 maxime
792 4100 954 4154 benevolum
971 4118 1004 4154 ac
1020 4103 1159 4156 liberalem
1176 4103 1346 4171 signiticaret.
1370 4106 1407 4158 V.
1425 4106 1459 4157 de

203 4184 323 4251 savigny
341 4183 471 4237 Zeitscbr.
489 4185 538 4238 IV.
556 4200 584 4250 p.
601 4190 661 4238 486.
680 4184 817 4237 Zimmern
835 4186 869 4238 R.
883 4187 915 4238 G.
930 4188 1004 4254 §.dd
1019 4194 1075 4240 not.
1093 4192 1135 4241 29.
1153 4190 1259 4242 Puchta
1270 4189 1367 4242 Rhein.
1379 4191 1458 4244 Mus.
1538 4185 1539 4192 ’

202 4268 251 4320 VI.
268 4284 294 4334 p.
311 4272 353 4320 91.
372 4284 413 4336 sq.
437 4268 529 4321 Mula.

174 4397 176 4400 .
272 4352 303 4418 e)
322 4353 357 4404 V.
375 4355 481 4406 Puchta
497 4353 594 4406 Rhein.
613 4353 689 4406 Mus.
707 4355 741 4404 V.
759 4355 807 4406 Nr.
826 4355 888 4419 v1.‚
906 4355 952 4408 cui
969 4355 1051 4408 etiam
1073 4357 1255 4425 adstipulatur
1272 4358 1371 4410 Blumc
1391 4358 1456 4412 ibid.

203 4437 327 4489 Eundem
345 4455 370 4490 v.
387 4441 522 4491 Puchtam
540 4438 638 4491 Rhein.
657 4439 732 4492 Mus.
751 4440 799 4490 Vl.
820 4439 868 4492 Nr.
886 4441 922 4493 11.
942 4440 1030 4492 Mutat.

272 4524 301 4590 f)
321 4541 344 4576 c.
362 4525 420 4576 Deo
433 4533 539 4576 auctore
557 4523 578 4590 ξ.
592 4529 617 4578 4.
630 4530 657 4578 et
674 4530 699 4578 6.
710 4523 868 4579 -Dirksen
886 4523 992 4578 civilist.
1010 4526 1145 4581 Abhandl.
1160 4529 1181 4580 1.
1196 4543 1222 4593 p.
1238 4532 1294 4582 199.
1309 4543 1350 4596 sq.
1369 4527 1455 4581 ΜιὶΙιΙι
