3056 5154
198 377 271 446 63⁴
650 368 728 438 Lm.
752 367 815 439 lv,
840 367 922 439 Trr.
947 367 1007 436 Vl.
1110 469 1114 478 ³

198 563 370 624 GUJUSQUB
387 561 524 612 SALVUM
544 561 632 611 FORB
647 558 869 625 moneamur,
886 559 956 627 Nisi
977 557 1206 627 ausurum,
1223 561 1260 610 ut
1275 557 1338 610 ΚΒ
1358 559 1454 608 mnt-

198 671 282 720 cwu
302 670 407 718 nano:
428 653 467 714 L.
484 652 515 716 1.
527 673 581 734 pr.
599 651 642 714 D.
657 650 760 712 Norat.
775 671 909 733 cwpca.
924 652 1039 714 stabul.
1060 649 1268 736 Quamquam
1284 670 1366 714 vero
1387 659 1455 713 uta-

198 763 305 825 bulum
318 759 408 824 idem
433 759 497 822 fuit
516 756 679 843 antiquis,
699 756 790 841 quod
809 757 1034 822 deversorium
1055 765 1113 822 aut
1131 758 1326 844 πανδοχεῖον,
1342 777 1455 842 eoque

198 889 295 932 sensu
316 865 447 950 saepius
469 864 612 928 occurrit
630 864 719 950 apud
741 873 912 948 auctores,
938 865 974 928 in
999 861 1111 948 primis
1140 863 1229 948 apud
1256 863 1456 928 Petronium

199 974 269 1062 [ῆι.
283 996 310 1037 c.
327 973 453 1036 Sats'n‘c.
469 993 495 1035 c.
508 970 539 1034 6.
550 992 586 1053 p.
600 969 652 1032 41.
667 991 693 1034 o.
705 969 736 1034 8.
745 992 781 1054 p.
794 972 847 1034 47.
865 992 909 1034 ex
923 971 997 1034 eds't.
1012 972 1116 1033 altera
1129 970 1226 1033 Petri
1240 969 1456 1056 Burmanni]:

197 1081 232 1144 in
249 1079 313 1143 boc
337 1088 447 1142 tamen
470 1078 582 1140 edicto
603 1098 664 1162 pro
683 1076 777 1160 loco,
795 1079 854 1142 ubi
871 1079 1026 1164 jumenta
1044 1075 1260 1154 stabulantur,
1282 1077 1456 1163 accipitur,

198 1189 247 1252 uti
266 1209 310 1250 ex
328 1189 365 1250 J..
380 1189 410 1249 5.
424 1185 467 1247 D.
482 1186 548 1246 eod.
562 1183 710 1269 adparet.
732 1186 852 1249 Omnia
873 1193 983 1249 autem
998 1184 1185 1270 hujusmodi
1202 1183 1281 1247 loca
1301 1193 1457 1270 suspecta

200 1303 312 1377 erant,
346 1293 426 1378 quia
450 1313 492 1356 eo
515 1291 594 1355 faex
618 1290 785 1355 bominum
813 1291 981 1356 confluere
1016 1291 1156 1356 solebat.
1185 1289 1336 1376 Vigebat
1364 1292 1457 1356 inter

198 1401 368 1467 Romanos
387 1409 422 1464 et
439 1407 572 1464 exteros
584 1400 640 1485 jus
658 1398 812 1483 hospitii,
830 1399 986 1485 adeoque
1009 1399 1071 1462 viri
1089 1397 1297 1464 honestiores
1310 1420 1380 1462 nou
1398 1399 1457 1463 de·

199 1509 375 1576 vertebant
391 1509 425 1571 in
444 1507 618 1593 cauponis:
640 1505 699 1569 sed
717 1506 884 1572 hominum
906 1506 1068 1571 colluvies
1088 1505 1137 1570 ibi
1157 1505 1295 1571 delicias
1310 1528 1458 1592 quaere-

198 1617 266 1682 bat.
296 1615 370 1679 Nec
387 1615 450 1680 viri
475 1615 509 1678 in
537 1612 702 1698 dignitate
729 1615 899 1678 constituti
925 1613 1064 1679 navibus
1093 1614 1235 1700 publicis
1261 1614 1457 1694 utebantur,

118 1711 121 1722 ¹
200 1725 260 1788 sed
285 1722 434 1808 proprias
457 1721 520 1787 sibi
541 1719 780 1785 conducebant
809 1721 909 1786 Unde
930 1730 996 1786 tam
1024 1722 1152 1786 famosa
1172 1727 1245 1784 erat
1270 1731 1456 1804 nautarum,

200 1851 404 1916 cauponum,
424 1828 743 1914 stabulariornmque
765 1828 911 1914 malitia,
935 1837 972 1896 ut
991 1827 1152 1894 Horatius
1177 1828 1321 1892 Sermoa
1338 1827 1408 1892 Iab.
1430 1829 1454 1890 I.

200 1945 261 2000 sat.
274 1939 305 1999 5.
320 1957 348 2000 o.
363 1936 393 2001 3.
408 1957 454 2020 sq.
470 1934 512 1999 de
527 1934 567 1999 iis
583 1944 694 2000 canat:

394 2085 437 2098 —
477 2085 521 2096 -
560 2085 604 2097 -
644 2086 687 2098 -
727 2051 806 2114 Inde
826 2052 946 2114 Forum
966 2055 1062 2134 Appt,

395 2159 567 2240 Dsjffertum
586 2161 705 2232 nauus,
726 2177 945 2222 canronrans
966 2169 1061 2242 atque
1081 2160 1237 2242 mals‘gm'a.

201 2276 367 2339 Interesse
380 2293 462 2358 ergo
477 2271 655 2339 videbatur
667 2272 872 2357 reipublicae
885 2273 944 2336 bos
960 2273 1111 2338 homines
1129 2294 1249 2358 pravos
1261 2294 1330 2336 non
1348 2273 1453 2338 solum

202 2402 246 2446 ex
264 2381 357 2468 quasi
378 2387 568 2463 contractu,
590 2379 703 2444 sedet
729 2401 773 2443 ex
800 2380 893 2466 quasi
915 2380 1039 2445 delicto
1063 2375 1181 2445 teneri.
1201 2382 1247 2446 Et
1268 2380 1353 2446 haec
1366 2383 1454 2444 actio

201 2490 310 2555 locum
329 2487 490 2570 habebat,
508 2489 536 2551 si
552 2486 682 2571 famuli,
699 2508 837 2571 quorum
858 2508 962 2573 opera
977 2496 1011 2552 et
1027 2487 1210 2552 ministerio
1228 2496 1361 2571 nautae,
1378 2510 1455 2552 cau-

202 2617 327 2682 pones,
350 2595 405 2659 vel
429 2593 601 2658 stabularii
632 2595 682 2658 usi
707 2603 818 2676 erant,
840 2594 992 2659 damnum
1013 2595 1178 2661 furtumve
1202 2595 1369 2662 fecissent
1401 2598 1452 2660 Eo

125 2699 130 2708 ’
204 2702 292 2767 enim
318 2721 396 2764 casu
420 2701 576 2766 adversus
602 2701 692 2786 ipsos
714 2709 849 2785 nautas,
875 2723 1057 2788 caupones,
1085 2702 1282 2768 stabularios
1303 2703 1392 2768 actio
1419 2704 1452 2766 in

82 2809 95 2826 ¹
204 2809 338 2895 duplum
356 2809 583 2893 competebat:
600 2810 639 2872 L.
652 2810 683 2872 5.
699 2810 728 2891 §.
747 2811 803 2870 ult.
819 2809 861 2871 D.
877 2811 917 2872 de
937 2811 1036 2893 Odls'g.
1053 2819 1086 2874 et
1101 2819 1160 2874 oct.
1177 2812 1215 2872 L.
1233 2832 1289 2874 un.
1305 2813 1347 2874 D.
1362 2811 1452 2874 uun.
1526 2831 1527 2908 p

204 2917 279 2996 ado.
290 2925 380 2980 naut.
393 2917 432 2980 L.
448 2918 506 2980 ult.
520 2917 550 3000 §.
566 2915 596 2979 1.
611 2917 652 2980 1).
667 2916 768 2980 Naut.
782 2937 873 3000 caup.
883 2919 967 2982 stab.
983 2926 1018 2982 et
1033 2902 1133 3001 §.ult
1148 2918 1174 2980 1.
1189 2919 1221 2982 b.
1235 2927 1258 2980 t.
1273 2923 1322 3000 s).

646 3221 732 3287 LIB.
753 3221 814 3286 IV.
835 3221 928 3287 TIT.
949 3222 1010 3287 VI.

813 3383 850 3422 D!

549 3499 1103 3578 ACTIONIBUS.

290 3663 460 3729 Hactenus
476 3665 519 3730 de
535 3666 662 3730 duobus
676 3667 761 3752 juris
777 3668 917 3753 objectis
932 3675 1057 3750 actum,
1074 3672 1155 3752 puta
1176 3665 1219 3730 de
1239 3683 1402 3733 sansonis
1420 3675 1452 3728 et
1524 3675 1525 3702 ³

208 3786 331 3834 nunus:
347 3773 418 3856 jam
438 3771 481 3836 de
499 3774 600 3847 tertio
614 3778 660 3858 ⁸),
684 3775 774 3862 quod
794 3791 960 3840 semones
979 3772 1220 3860 complectitur,
1244 3773 1377 3838 disserit
1392 3775 1455 3837 Im-

208 3886 351 3961 perator.
374 3877 479 3944 Totus
502 3878 616 3944 titulus
634 3883 740 3946 varias
760 3883 845 3948 sistit
867 3883 1031 3946 actionum
1053 3880 1233 3946 divisiones
1251 3889 1287 3946 et
1304 3881 1455 3944 differen-

209 3984 286 4066 tias,
301 4007 385 4070 quae
403 4009 502 4072 quum
520 3987 667 4074 intelligi
685 3993 742 4054 vix
757 3991 901 4075 possint,
914 3991 977 4055 nisi
998 3990 1070 4077 quis
1090 3999 1239 4054 veterum
1255 3987 1454 4074 judiciorum

278 4189 433 4256 g.)0e01
451 4190 469 4245 1.
487 4195 520 4245 P
537 4193 587 4245 ιιι.
605 4210 628 4246 0.
646 4195 1097 4261 6.p.493-498.Christ.1.ud
1116 4193 1235 4248 sessim
1252 4194 1328 4248 nas.
1348 4195 1380 4245 a
1397 4211 1454 4247 e..-

208 4289 339 4340 ponar-um
358 4276 458 4343 criptae
475 4285 501 4328 et
516 4277 599 4347 jure,
616 4286 643 4329 et
659 4280 828 4346 mapistratue
848 4282 876 4334 in
894 4282 927 4334 iis
945 4281 1099 4334 ordinandis
1116 4297 1190 4332 cura.
1211 4280 1303 4348 (Gott.
1323 4281 1399 4332 17³8.
1415 4277 1453 4342 4.)

210 4357 370 4423 §.W-19.
387 4373 414 4424 p.
432 4365 503 4415 24-
513 4365 556 4416 88.
574 4361 664 4414 Haud.

279 4440 311 4506 s)
279 4444 367 4494 snt
384 4448 456 4508 sunt,
474 4444 522 4512 qui
539 4445 614 4497 haud
629 4445 735 4501 levibus
751 4449 797 4502 usi
813 4449 980 4515 veementis
997 4449 1153 4514 defendant,
1171 4446 1325 4501 docuinam
1341 4446 1376 4499 de
1390 4440 1457 4496 obli·
1522 4495 1523 4500 ,

210 4521 366 4588 Menum
381 4527 408 4582 ei
424 4541 486 4582 esse
499 4505 721 4598 adsignaddam
708 4531 776 4599 Juri,
793 4534 868 4603 quod
884 4534 921 4588 ad
937 4534 1058 4588 actiones
1075 4537 1187 4600 spectat,
1204 4531 1336 4586 nimirum
1348 4533 1457 4598 propter
