3030 5160
312 352 314 357 ’
373 375 430 445 Da
455 375 657 447 remman
683 373 990 446 Omanorum.
1237 385 1310 454 545
1335 392 1341 404 '

659 599 667 616 .
687 554 719 616 7.

130 767 299 854 Stipulari
313 776 471 852 poterant
483 791 618 851 omnes,
635 769 753 853 quibus
774 769 900 834 licebat
914 771 1126 854 contrahere,
1142 771 1242 857 quive
1256 775 1310 838 in*

39 877 255 962 telligebaot
276 874 467 960 negotium,
495 897 534 940 ac
556 876 646 942 veile
668 883 833 960 poterant.
852 875 944 963 (st.
966 879 1031 944 ΙΙΙ.
1051 881 1123 943 106.
1145 879 1233 961 106.)
1258 880 1307 944 At

38 984 180 1048 inutilis
202 991 274 1048 erat
295 982 466 1068 stipulatio
490 983 704 1048 furiosorum:
725 983 802 1065 §.Q
824 985 902 1046 Inrt.
926 987 966 1048 de
983 987 1067 1049 Inar.
1088 989 1194 1068 stupui.
1216 996 1253 1051 ut
1275 995 1311 1052 et

39 1111 224 1156 servorum
247 1089 437 1174 promissio:
460 1091 491 1172 5,
508 1091 539 1154 6.
552 1093 618 1154 eod.
642 1092 687 1154 Et
701 1089 778 1153 binc
793 1091 912 1175 jocosa
933 1099 1058 1156 tantum
1082 1101 1132 1158 est
1149 1091 1311 1158 Pseudoli

40 1199 137 1262 servi
165 1197 340 1282 promissio
364 1197 454 1280 apud
474 1197 630 1262 Plautum
650 1197 685 1260 in
708 1199 866 1261 Pseudolo
884 1200 955 1260 Act.
979 1201 1005 1262 L
1026 1221 1122 1264 sceno
1142 1199 1172 1262 1.
1191 1221 1219 1262 o.
1237 1197 1309 1266 112

42 1305 216 1390 Stipulari
232 1312 351 1368 tamen
367 1304 459 1388 servi,
475 1314 632 1388 poterant
655 1325 698 1368 ex
713 1325 856 1392 persona
874 1306 1090 1370 dominorum.
1112 1305 1213 1370 Unde
1229 1329 1312 1392 qua-

42 1433 196 1498 cumque
218 1411 358 1476 iormula
375 1420 484 1476 essent
499 1411 659 1498 stipulati,
674 1434 741 1476 non
757 1411 831 1493 sibi,
847 1413 906 1476 sed
922 1413 1063 1478 dominis
1078 1413 1311 1499 adquirebant,

44 1529 289 1606 praeterquam
312 1520 339 1582 si
361 1519 482 1584 factum
506 1519 540 1582 in
563 1519 778 1612 stipulatione
802 1521 1044 1586 contineretur:
1064 1542 1114 1606 pr.
1130 1521 1161 1602 ᾖ.
1175 1521 1205 1585 1.
1227 1521 1311 1596 et2.

45 1631 129 1691 Insa.
155 1629 197 1690 de
219 1627 309 1689 Sero.
331 1631 434 1711 aspar.
449 1632 493 1708 ⁰).
524 1626 597 1690 Imo
620 1637 655 1692 et
675 1649 787 1692 servus
808 1607 1046 1710 hereditarius,
1063 1628 1209 1693 nondum
1230 1629 1313 1694 licet

47 1736 145 1800 adita
161 1733 369 1816 hereditate,
386 1733 514 1798 utiliter
533 1735 764 1819 stipulabatur,
785 1735 863 1821 quia
877 1734 1045 1803 hereditas
1054 1736 1173 1820 jacens
1188 1736 1225 1803 in
1237 1736 1313 1820 ple-

46 1843 167 1930 risque
183 1862 345 1926 personae
361 1841 538 1906 defunctae
554 1843 660 1908 vicem
676 1843 875 1908 sustinebat:
886 1849 987 1928 praba.
1003 1845 1081 1908 last.
1098 1843 1165 1906 eod.
1287 1829 1293 1838 ⁶

495 2127 683 2196 separaum:
696 2128 870 2198 pupillorum.

138 2215 204 2292 Ad
215 2225 361 2312 pupillos
376 2219 467 2312 quod
483 2207 666 2309 attinebat,
682 2228 707 2292 ii
723 2237 779 2292 aut
793 2227 936 2290 infantes
952 2235 1058 2307 erant,
1074 2237 1131 2292 aut
1146 2229 1315 2311 pubertati

52 2335 242 2420 propiores.
263 2335 412 2399 Infantes
426 2356 489 2399 nec
503 2355 635 2424 rogare,
651 2355 713 2398 nec
731 2335 924 2419 promittere
939 2340 1110 2417 poterant:
1125 2333 1184 2396 sed
1200 2355 1313 2398 eorum

53 2465 106 2506 res
127 2428 402 2508 administrabant
425 2452 561 2507 tutores.
583 2441 642 2505 Sin
657 2465 737 2506 vero
763 2445 804 2506 ab
828 2441 906 2528 ipsis
930 2437 1113 2521 tutoribus,
1127 2440 1184 2503 vel
1200 2461 1313 2504 eorum

55 2551 304 2636 fidejussoribus
325 2549 452 2636 aliquid
475 2558 563 2614 esset
586 2550 824 2635 stipulandum:
841 2569 955 2612 eorum
978 2547 1051 2611 viee
1074 2545 1316 2632 stipulabantur

56 2662 146 2724 servi
176 2658 232 2723 vel
259 2657 385 2742 proprii
411 2657 467 2721 vel
497 2658 632 2742 publici.
660 2657 858 2742 Exemplum
883 2657 961 2720 vide
988 2675 1085 2740 supra
1111 2653 1178 2717 Lm.
1205 2657 1230 2716 Ι.
1258 2652 1316 2718 lit.

58 2767 185 2829 XXIV.
204 2767 232 2848 §.
247 2765 277 2828 3.
300 2766 478 2830 Pubertati
493 2767 666 2850 propiores
690 2776 746 2831 aut
768 2766 851 2830 alios
874 2763 1089 2850 obligabant,
1106 2769 1163 2824 aut
1184 2759 1316 2846 obliga·

58 2876 181 2939 bantur
195 2873 278 2937 aliis.
291 2873 409 2936 Priore
422 2894 497 2936 casu
511 2883 604 2937 recte
620 2873 860 2958 stipulabantur
875 2873 974 2935 etiam
986 2868 1056 2934 sine
1068 2868 1185 2932 tutoris
1202 2877 1318 2933 aucto-

59 2985 171 3048 ritate.
193 2980 385 3046 Posteriora
400 3001 482 3045 vero
498 2982 608 3066 rogati
629 2980 792 3044 inutiliter
809 2979 1065 3063 promittebant,
1081 2977 1142 3039 nisi
1165 2984 1316 3041 auctores

60 3091 183 3155 tierent
198 3097 340 3155 tutores:
355 3090 384 3172 §.
400 3087 431 3152 9.
445 3091 525 3152 lost.
540 3089 579 3151 dc
592 3089 677 3152 Inut.
691 3089 796 3170 st‘mul.
815 3085 907 3172 (Graj.
923 3084 986 3148 111.
1001 3083 1065 3146 107
1070 3083 1210 3168 -109.)

649 3247 680 3341 s.
700 3257 730 3320 a.

334 3373 521 3444 &ipulotiones
541 3373 695 3452 liberorum,
713 3373 759 3444 qui
775 3372 804 3426 in
816 3379 946 3442 potestate
963 3377 1050 3424 meat.

149 3476 219 3553 Qui
235 3482 329 3540 erant
343 3475 377 3538 in
388 3481 565 3558 potestate,
580 3475 679 3540 liberi
691 3474 818 3540 utiliter
831 3472 1084 3555 stipulabantur,
1095 3472 1318 3553 poterantque

27 3597 29 3603 '
65 3595 101 3651 et
116 3584 262 3668 obligari
278 3581 351 3646 aliis
361 3605 369 3644 ε
381 3583 410 3664 5.
421 3582 452 3644 6.
465 3583 542 3644 last.
557 3585 588 3644 a.
599 3591 632 3658 t,
643 3589 790 3666 'excepto
805 3588 929 3662 mutuo,
941 3577 995 3642 cui
1009 3573 1184 3641 resistebat
1194 3573 1318 3638 SCtuua

65 3690 363 3772 Macedonianum,
379 3691 421 3753 de
442 3711 508 3775 quo
530 3690 617 3754 infra
639 3690 681 3753 ad
697 3691 763 3752 aa.
782 3689 838 3752 IV.
860 3689 916 3753 itt.
936 3687 1006 3748 VII.
1025 3691 1142 3769 agetur
1163 3680 1320 3766 pluribus.

65 3801 162 3864 Inter
183 3807 309 3884 patrem
332 3805 442 3861 tamen
466 3807 500 3862 et
515 3797 619 3861 filium
638 3797 673 3860 in
689 3804 854 3880 potestate
870 3794 1082 3859 constitutum
1099 3788 1225 3854 inutilis
1247 3793 1321 3852 erat
1360 3849 1362 3856 ,

67 3907 252 3992 stipulatio,
269 3905 431 3992 siquidem
446 3905 482 3967 hi
496 3906 573 3990 jure
588 3903 741 3969 Romano
757 3926 817 3988 pro
832 3925 897 3967 una
916 3919 1057 3986 persona
1072 3895 1320 3983 reputabantur.

666 4102 674 4117 .
697 4055 747 4120 10.

495 4172 564 4226 Aliis
582 4057 706 4242 capulari
721 4189 774 4224 non
792 4167 893 4224 licebat.

154 4273 264 4338 Nemo
281 4295 414 4358 quoque
429 4282 563 4358 poterat
576 4273 649 4338 aliis
665 4271 825 4358 stipulari,
841 4256 1073 4356 praeterquam
1085 4264 1154 4352 juri
1169 4282 1228 4326 suo
1244 4260 1321 4324 sub-

141 4479 173 4548 e)
194 4479 277 4544 Quod
301 4479 440 4548 quomodo
458 4478 664 4546 intelligendum
683 4478 736 4532 citt
753 4476 807 4530 rid.
829 4471 1029 4530 Mtthlenbmeh
1055 4470 1160 4525 aarum
1179 4469 1205 4522 d.
1221 4467 1323 4526 Forat:-

73 4581 180 4634 ruopsr.
199 4579 226 4630 p.
238 4567 298 4617 272
316 4577 356 4631 sq.
374 4564 416 4616 ed.
430 4569 455 4617 3.
475 4563 560 4618 Milli.

1086 4640 1129 4704 35
