3062 5156
407 353 583 446 Dadanu
608 377 750 461 Qunnr.
777 377 832 446 Er
857 376 969 446 Grvrr.
1245 384 1317 450 233
1374 475 1378 490 ¹

79 577 165 641 quam
181 552 413 638 amplificatum
430 573 501 616 esse
517 552 558 616 ab
570 551 745 636 Antonino
763 553 880 618 civium
897 573 1078 635 numerum,
1089 553 1142 616 vel
1159 573 1202 616 ex
1217 575 1316 618 numo

78 664 264 747 praecipuae
281 662 424 725 raritatis
447 667 591 740 constat,
613 660 647 722 in
664 681 730 744 quo
751 677 949 724 euphranon
965 677 1082 749 mvl-Um
1098 660 1234 726 dicitur:
1251 662 1316 724 dis·

79 773 187 834 crimen
203 779 315 832 tamen
332 768 468 849 civium,
484 767 696 847 Latinorum,
718 769 919 850 Italicorum,
936 767 1200 852 provincialium,
1217 769 1316 832 etiam

78 888 142 962 post
155 876 317 941 Antonini
333 875 388 938 Pii
403 884 553 959 tempora
570 875 786 959 superfuisse,
803 897 899 960 quum
918 898 960 939 ex
975 876 1048 940 aliis
1068 874 1151 939 locis
1167 876 1316 959 adparet,

78 997 133 1048 tum
159 1006 201 1047 ex
218 983 434 1066 inscriptione
457 983 545 1067 apud
567 982 698 1047 Gruter.
710 1006 742 1084 p.
762 982 965 1046 000chst
983 1005 1014 1044 n.
1026 969 1059 1045 ¹l.
1075 1005 1119 1046 ex
1134 1005 1199 1067 qua
1220 984 1316 1046 simul

78 1095 233 1172 discimus,
250 1090 455 1154 Antoninum
474 1090 588 1153 Carnis
611 1099 645 1153 et
661 1088 786 1153 Catalis
805 1096 941 1172 propter
956 1090 1150 1154 Aedilitatis
1166 1091 1315 1175 gradum,

78 1200 153 1283 apud
168 1201 393 1281 Tergestanos
409 1206 548 1281 gestum,
558 1197 636 1280 jura
652 1198 793 1262 civitatis
809 1197 982 1260 Romanae
999 1198 1139 1260 dedisse.

636 1399 665 1481 ς.
687 1399 736 1462 17.

405 1517 451 1568 An
469 1532 526 1568 eam
544 1515 656 1567 Marone
673 1515 826 1583 Imperator
844 1515 973 1568 ediderit?
1004 1509 1007 1518 ¹

147 1636 222 1698 Non
240 1633 345 1695 minus
361 1641 483 1712 errant,
499 1632 555 1716 qui
572 1653 642 1694 cum
658 1631 799 1694 Aurelio
816 1631 954 1694 Victore
971 1630 1005 1693 in
1021 1635 1085 1694 vita
1102 1632 1208 1694 Meroe·
1220 1655 1246 1694 c.
1262 1632 1313 1694 16.

79 1740 115 1803 Μ.
128 1741 329 1804 Antoninum
350 1741 444 1824 hujus
460 1740 703 1806 constitutionis
723 1746 890 1802 auctorem
908 1738 1050 1818 faciunt,
1069 1739 1110 1802 ad
1127 1761 1223 1822 quam
1240 1760 1315 1802 sen·

80 1851 198 1912 tentiam
225 1849 325 1912 etiam
348 1847 486 1910 casaub.
511 1850 555 1910 od
574 1848 735 1929 spartian.
756 1848 862 1908 Hodr.
876 1846 927 1908 21.
948 1845 1065 1930 paullo,
1084 1846 1215 1909 videtur
1237 1867 1314 1929 pro·

79 1955 188 2018 clivior.
209 1957 295 2018 Nam
312 1955 509 2038 superfuisse
526 1955 584 2016 sub
606 1955 669 2017 hoc
688 1955 845 2038 Principe
862 1955 949 2017 inter
964 1954 1053 2017 cives
1069 1963 1104 2018 et
1119 1956 1314 2038 peregrinos

80 2063 251 2145 discrimen,
277 2072 370 2146 patet
386 2082 429 2126 ex
451 2062 667 2125 celeberrima
686 2062 955 2144 Lugdunensium
972 2063 1125 2146 Epistola
1142 2063 1229 2148 apud
1245 2064 1314 2126 Eu-

79 2171 135 2233 seb.
157 2173 337 2233 Εοοὶεείαεὶ.
363 2171 484 2233 Hister.
510 2171 545 2230 V.
563 2170 593 2230 l.
620 2169 677 2231 ubi
700 2170 806 2252 ajunt:
836 2167 905 2234 ιοόοε
927 2170 981 2251 μὲν
1005 2168 1133 2235 ἐδόκουν
1156 2172 1314 2234 πολιτείαν

78 2284 201 2360 (νομαίων
215 2281 381 2362 ἐσχηκέναι,
396 2281 510 2342 τούτων
525 2275 671 2357 ἀνέτεμνε
683 2273 738 2349 τὰς
754 2274 898 2356 κεφαλάς·
910 2275 979 2349 τοὺς
991 2275 1023 2339 δὲ
1039 2273 1170 2350 λοιπούς
1181 2281 1314 2357 ἔπεμπεν

77 2389 113 2458 εἰς
129 2389 230 2468 θηρία.
263 2385 455 2466 Quicumque
469 2387 550 2447 cives
566 2385 703 2445 Romani
714 2387 834 2466 reperti
844 2391 932 2474 punt,
949 2387 1050 2464 capite
1068 2389 1221 2455 truncati,
1240 2386 1313 2445 reli·

78 2495 124 2570 qni
138 2492 244 2553 traditi
255 2503 332 2554 eant
345 2494 456 2554 beeti's.
483 2491 589 2576 Atqui
614 2492 813 2575 scripserunt
834 2490 917 2558 haec
941 2490 1181 2574 Lugdunenses
1202 2497 1313 2554 extre-

22 2673 23 2678 ,
79 2598 128 2658 mis
146 2598 246 2662 Marci
269 2599 483 2683 Imperatoris
508 2600 617 2662 annis:
638 2599 791 2684 adeoque
814 2599 894 2661 inde
917 2607 1009 2662 recte
1035 2598 1148 2679 colligi
1169 2597 1311 2678 videtur,

79 2704 120 2764 M.
134 2705 330 2770 Antoninum
350 2727 417 2769 non
438 2706 603 2770 sustulisse
624 2706 709 2770 illud
729 2706 920 2790 discrimen,
939 2707 1030 2792 quod
1051 2707 1139 2770 inter
1161 2707 1248 2768 cives
1273 2727 1312 2770 ec

80 2815 254 2896 peregrinos
276 2813 471 2876 intercessit.
493 2812 582 2876 Illud
604 2820 713 2877 tamen
734 2815 947 2878 certissimum
969 2824 1034 2895 est,
1051 2822 1117 2877 tam
1137 2813 1311 2878 liberalem

79 2920 108 2980 in
128 2920 226 2984 dando
246 2919 388 2983 civitatis
412 2922 490 3005 jure
509 2920 608 3008 fuisse
627 2922 674 2984 M.
694 2922 916 3002 Antoninum,
934 2933 970 2986 ut
987 2921 1152 2985 Aristides
1172 2921 1312 2984 Rhetor.

85 3027 204 3089 Orotan
218 3031 353 3090 Romam
367 3051 398 3110 p.
413 3029 485 3090 213.
504 3049 548 3109 eq.
563 3027 606 3114 [¹⁸²
617 3050 660 3091 ex
682 3030 831 3093 editione
855 3030 941 3092 Sam.
959 3028 1064 3111 Jebb,
1086 3050 1171 3112 quae
1188 3029 1313 3114 prodiit

84 3131 188 3196 Oronii
201 3135 292 3198 1722.
307 3133 352 3220 4.]
373 3136 516 3199 scribere
539 3158 606 3200 non
628 3135 794 3208 vereatur:
815 3141 897 3214 ξένος
916 3137 1055 3210 deiicis,
1073 3134 1157 3209 ὅστις
1175 3137 1273 3220 ἀρχῆς
1290 3135 1312 3220 ἢ

84 3247 191 3317 πίστεως
208 3241 298 3320 ἄξιος.
322 3244 391 3305 Νοο
406 3249 599 3327 peregrinus
618 3254 762 3308 censetur
782 3249 963 3327 qnisquam,
986 3247 1043 3325 qni
1058 3246 1107 3304 vel
1121 3248 1313 3324 magistratu

83 3350 193 3428 adside
215 3352 330 3431 di‘gnm
356 3360 411 3412 eei.
439 3355 489 3416 nni
508 3351 543 3416 ati
565 3351 715 3435 Ῥωμαῖον
738 3353 815 3417 εἶναι
835 3351 997 3437 ἐποιήσατε
1025 3349 1061 3416 οὐ
1085 3348 1214 3425 πόλεως,
1234 3347 1313 3413 didit

83 3457 169 3532 γένους
186 3454 279 3540 ὄνομα
302 3463 406 3522 κοινοῦ
426 3455 515 3532 τινός.
549 3461 620 3520 Jom
644 3461 821 3521 Romanum
847 3481 957 3522 nomen
978 3480 1040 3538 non
1067 3458 1152 3520 urbis
1178 3459 1313 3538 oiicrejne

81 3569 128 3631 cet,
146 3566 199 3624 sed
216 3568 344 3646 generis
360 3544 470 3627 toti‘ns:
487 3573 521 3628 et
542 3587 626 3650 quae
649 3576 722 3629 sunt
744 3567 837 3652 hujus
861 3567 992 3651 generis
1011 3565 1092 3629 alia:
1109 3566 1168 3628 ΕΖ.
1190 3564 1312 3652 Spenh.

84 3666 142 3730 ort.
157 3671 241 3732 Rom.
260 3672 374 3733 Eacrc.
390 3673 432 3733 II.
448 3695 473 3734 c.
492 3673 521 3736 2.
534 3697 569 3755 p.
587 3673 658 3735 119.
674 3696 718 3754 sq.

636 3877 663 3958 s.
688 3877 738 3939 rs.

153 3988 196 4040 An
215 4007 247 4040 eo
265 3987 346 4041 tridui
357 3991 442 4057 possit
462 3991 610 4053 Commodo,
629 3994 776 4057 Pertinaci,
795 3992 913 4056 Juliano,
933 3991 1089 4050 Pescennio,
1109 3989 1225 4042 Severo?

145 4103 221 4168 Non
239 4105 344 4168 minus
363 4105 550 4171 liberaliter·
565 4111 642 4193 jura
661 4109 803 4174 civitatis
824 4109 996 4172 Romanae
1018 4107 1165 4191 plurimis
1181 4106 1310 4168 dedisse

77 4205 215 4296 videntur
236 4211 444 4292 Commodus,
464 4215 635 4299 Pertinax,
655 4217 774 4280 Didius
792 4217 955 4298 Julianus,
972 4216 1174 4280 Pescennius
1194 4213 1310 4298 Niger,

77 4311 213 4382 Severus.
243 4319 310 4383 Sed
332 4343 394 4384 nec
416 4323 475 4386 hes
499 4331 607 4387 tamen
632 4324 806 4388 discrimen
827 4324 909 4386 illud
935 4323 1100 4406 sustulisse
1125 4321 1311 4384 luculenter

76 4427 207 4504 ostendit
222 4427 343 4512 Spanh.
364 4431 436 4493 Ort.
451 4433 540 4496 Rom.
556 4435 670 4527 linaro.
687 4435 729 4494 II.
744 4455 769 4495 c.
784 4433 815 4494 3.
826 4455 860 4513 p.
876 4431 946 4494 129.
961 4453 1005 4512 eq.
