2968 5154
769 153 777 180 1

232 324 302 392 130
703 313 778 380 err.
804 259 829 380 l.
854 311 935 380 Tun.
960 313 1003 406 X.

230 493 289 557 ler.
307 491 398 554 Max.
420 492 462 551 ΙΙ.
487 489 516 552 1.
535 488 566 549 4.
587 485 1029 566 Ge11.1vocrr.mra.1V.3.
1057 483 1181 564 (Plura
1203 483 1247 546 de
1268 481 1463 547 divortiorum

223 602 301 687 jure
321 600 485 663 dabuntur
495 595 583 659 infra
598 593 687 678 Adp.
705 594 733 658 Ι.
751 594 780 675 §.
795 593 846 658 44,
865 597 967 679 sqq.).

816 725 845 806 s.
866 725 897 788 9.

575 825 804 894 Corafarrcotr'om'r
822 827 889 878 rimer
906 843 956 877 car
973 822 1147 877 obsoleverit?

315 931 495 998 Enimvero
518 927 573 989 hic
592 927 672 990 ritus
690 926 965 990 confarreationis
986 927 1030 989 ob
1046 925 1205 989 incuriam
1221 924 1365 986 virorum
1381 930 1412 986 et
1426 923 1440 984 f
1453 960 1464 972 -

232 1035 409 1121 minarum,
432 1034 708 1119 difficultatesque
725 1033 1015 1113 caerimoniarum,
1036 1033 1178 1096 studium
1194 1033 1277 1097 item
1292 1051 1463 1094 conservan-

233 1151 296 1214 dae
315 1146 443 1232 patriae
459 1143 644 1228 potestatis,
658 1142 878 1226 impensarum
892 1141 1165 1226 magnitudinem,
1184 1150 1219 1205 et
1235 1140 1375 1204 maxime
1390 1136 1464 1200 deni-

201 1267 203 1272 ’
233 1278 297 1343 que
319 1257 363 1318 ob
382 1251 598 1339 gratissimam
620 1250 837 1314 divortiorum
857 1249 1026 1312 licentiam
1051 1249 1097 1312 ita
1111 1249 1231 1312 sensim
1251 1245 1422 1326 obsolevit,
1437 1251 1463 1306 ut

232 1364 362 1429 Tiberii
382 1370 533 1444 ternpore
553 1379 621 1420 non
643 1358 781 1443 amplius
800 1359 940 1442 reperiri
960 1364 1097 1442 possent
1117 1365 1184 1420 tres
1206 1355 1354 1419 flaminei
1374 1351 1463 1416 candi-

232 1472 317 1552 dati,
344 1468 559 1534 confarreatis
578 1466 734 1550 prognati
753 1467 959 1550 parentibusz
981 1465 1096 1528 Tacit:
1108 1467 1232 1531 ‘Annal
1251 1465 1310 1526 IV.
1322 1463 1370 1525 16.
1389 1460 1462 1541 (vid.

233 1579 263 1662 ὅ.
277 1578 308 1642 6.
323 1585 391 1640 not.
407 1577 450 1659 i).

724 1696 730 1700 ·
808 1683 836 1768 5.
858 1681 908 1742 10.

545 1767 546 1770 Ἴ
572 1778 686 1832 Ooiimta'o
704 1798 740 1832 an
758 1798 774 1833 a
793 1781 1009 1848 consurrectione
1028 1781 1151 1833 diuerso.²

316 1875 449 1940 Diutius
466 1872 580 1958 paullo
596 1872 704 1956 viguit
718 1873 879 1936 secundus
894 1873 1081 1956 nuptiarum
1098 1872 1190 1954 ritus,
1206 1871 1366 1939 videlicet
1379 1884 1460 1931 coau-

233 2001 290 2048 rro
305 1984 351 2065 1ῐ).
372 1984 418 2046 Et
441 2003 519 2044 sane
545 1980 676 2045 videtur
695 1981 837 2043 coemtio
860 1988 895 2043 et
918 1982 952 2044 in
979 1981 1249 2047 confarreatione
1274 1980 1369 2043 fuisse
1390 1973 1460 2040 adhi-

234 2092 315 2173 bita,
326 2081 490 2174 tamquam
502 2089 583 2153 ritus
598 2089 800 2151 adcessorius
815 2089 859 2170 ¹).
873 2089 920 2153 At
933 2089 1106 2174 postremis
1118 2087 1323 2172 temporibus
1335 2079 1460 2158 Romani,

232 2200 390 2284 neglecto
409 2199 564 2285 primario
588 2195 861 2260 confarreationis
882 2198 966 2281 ritu,
991 2197 1096 2260 solum
1117 2195 1355 2274 adcesserium,
1374 2190 1460 2264 idest,

233 2309 468 2387 coemtionem,
487 2307 714 2387 retinuerunt,
734 2313 768 2367 et
789 2305 867 2368 inde
890 2306 1028 2388 factum,
1058 2313 1095 2368 ut
1122 2304 1232 2368 multis
1253 2299 1404 2367 secundus
1422 2293 1460 2355 hic

232 2415 348 2478 modus
377 2418 417 2479 ab
444 2414 505 2476 illo
537 2415 642 2497 primo
671 2434 738 2475 non
766 2414 918 2476 videatur
944 2414 1142 2497 discrepare.
1170 2411 1291 2475 Cicero
1315 2414 1396 2470 certe
1418 2420 1460 2482 prr

234 2523 349 2583 Flacco
364 2521 416 2584 34.
439 2519 553 2582 modos
569 2541 755 2602 recensenS,
776 2521 893 2604 quibus
910 2523 944 2584 in
964 2543 1093 2585 manum
1110 2521 1337 2602 conveniatur,
1357 2509 1460 2576 confar-

233 2628 392 2691 reationis
414 2626 514 2710 plane
540 2648 607 2689 non
632 2627 798 2710 meminit,
828 2629 886 2691 sed
911 2630 1104 2692 coerctionis
1130 2637 1163 2692 et
1190 2649 1282 2710 usus,
1307 2645 1373 2688 eam
1394 2613 1477 2688 haud,

236 2736 422 2816 omissuruS,
437 2733 464 2796 si
485 2733 609 2816 reipsa
628 2754 669 2796 eo
689 2742 838 2818 tempore
854 2738 942 2800 inter
960 2737 1261 2802 confarreationem
1279 2741 1313 2796 et
1330 2725 1459 2794 coemtio-

235 2864 312 2906 nem
333 2840 496 2931 quaedam
513 2841 627 2904 fuisset
643 2841 831 2907 differentia
840 2850 894 2926 ¹¹1).

303 3046 338 3114 k)
358 3045 418 3096 Imc
431 3045 569 3100 sollemnis
581 3046 625 3098 hic
638 3047 707 3099 ritus
721 3046 772 3099 fnit
780 3048 906 3113 gentibus
919 3053 1024 3100 tantum
1037 3062 1095 3100 non
1104 3047 1240 3101 omnibus.
1259 3049 1303 3102 De
1312 3040 1413 3098 libraris
1421 3033 1458 3087 vid.
1476 3069 1477 3074 =

235 3134 304 3187 Gen·
319 3149 341 3184 e.
355 3134 399 3183 ³1.
411 3149 435 3183 a.
449 3135 491 3186 14.
503 3150 524 3186 e.
537 3135 580 3186 34.
593 3150 617 3181 a.
634 3136 673 3184 12.
686 3132 708 3186 Ι.
721 3131 840 3210 Samuel.
853 3151 875 3184 c.
889 3137 931 3188 18.
943 3151 967 3182 a.
979 3137 1022 3187 25.
1040 3133 1084 3186 De
1097 3133 1208 3186 Graecis
1219 3129 1376 3198 Euripidis
1387 3119 1459 3176 Mem

190 3271 194 3278 ,
235 3235 258 3269 c.
270 3221 331 3270 2³2.
356 3214 469 3269 Aristoc
485 3217 570 3270 Polie.
585 3216 626 3268 11.
638 3220 663 3269 6.
681 3217 724 3268 De
739 3215 882 3268 Germanis
895 3217 980 3268 Tacit.
995 3219 1027 3269 de
1039 3218 1111 3270 Mor.
1128 3218 1217 3272 Germ.
1232 3221 1274 3270 18.
1297 3206 1409 3268 Conferri
1419 3218 1459 3256 mr

199 3310 205 3318 ’
237 3306 311 3366 retur
325 3301 486 3367 Gundlingli
501 3303 572 3358 Dias.
582 3301 614 3352 de
627 3299 872 3364 cruciamentorum,
888 3301 947 3352 dote
959 3309 985 3350 et
997 3299 1173 3368 marpenpaha
1186 3319 1208 3354 e.
1223 3287 1459 3368 1.ξ.19.”16.Ηθῐ’11

303 3388 328 3452 l)
349 3384 475 3438 Co'e'mtio
489 3400 525 3443 aa
540 3397 670 3451 umquam
688 3382 769 3435 fuerit
785 3384 952 3438 accessorius
965 3385 1033 3438 ritus
1048 3385 1077 3438 in
1089 3379 1346 3440 confarreationibus
1358 3373 1459 3431 adhiben-

235 3470 304 3522 dust
317 3468 413 3522 merito
426 3470 574 3525 dubitatur.
593 3468 793 3522 verisimiliora
803 3471 870 3523 haec
881 3476 960 3537 sunt:
976 3486 992 3521 a
1004 3469 1139 3536 principio
1149 3485 1203 3522 non
1214 3471 1269 3524 nisi
1277 3457 1460 3522 confarreaticuc

236 3551 264 3606 ia
275 3569 387 3606 manum
399 3567 550 3613 convenere
561 3551 706 3618 mulieres,
721 3554 845 3622 adeoque
856 3554 901 3606 hic
912 3555 1069 3621 nuptiarum
1081 3557 1191 3608 effectus
1204 3555 1240 3608 ad
1252 3552 1418 3608 Patriciorum
1425 3540 1460 3606 jus

237 3644 312 3695 totns
325 3637 462 3704 pertinuit
481 3635 689 3698 Communicato
704 3642 795 3694 autem
806 3655 869 3693 cum
880 3641 960 3705 plebe
969 3639 1115 3704 connubio,
1127 3655 1183 3694 uon
1195 3641 1278 3693 modo
1290 3632 1392 3692 Petricii
1401 3625 1459 3680 facile

237 3723 423 3778 adsuetlebant
435 3721 528 3782 liberis
541 3719 736 3786 matrimoniis,
755 3739 849 3778 verum
866 3723 989 3778 etiamid
1008 3723 1109 3778 sensim
1130 3723 1307 3778 obtinuerunt
1322 3712 1425 3780 Plebeji.
1439 3711 1461 3757 ut

228 3810 321 3879 jacar
335 3826 367 3861 aa
382 3817 469 3862 cerere
487 3807 631 3866 Quiritium
639 3807 707 3876 jare
723 3808 827 3875 nuptias
844 3812 1003 3864 contrahere
1017 3815 1137 3875 possent
1162 3811 1255 3863 Unum
1269 3807 1336 3862 illud
1353 3795 1460 3883 obstabat,

239 3894 313 3962 quod
334 3892 435 3947 rituum
455 3906 609 3956 sacrorum,
628 3891 728 3960 quibus
748 3895 927 3948 Etruscorum
946 3909 1022 3948 more
1040 3895 1268 3949 confarreationes
1286 3892 1391 3949 fiebant,
1406 3876 1460 3945 plebi

239 3979 346 4032 deesset
362 3976 529 4036 communic·
544 3976 684 4034 Succurrit
697 3977 780 4044 igitur
792 3979 1009 4044 mancipationis,
1023 3979 1080 4032 sive
1091 3979 1255 4044 venditionis
1268 3979 1341 4032 illius
1355 3964 1460 4030 imagina-

236 4063 293 4116 riae
311 4064 412 4125 forma,
430 4077 485 4115 usu
504 4060 648 4126 multiplici
663 4065 738 4130 apud
758 4066 897 4118 Romanos
921 4065 1109 4132 frequentata,
1134 4063 1217 4133 eique
1231 4068 1343 4130 propter
1361 4057 1460 4108 mutuum

238 4147 308 4200 iuter
323 4147 412 4203 virum
428 4152 457 4200 et
473 4162 588 4200 uxorem
603 4147 704 4204 amoris
717 4153 800 4217 atque
811 4149 932 4216 conjugii
947 4151 1086 4204 vinculum
1100 4148 1248 4210 coemtioms
1260 4159 1356 4202 nomen
1367 4133 1459 4192 indiam

239 4236 289 4284 est.
308 4232 395 4290 Miilael.

180 4327 182 4334 '
306 4316 349 4382 mi)
369 4319 525 4385 Numquam
541 4318 568 4372 in
583 4333 668 4373 unum
680 4317 814 4373 coaluisse
825 4318 1047 4372 confarreationis
1063 4325 1090 4374 et
1101 4318 1262 4374 coemtionis
1281 4317 1370 4373 ritum,
1387 4299 1458 4365 llllm

240 4398 306 4450 satis
319 4408 392 4453 certo
404 4403 515 4457 scimus.
535 4401 614 4469 (Vid.
627 4417 697 4470 quae
713 4418 797 4470 quum
809 4404 845 4454 ad
861 4403 881 4468 ἓ.
897 4407 921 4455 8.
934 4403 1039 4456 tum‘ad
1051 4405 1123 4456 lruac
1138 4404 1228 4469 ipsum
1241 4405 1328 4456 locum
1339 4392 1410 4449 mod⁰
1425 4378 1459 4434 ad·

241 4482 418 4553 notavimus).
428 4486 618 4540 Probabiliora
633 4487 666 4539 de
681 4486 778 4550 causis,
794 4489 924 4555 quamde
938 4489 1153 4541 confarreatione
1165 4488 1241 4555 loqui
1254 4481 1368 4540 omiserit
1379 4474 1459 4526 Cicero,
