3030 5160
258 371 363 454 Quis.
389 365 488 437 Mon.
515 369 572 434 Ra
598 367 781 436 Corrnau.
808 365 982 440 Osuroar.
1181 375 1249 443 531

30 553 144 631 iquitott.
162 547 296 608 Barnun.
314 545 373 606 III.
388 542 418 604 1.
432 563 465 624 p.
481 543 533 606 46.
554 543 670 606 Fraus.
684 541 893 606 Hotomanus
909 545 948 606 de
962 545 1050 626 legit.
1061 564 1094 625 p.
1109 545 1161 608 74.
1184 545 1252 611 Sed

30 655 159 718 ationem
185 651 247 714 hos
268 653 403 736 sugere,
421 651 491 733 jam
513 647 639 732 pridem
661 649 810 712 ostendit
827 649 882 712 Jo.
902 647 993 713 Frid.
1010 650 1199 716 Gronovius
1215 655 1254 717 de

30 773 110 823 entes.
124 771 158 822 et
171 763 397 823 manamaur.
412 753 608 838 ἀντεξηγήσει
623 757 665 816 ΙΙ.
684 754 735 818 30.
745 777 779 836 p.
793 755 866 818 529.
882 777 925 836 sq.
942 765 976 818 et
992 765 1067 840 post
1083 779 1156 822 eum
1173 759 1252 832 Ger.

30 865 112 928 loodt
131 867 171 928 de
183 866 273 943 soen.
296 872 326 924 et
345 867 452 924 usuris
476 863 518 923 II.
539 861 570 922 4.
587 883 621 943 p.
642 861 715 924 ml).
748 861 842 924 Nihil
865 863 951 924 enim
974 863 1065 926 aliud
1087 866 1148 928 hac
1174 867 1252 950 lege
1317 921 1319 928 s

30 974 142 1036 labinia
159 973 268 1035 fuerat
283 979 430 1050 cautum,
451 989 564 1052 quam,
580 975 674 1030 utne
690 970 762 1052 quis
778 969 893 1052 legato
909 970 1107 1052 provinciali
1123 971 1252 1038 Romae

30 1079 177 1142 abusuris
197 1078 292 1140 daret
305 1084 448 1139 mutuam
465 1075 655 1158 pecuniam:
672 1085 706 1139 et
722 1078 748 1138 si
760 1076 917 1154 dedisset,
934 1098 975 1138 ne
993 1078 1065 1161 quis
1081 1081 1254 1164 magistra-

30 1209 56 1248 us
69 1209 106 1249 ex
124 1209 165 1249 ea
181 1183 370 1269 'syngrapha
379 1184 434 1266 jus
458 1182 600 1262 diceret,
616 1181 730 1244 addita
752 1203 877 1266 poena,
894 1205 992 1268 quurn
1011 1183 1164 1249 adversus
1181 1188 1255 1250 foe-

30 1304 181 1374 neratores,
198 1294 254 1378 qui
268 1313 395 1356 usuram
412 1313 429 1354 a
445 1289 702 1373 provincialibus
719 1302 833 1354 contra
847 1291 957 1374 legem
974 1292 1174 1375 acciperent,
1185 1303 1253 1357 turn
1311 1317 1316 1329 2

30 1400 155 1466 dversus
172 1399 406 1484 provinciales,
425 1397 482 1482 qui
498 1395 632 1460 darent:
647 1397 770 1462 Ascon.
787 1397 955 1462 Pedianus
971 1401 1015 1460 od
1030 1399 1089 1461 osc.
1098 1421 1160 1482 pro
1179 1402 1253 1463 Gor-

30 1512 88 1571 no.
105 1508 184 1592 [η.
201 1505 290 1590 mu]
469 1553 473 1562 ,
575 1587 595 1667 5
627 1586 669 1648 15

253 1702 309 1756 Sed
325 1720 358 1754 ex
376 1703 460 1754 edicto
479 1702 621 1754 Praetoris
640 1701 713 1756 soto
731 1711 757 1756 et
773 1703 1005 1758 comannorum

84 1805 215 1868 Gertius
239 1825 281 1868 ex
309 1804 425 1868 eadem
447 1801 620 1866 Ciceronis
642 1803 784 1887 epistola
807 1805 994 1888 colligitur,
1016 1805 1150 1878 modum
1170 1806 1256 1870 hunc

30 1915 108 1976 usuris
131 1934 202 1976 esse
221 1912 433 1976 constitutum
458 1910 570 1996 edicto
591 1911 769 1976 Praetoris.
793 1912 881 1976 Sane
905 1913 992 1975 euim
1015 1933 1113 1998 quum
1136 1913 1254 1976 Cicero

30 2020 143 2082 Jiliciae
165 2017 351 2081 Proconsul
370 2023 555 2100 praeesset,
572 2015 614 2080 ad
636 2017 783 2082 Atticum
803 2018 968 2082 scribebat
988 2020 1022 2080 V.
1037 2019 1088 2082 21.
1104 2021 1175 2082 fere
1197 2021 1255 2082 sub

30 2127 73 2188 in:
89 2129 219 2188 Interim
235 2145 329 2206 quum
342 2146 400 2206 ego
415 2128 448 2184 in
461 2125 559 2184 edicto
575 2125 742 2196 tralatr‘tt‘o,
753 2123 936 2188 contenturos
947 2149 996 2190 me
1009 2131 1256 2201 observaturum,

30 2235 165 2305 tolerem,
185 2253 256 2293 cum
277 2235 466 2293 anatocismo
491 2233 725 2297 anniversario:
747 2231 797 2290 ille
816 2251 855 2290 en
874 2234 1056 2314 syngrapho
1075 2237 1258 2314 postulabat

30 2353 177 2421 lanternas
193 2344 237 2419 u).
265 2339 347 2414 Quid
361 2341 431 2398 ais?
443 2341 586 2416 inquam,
602 2356 772 2417 possumne
787 2345 896 2398 oontm
914 2358 1016 2398 meum
1030 2340 1187 2400 edictum?
1205 2341 1258 2402 Ex

30 2447 59 2508 ris
72 2445 179 2509 verbis
195 2446 343 2528 adparet,
360 2443 555 2506 Ciceronem
571 2441 604 2504 iu
621 2442 732 2505 edicto
749 2441 990 2526 proconsulari,
1006 2441 1164 2508 Cilicibus
1180 2468 1259 2530 pro-

30 2555 128 2634 )osito,
150 2552 350 2636 promisisse,
368 2550 562 2614 centesimas
586 2572 620 2612 se
645 2549 911 2634 observaturum,
932 2573 1041 2638 neque
1066 2551 1152 2614 adeo
1172 2553 1259 2616 ulte-

30 2660 111 2722 iores
132 2660 281 2742 cuiquam
305 2681 414 2722 usuras
430 2655 701 2741 adjudicaturum.
722 2659 763 2722 Id
786 2658 876 2744 quod
898 2660 997 2723 etiam
1017 2659 1174 2724 Lucullus
1198 2661 1259 2724 ob·

30 2768 151 2830 vervavit
165 2765 198 2828 in
216 2766 396 2852 provincia,
410 2774 496 2829 teste
512 2759 692 2828 Plutarcho
707 2769 770 2826 vito
780 2765 941 2830 Lucullis.
950 2769 1002 2830 20.
1020 2767 1128 2844 Quum
1145 2767 1258 2852 itaque

31 2896 71 2935 am
96 2873 459 2957 supraProoem.§.15.
483 2870 740 2937 demonstratum
765 2873 823 2953 sit,
839 2873 1060 2937 Proconsules
1082 2875 1115 2937 in
1143 2874 1260 2942 edictis

30 2983 73 3045 uis
98 2983 206 3044 edicta
220 2981 416 3042 Praetorum
440 2981 474 3043 in
497 2978 665 3064 plerisque
689 2998 759 3040 esse
785 2990 957 3064 sequutos:
978 2981 1260 3046 verosimillimum

30 3111 90 3150 ane
107 3096 173 3168 est,
197 3108 240 3148 ex
263 3087 381 3150 eodem
404 3088 498 3150 fonte
522 3107 650 3149 usuram
678 3087 885 3149 centesimam
902 3088 1046 3150 hausisse
1065 3087 1260 3152 Ciceronem

30 3193 246 3258 ?roconsulem
259 3241 269 3276 ,
288 3194 440 3280 adeoque
463 3195 550 3256 hunc
576 3213 741 3256 usurarum
771 3193 899 3255 modurn
922 3215 964 3256 ex
981 3197 1057 3280 jure
1082 3195 1260 3259 honorario

30 3324 92 3365 esse.
114 3300 215 3379 Quod
240 3299 338 3365 etiam
363 3303 552 3366 observavit
576 3305 655 3369 Ger.
677 3299 793 3364 Noodt
811 3303 852 3364 de
869 3303 994 3382 soenor.
1010 3312 1041 3362 et
1061 3299 1209 3365 osuald
1231 3305 1262 3366 4.

30 3410 132 3490 1269.
154 3407 339 3472 Adeessere
366 3419 475 3474 tamen
505 3409 626 3473 deinde
650 3430 749 3494 quum
772 3407 991 3490 SCtum,tum
1015 3418 1049 3474 et
1071 3409 1261 3496 Principum
1354 3435 1356 3440 ·

30 3519 283 3598 :onstitutiones,
300 3517 417 3601 quibus
440 3517 498 3582 ille
520 3538 686 3581 usurarum
710 3515 824 3580 modus
845 3519 989 3582 firmatus
1015 3527 1073 3582 est.
1107 3519 1264 3583 Senatus-

30 3624 154 3688 :onsulti
170 3625 342 3708 ejusmodi,
358 3625 521 3688 Marcello
539 3625 750 3709 Sulpitioque
767 3621 857 3687 Coss.
873 3625 962 3708 facti,
984 3627 1107 3689 mentio
1124 3628 1161 3689 fit
1175 3628 1274 3712 apud'

30 3735 210 3797 Jiceronem
232 3733 344 3813 Epn‘stt.
367 3735 412 3794 od
428 3736 568 3810 Atticam
588 3733 624 3792 V.
639 3731 690 3794 21.
714 3731 992 3796 Constitutionum
1014 3755 1094 3796 vero
1111 3735 1266 3817 exempla
1345 3751 1346 3754 ’

30 3849 88 3902 unt
108 3843 143 3905 in
158 3841 196 3901 L.
213 3839 264 3902 13.
279 3840 307 3920 §.
321 3839 372 3902 26.
390 3842 431 3902 D.
451 3842 490 3901 de
505 3842 575 3901 Act.
590 3848 661 3902 emt.
677 3851 708 3900 et
721 3841 811 3902 vend.
827 3843 860 3899 L.
875 3839 926 3922 20.
945 3841 976 3902 0.
992 3843 1032 3903 de
1055 3842 1148 3903 Usar.
1171 3849 1173 3854 ’

593 3992 621 4073 ς.
642 3989 693 4053 16.

509 4097 614 4150 Faenus
631 4099 773 4162 nauticum.
1247 4161 1249 4166 Ι

99 4198 168 4262 Sed
183 4197 237 4260 hic
255 4219 422 4262 usurarum
439 4197 554 4262 modus
569 4206 694 4263 tantum
716 4198 758 4262 ad
774 4198 891 4261 foenus
906 4196 1105 4262 ordinarium
1121 4195 1269 4282 pertine-

88 4393 120 4460 q)
141 4393 207 4445 Von
220 4389 354 4456 Ssvigny:
379 4389 463 4442 Ueber
475 4391 525 4443 deu
538 4389 707 4443 Zinswucler
725 4389 770 4443 des
783 4389 822 4442 M.
835 4387 950 4459 Brutus.
969 4387 1042 4438 Berl.
1059 4389 1132 4438 1820.
1142 4384 1165 4436 l.
1181 4381 1269 4436 Houb.

30 4472 74 4523 Jfr.
87 4480 113 4524 et
127 4475 158 4526 C.
174 4475 205 4525 L.
221 4475 251 4526 F.
271 4475 382 4526 Schultz
401 4474 593 4543 Grundleyuap
610 4493 646 4526 zu
665 4479 737 4529 einer
753 4473 903 4545 perelichtl.
923 4473 1076 4556 Stootswiss.
1096 4471 1143 4554 der
1161 4468 1271 4522 Εὔνηον.

30 4583 41 4621 ι.
54 4563 94 4612 bl.
112 4575 139 4626 p.
152 4563 213 4614 395.
231 4573 292 4627 sqq.
311 4557 398 4646 llltc'tl.
1009 4625 1076 4687 34*
