3056 5168
110 361 190 434 Lr'a.
215 364 275 434 lv.
299 363 380 432 Tm.
405 362 497 430 XVI.
523 363 577 430 De
602 364 721 430 Poena
738 359 900 442 ¹Tentura
926 361 1178 432 mennrrum.
1235 367 1308 434 729

47 544 90 604 de
112 543 187 604 Act.
207 544 288 604 muti.
311 538 403 604 Add.
421 539 520 602 Bam.
535 539 720 604 Brissonius
739 538 779 600 de
790 539 890 616 form.
911 537 946 602 V.
964 559 998 620 p.
1017 536 1090 600 300.
1111 537 1230 602 Varias
1252 537 1309 602 ln-

47 647 270 712 terdictcrum
303 642 481 711 diuisiones
511 648 680 731 explicant
708 648 942 716 Jureconsulti.
969 647 1049 710 Alia
1080 645 1166 708 enim
1195 645 1309 710 dicunt

47 777 124 820 esse
148 771 411 836 rnomnmoms,
433 753 499 818 alia
516 771 785 841 nusrrrunoms,
805 759 870 824 alia
886 770 1119 822 nxmmnonm.
1141 753 1199 830 (cl.
1214 755 1243 836 §.
1257 753 1305 834 6.)

45 862 189 926 Deinde
221 861 288 928 alia
312 862 661 938 immaniinmanu
683 882 922 947 unumunurn,
944 864 1011 930 alia
1039 876 1308 951 aucurunauunn

46 985 286 1034 rossusslouls
309 989 420 1032 caussa
435 967 505 1031 dari
523 969 709 1035 observant.
730 973 888 1056 Denique
907 973 973 1036 alia
989 970 1068 1054 ipsis
1087 975 1160 1032 sunt
1178 983 1308 1034 Statum-

44 1076 456 1157 uLt‚alianura1c1A¹¹¹).
486 1074 553 1136 Sed
579 1075 651 1139 dari
680 1081 778 1144 etiam
808 1079 986 1144 interdicta
1012 1076 1135 1140 mixtae
1160 1082 1307 1156 naturae,

43 1184 156 1248 veluti
173 1203 260 1266 quae
274 1181 369 1245 simul
377 1182 582 1263 prohibitoria
597 1191 632 1246 et
645 1188 838 1260 sumtuum,
851 1188 904 1252 vel
918 1187 1120 1270 prohibitoria
1131 1190 1166 1244 et
1181 1187 1308 1244 restitu-

44 1297 129 1354 tort'a
146 1298 234 1371 sunt,
251 1291 406 1368 observat
421 1287 573 1373 cujacius
594 1291 840 1360 Observatum
857 1296 906 1358 11.
924 1293 987 1358 cui
1003 1293 1102 1356 etiam
1115 1311 1186 1354 eam
1204 1287 1308 1352 debc-

44 1420 117 1461 mus
143 1396 431 1478 observationem,
454 1398 562 1480 quod,
582 1400 729 1483 quamvis
751 1401 853 1484 vulgo
875 1403 954 1465 bina
975 1408 1101 1464 tantum
1123 1396 1183 1460 illa
1203 1395 1308 1458 inter-

44 1506 138 1570 dicta
156 1504 353 1568 retinendae
375 1505 589 1587 possessionis
611 1505 758 1590 duplicia
777 1529 847 1572 esse
865 1509 1004 1589 docent,
1028 1504 1174 1591 ejusdem
1196 1511 1306 1566 tamen

43 1622 189 1676 naturae
215 1620 281 1676 est·
296 1611 524 1694 interdictum,
548 1613 637 1696 quod
666 1614 754 1680 inter
780 1617 959 1682 corrivales
985 1614 1135 1678 redditur
1156 1631 1199 1674 ex
1222 1611 1305 1672 Iul.

44 1720 73 1800 ἓ.
88 1719 144 1782 26.
162 1719 204 1781 Ι).
219 1719 258 1782 de
272 1723 365 1802 Aqua
380 1721 495 1803 quotid.
510 1729 540 1782 et
558 1724 695 1784 certata:
719 1722 871 1809 quacius
891 1727 1066 1788 Obseroatt.
1085 1721 1142 1782 IV.
1158 1719 1208 1781 11.

474 2073 558 2138 LIB.
580 2077 641 2142 IV.
663 2078 755 2142 TIT.
777 2080 879 2146 XVI.

659 2245 695 2283 nu

241 2365 419 2442 uonna
444 2365 662 2444 ununnn
687 2366 1052 2443 emissarium
1065 2368 1112 2462 Ι).

129 2533 277 2596 Interest
296 2531 517 2615 reipublicae,
541 2555 584 2596 ne
609 2542 734 2599 temere
758 2533 800 2596 ad
820 2532 1017 2618 litigandum
1039 2530 1221 2616 procedant
1242 2531 1303 2593 ho-

43 2643 161 2706 mines.
184 2639 273 2702 Hinc
289 2645 323 2700 et
337 2637 480 2704 Romani
498 2659 743 2707 crustuminum
762 2657 988 2706 armenumuu
1007 2640 1124 2724 partim
1146 2639 1303 2723 pecunia·

42 2750 91 2813 ria
122 2769 254 2832 poena,
279 2747 396 2830 partim
420 2749 637 2832 jurisjurandi
665 2750 848 2835 religione,
877 2752 996 2833 partim
1026 2748 1181 2814 infamiae
1213 2756 1302 2812 metu

42 2863 283 2920 coercuerunt:
298 2858 402 2936 priua.
418 2855 494 2918 lust.
511 2857 539 2917 lt.
556 2865 578 2918 t.
599 2858 654 2921 De
673 2856 809 2940 singulis
825 2855 985 2920 nonnulla
1008 2877 1142 2920 monere
1158 2876 1225 2918 non
1245 2857 1302 2918 abs
1331 2873 1337 2888 ¹

40 2986 76 3027 re
103 2961 217 3025 fuerit.

632 3071 662 3152 s.
684 3073 713 3134 1.

340 3183 535 3256 Jusjurcudum
552 3185 699 3242 calumniae
717 3189 745 3240 iu
763 3186 861 3240 caussis
879 3184 1005 3240 ciuilibus.

129 3285 187 3351 Ad
204 3285 429 3370 jusjurandum
454 3304 651 3350 adsumamus
674 3288 764 3373 quod
779 3283 916 3368 attinet,
931 3285 1016 3350 illud
1032 3285 1109 3350 satis
1131 3285 1300 3370 antiquum

37 3405 112 3476 est,
130 3394 277 3478 quamvis
302 3402 419 3477 postea
436 3395 640 3460 Justinianus
662 3393 814 3462 nonnihil
835 3395 869 3458 in
887 3415 928 3457 eo
949 3393 1148 3457 immutavit:
1171 3396 1205 3454 L.
1220 3391 1249 3454 2.
1269 3392 1301 3454 0.
1414 3385 1418 3394 '

36 3508 78 3568 de
97 3503 242 3582 Jurejur.
258 3511 363 3582 propt.
383 3505 441 3564 cal.
463 3503 508 3566 Et
528 3503 671 3586 antiquis
694 3502 826 3588 quidem
849 3502 1051 3587 temporibus
1076 3500 1118 3564 de
1138 3499 1301 3564 calumnia

115 3707 159 3773 m)
180 3706 249 3758 Sunt
267 3706 384 3772 duplicia
399 3705 518 3773 judicia,
536 3708 659 3762 similiter
677 3715 708 3762 ut
722 3709 825 3776 judicia
843 3706 979 3775 duplicia,
993 3721 1038 3768 ea,
1053 3703 1082 3756 in
1101 3701 1200 3773 quibus
1215 3719 1301 3757 uuus-

35 3793 165 3866 quisque
182 3789 345 3856 litigantium
370 3807 514 3858 pcrsonam
532 3798 559 3844 et
576 3795 680 3860 agentis
699 3800 725 3847 et
742 3795 782 3847 rei
808 3794 934 3853 sustinet;
960 3790 1090 3857 Gaj.1v.
1110 3791 1130 3856 ξ.
1153 3793 1298 3843 tea-160.
1319 3793 1326 3802 '

6 3927 7 3932 ,
33 3883 76 3933 At
99 3893 136 3928 ex
155 3874 266 3946 Ulpiani
285 3875 480 3927 Institutionum
491 3877 661 3944 frequento,
689 3879 722 3930 ab
741 3877 905 3930 Endlichero
923 3893 1009 3943 nuper
1027 3881 1134 3942 reperto
1155 3874 1300 3942 (Zsitsclcr.

6 3957 7 3964 ’
24 3963 91 4033 su'r
109 3957 199 4028 qescd.
219 3960 256 4012 R.
284 3961 322 4013 W.
341 3963 373 4014 Τ.
391 3959 445 4014 ΙΧ.
462 3977 536 4012 num.
555 3963 592 4028 Ι.)
617 3964 763 4027 discimus,
791 3963 845 4014 alio
870 3962 951 4014 etiam
976 3977 1058 4016 sensu
1083 3977 1100 4012 a
1120 3959 1192 4026 juris
1214 3957 1300 4012 nostri

34 4043 206 4102 auctoribus
233 4045 318 4110 accipi
336 4044 455 4110 duplicia
473 4043 630 4110 interdicta,
649 4065 681 4102 eo
700 4049 843 4111 nimirum,
858 4063 913 4114 quo
935 4049 1029 4100 cadem
1047 4045 1189 4098 interdicta
1204 4059 1253 4109 pro
1269 4055 1300 4098 re
1399 4057 1402 4060 ·

6 4171 8 4182 .
34 4139 108 4186 nata
127 4129 212 4181 modo
236 4129 427 4195 adipiscendae
444 4131 527 4182 modo
546 4136 746 4197 recuperandae
763 4134 946 4199 possessionis
970 4136 1060 4193 fuere3
1086 4146 1141 4198 quo
1160 4130 1188 4182 in
1203 4143 1299 4193 genere
1336 4173 1340 4178 ,

33 4221 122 4273 erant
147 4214 292 4266 interdicta
310 4231 383 4282 quem
394 4215 524 4280 fundum,
547 4235 622 4285 quem
636 4220 840 4284 usumfructum,
858 4235 935 4288 quam
950 4218 1129 4270 hereditatem.
1150 4212 1228 4280 (Vid.
1242 4213 1299 4262 Ru-

33 4302 117 4357 dorff
133 4299 163 4351 in
182 4300 229 4350 der
249 4299 376 4352 Zeitscltr.
395 4315 423 4352 u.
435 4299 502 4354 a'w.
521 4302 539 4353 l.
560 4302 577 4354 l.
593 4305 665 4356 num.
685 4303 720 4354 Il.
736 4309 763 4354 et
782 4320 852 4371 quae
868 4319 951 4370 supra
968 4301 1020 4352 Tit.
1039 4297 1088 4354 Vl.
1106 4301 1140 4352 ad
1159 4300 1204 4350 fin.
1223 4297 1243 4364 ἓ.
1257 4300 1299 4353 30.

6 4395 7 4400 ’
33 4384 227 4450 notavimus.)
244 4382 323 4436 Unde
341 4397 412 4436 nova
430 4387 478 4436 lux
497 4387 644 4438 affunditur
659 4387 739 4440 Pauli
757 4389 817 4440 loco
835 4388 882 4453 (L.
896 4387 952 4452 ‘aa
966 4389 990 4438 3.
1003 4385 1031 4436 iu
1039 4385 1068 4450 f.
1084 4386 1119 4436 D.
1135 4385 1166 4435 de
1178 4383 1298 4449 interd),

33 4493 53 4528 a
74 4469 190 4526 nemine
207 4474 286 4520 antea
304 4473 374 4520 recte
392 4467 535 4522 intellecto.
555 4471 596 4524 Ol.
616 4472 734 4538 Savigny
754 4473 849 4524 Besitz
867 4489 894 4537 p.
912 4474 973 4522 dus
991 4474 1046 4520 not
1064 4473 1089 4522 2.
1108 4470 1149 4520 eda
1169 4474 1194 4522 6.
1213 4467 1298 4522 Mttt.

113 4556 147 4623 a)
169 4554 230 4620 Gaj.
250 4554 298 4605 lv.
318 4554 655 4620 §.171—18³.Zimmcrn
675 4557 857 4612 Etim-Pron
875 4557 897 4624 ἑ.
919 4559 976 4610 179.
996 4558 1053 4608 180.
1073 4557 1130 4608 181.
1150 4553 1236 4608 Mittt.
