3056 5154
19 397 115 477 Lus.
133 406 197 478 lll.
214 405 296 474 Trr.
309 404 421 474 xxlr.
442 403 569 492 (xxi.)
583 403 638 473 Da
655 405 890 475 hrrannnuu
909 403 1175 498 Onurcnrronur.
1216 410 1287 484 bbl

19 585 239 669 prohibitum
262 579 362 646 indere
383 580 532 662 feminis,
555 601 598 644 ne
619 599 680 664 pro
698 579 775 644 aliis
796 580 1061 665 intercederent,
1085 593 1121 649 ut
1142 588 1289 652 ostendit

19 690 270 756 celeberrimus
292 686 504 770 Ludewigius
527 687 562 750 in
587 689 781 770 merebit
799 691 889 770 juria
912 691 1000 752 Rom.
1019 701 1052 754 et
1071 693 1177 756 Germ.
1203 698 1288 757 otroe

20 801 157 870 Solum
177 798 372 877 Veltejcuum
387 795 453 876 deff.
467 793 496 856 1.
518 793 574 856 Ab
590 793 687 858 initio
702 810 781 858 saue
799 795 888 860 urbis
901 797 1044 862 Romani
1059 798 1197 862 lerninas
1212 821 1290 884 per-

19 915 136 989 petuo
153 903 226 968 otio
240 901 489 985 mancipabant,
509 922 632 986 easque
651 923 714 964 nec
732 903 859 965 molere
869 905 1104 987 patiebantur,
1119 925 1183 970 nec
1197 907 1289 971 cibor

20 1032 197 1096 coquere,
231 1030 294 1074 nec
325 1007 425 1072 ullam
450 1015 578 1092 partem
611 1009 661 1070 rei
687 1009 856 1074 familiaris
882 1013 1065 1096 susciperer
1095 1014 1290 1081 Plutarchus

25 1121 180 1197 Quaerit.
201 1118 333 1180 Roman.
355 1137 381 1177 c.
396 1115 447 1178 85.
469 1137 535 1180 non
559 1119 602 1179 ob
625 1116 723 1180 aliam
746 1117 862 1200 procul
882 1119 985 1182 dubio
1008 1141 1171 1202 caussam,
1191 1140 1288 1206 quern

20 1226 124 1310 quod
140 1215 202 1308 pro'
217 1223 377 1288 Italorum
392 1222 529 1307 ingenio
541 1221 734 1288 feminarum
751 1245 878 1288 suarum
894 1225 1076 1310 pudicitiae
1088 1227 1289 1294 diffiderent.

21 1333 163 1397 Eodem
194 1331 384 1414 pertinebat
411 1329 601 1394 interdictio
632 1331 701 1393 vini
726 1351 844 1396 severe
871 1334 1012 1398 sancita:
1036 1335 1232 1399 Plutarchus
1254 1337 1289 1398 in

21 1442 180 1521 Lycurgi
198 1459 269 1500 cum
289 1439 398 1500 Numa
419 1445 588 1519 comparat.
612 1458 638 1499 e.
652 1438 682 1498 4.
705 1437 863 1524 quodque
885 1460 940 1504 eas
962 1462 1005 1504 ne
1029 1441 1072 1506 de
1097 1443 1290 1510 necessariis

24 1547 168 1632 quidem
183 1547 282 1608 rebus
304 1543 416 1607 dicere
431 1552 625 1627 paterentur
640 1544 710 1607 sine
725 1545 819 1627 viris,
839 1547 948 1626 (Idem
965 1550 1051 1630 nid.)
1072 1549 1288 1628 nedumcon-

23 1654 128 1717 viviis
145 1673 280 1718 vacare:
303 1651 459 1716 Valerius
475 1649 566 1716 Max.
581 1653 624 1714 ΙΙ.
639 1651 669 1714 1.
685 1651 716 1716 2.
739 1651 849 1717 Multo
865 1655 970 1718 minus
991 1655 1031 1718 iis
1047 1658 1289 1741 concedebant,
1386 1695 1392 1712 ι

24 1771 62 1824 ut
77 1761 258 1846 prodirent
272 1760 307 1822 in
323 1758 445 1841 forum,
460 1759 515 1822 vel
538 1759 640 1824 ullum
657 1759 756 1824 civile
773 1761 944 1844 negotium
963 1774 1179 1847 peragerent:
1194 1765 1289 1828 Plut-

25 1869 150 1931 archus
164 1869 236 1930 ibid.

607 1981 637 2064 ᾖ.
658 1981 709 2046 14.

462 2098 519 2150 Gur
534 2098 583 2150 boc
603 2097 704 2152 SOtum
722 2101 872 2154 conditam?

120 2196 219 2274 Quod
235 2200 365 2262 veroin
381 2219 472 2261 usum
487 2198 675 2260 revocanda
690 2199 859 2262 videretur
880 2201 987 2284 prisca
1002 2201 1060 2264 illa
1076 2203 1235 2266 severitas
1252 2225 1290 2267 ac

29 2303 227 2388 disciplina,
250 2306 328 2368 inde
353 2306 474 2368 factum
498 2303 651 2386 arbitror,
671 2308 781 2390 quod,
798 2308 958 2390 abrogata
976 2305 1054 2390 lege
1079 2305 1205 2392 Oppia,
1230 2309 1289 2388 (de

30 2435 101 2498 qua
123 2409 238 2480 Livius
261 2413 417 2476 XXXIV.
431 2413 462 2474 4.
476 2414 505 2474 5.
525 2420 560 2475 et
580 2411 734 2478 Valerius
756 2413 846 2478 Max.
868 2413 926 2475 IX.
947 2411 978 2478 1.
992 2413 1040 2496 3.)
1060 2423 1095 2478 et
1116 2415 1289 2480 mulierum

31 2519 142 2582 tutela
156 2520 275 2584 sensim
291 2520 523 2602 exolescente,
540 2519 684 2584 feminae
699 2519 813 2604 paullo
834 2520 972 2585 liberius
987 2520 1117 2603 vivere,
1134 2531 1169 2587 et
1183 2544 1290 2608 nego-

31 2627 241 2707 tiationibus,
260 2629 411 2706 versuris,
425 2627 716 2692 intercessionibus
731 2647 849 2692 vacare
861 2636 1052 2712 coeperant.
1072 2629 1168 2708 Quae
1182 2631 1289 2698 licen-

33 2735 80 2797 tia
103 2739 140 2796 et
158 2732 301 2820 Augusti
322 2743 356 2798 et
371 2735 503 2799 Claudii
527 2735 659 2816 edictis,
677 2744 711 2799 et
732 2733 798 2798 hoc
818 2735 907 2800 SCto
932 2737 1118 2802 coercenda
1138 2740 1208 2802 visa
1230 2749 1289 2804 est:

35 2841 194 2905 Adcessit
210 2850 327 2926 postea
342 2841 488 2908 Novella
505 2843 684 2907 CXXXIV.
698 2841 787 2910 8..ex
803 2865 868 2927 qua
882 2847 1072 2908 Autlsentr'co
1090 2849 1206 2928 Siqua
1222 2869 1291 2911 mrc-
1367 2865 1371 2878 ’

34 2953 94 3012 liar
113 2951 147 3011 C.
161 2950 207 3012 ad
220 2949 339 3029 SGtam
358 2952 552 3032 Vellcp‘anum
567 2949 678 3025 fluxit,
694 2947 737 3011 de
752 2971 818 3032 qua
831 2950 903 3014 fuse
918 2951 1081 3015 doctores.

213 3308 218 3316 -
362 3263 448 3329 LIB.
470 3263 532 3329 111.
555 3262 647 3328 TIT.
668 3261 790 3328 XXII.
817 3261 954 3344 (XXI.)

650 3425 685 3464 DE

239 3543 592 3618 arrrunnnuu
617 3540 1089 3622 oanrcnrrouraus.
1123 3511 1126 3518 '
1157 3489 1159 3496 ’

122 3706 201 3770 Non
227 3703 327 3768 ullius
352 3713 477 3769 temere
509 3705 738 3770 conventionis
765 3705 934 3771 obscurior
960 3693 1056 3768 nobis
1085 3712 1204 3771 natura
1229 3713 1290 3786 est,

37 3835 137 3900 quam
157 3819 360 3893 contractus,
377 3813 434 3896 qui
453 3831 610 3878 urrraurs
630 3813 741 3894 initur,
765 3815 799 3874 in
822 3834 888 3897 quo
905 3810 1207 3896 explicandoedco
1229 3809 1291 3874 flu-

38 3929 151 3984 ctuant
167 3920 230 3985 viri
247 3920 378 4003 eruditi,
392 3929 437 3997 ut,
449 3942 546 4005 quern
559 3922 761 4008 potissimum
776 3920 932 4004 sequariS,
946 3919 1003 3982 vix
1018 3920 1187 4002 adpareat.
1203 3918 1290 3982 Sane

38 4051 139 4114 quum
159 4025 385 4092 iureconsulti
408 4026 580 4114 plerique,
605 4029 662 4092 ubi
687 4035 911 4094 contractuum
936 4027 1175 4090 nominatorum
1201 4025 1293 4088 varia

38 4155 166 4220 genera
180 4145 366 4216 recensent,
382 4135 565 4200 litterarum
581 4115 796 4220 obligationis
810 4155 878 4198 non
895 4132 1115 4197 meminerint:
1130 4133 1168 4194 J..
1183 4131 1291 4211 1.§l.

37 4244 75 4304 J..
90 4243 122 4302 4.
141 4244 182 4302 Ι).
198 4243 237 4302 ele
258 4243 295 4304 0.
313 4251 346 4303 et
364 4246 406 4305 A.
422 4244 458 4304 L.
478 4243 508 4306 8.
524 4244 552 4326 §.
567 4243 597 4304 1.
613 4245 653 4305 D.
676 4245 715 4306 de
730 4243 889 4324 Fidejure.
906 4241 941 4302 J..
960 4239 1010 4302 52.
1022 4259 1073 4320 pr.
1088 4239 1128 4298 Ι).
1145 4239 1184 4298 de
1208 4237 1244 4297 0.
1261 4245 1294 4299 et

37 4353 80 4411 A.
97 4347 135 4409 L.
152 4347 182 4409 1.
200 4347 228 4432 §.
245 4347 274 4408 1.
291 4347 333 4410 1).
349 4351 387 4411 de
405 4351 516 4414 Nocet.
538 4373 605 4414 non
629 4347 782 4414 dubitant
804 4348 956 4434 quidam,
977 4355 1105 4410 veteres
1124 4327 1189 4405 boc
1212 4357 1291 4406 c'on-

38 4464 163 4520 tractus
175 4477 279 4538 genus
294 4454 393 4540 plane
410 4459 591 4542 ignorasse,
610 4459 711 4543 idque
728 4457 783 4523 vel
799 4453 1087 4548 constitut-ionibus
1102 4451 1291 4535 sequiorum

39 4563 252 4646 Principum,
268 4564 324 4626 vel
339 4564 381 4627 ab
397 4565 469 4649 ipso
484 4566 672 4630 Justiniano
692 4565 820 4628 demum
844 4564 1012 4628 inventum
1030 4581 1111 4624 esse.
1132 4559 1185 4621 lta
1201 4558 1293 4620 Dua-

1056 4659 1098 4720 36
