3040 5164
616 589 703 653 LlB.
724 589 770 653 Π.
792 589 885 653 TIT.
906 587 989 652 XV.
1009 587 1110 653 XVI.

845 758 880 796 DE

299 875 544 954 VULGARI
570 877 640 950 ΕΤ
664 871 957 950 PUPmLARI
981 872 1421 948 suusrlrurlunu.

321 1033 375 1095 De
387 1031 672 1095 substitutionibus
682 1031 740 1092 vix
751 1039 813 1110 est,
825 1028 916 1115 quod
926 1050 970 1090 ex
981 1028 1179 1112 antiquitate
1191 1048 1392 1107 moneamus,
1400 1026 1476 1110 quod

239 1164 307 1206 non
322 1142 393 1227 jam
417 1162 435 1201 a
458 1137 699 1203 Jureconsultis
720 1138 763 1201 sit
786 1136 997 1221 explicatum.
1027 1135 1140 1213 Quare
1161 1136 1274 1218 paucis
1297 1141 1422 1198 tautum
1441 1132 1474 1194 de

238 1250 370 1334 origine
385 1245 665 1328 substitutionum‚
681 1254 716 1308 et
730 1244 923 1329 quibusdam
943 1265 1055 1308 earum
1071 1242 1322 1307 circumstantiis
1339 1241 1477 1304 dicemus.

842 1445 850 1459 .
870 1397 901 1458 1.

707 1399 925 1566 Metabum
942 1513 1025 1580 oripo.

322 1616 465 1682 Multum
485 1614 911 1706 intererat‘Romanorum,
932 1635 976 1676 ne
999 1620 1195 1677 testamenta
1222 1613 1475 1692 destituerentur,

239 1737 308 1792 tum
324 1727 368 1789 ob
384 1722 593 1787 conditiones
607 1725 725 1804 varias,
742 1723 858 1808 quibus
873 1721 1069 1806 plerumque
1092 1721 1136 1783 ab
1149 1721 1276 1784 herede
1291 1721 1469 1784 satisfactum

240 1833 429 1919 cupiebant,
447 1840 514 1894 tum
530 1832 672 1894 maxime
688 1833 731 1894 ob
748 1852 839 1894 sacra
853 1831 991 1914 privata,
1006 1851 1093 1915 quae
1108 1829 1246 1892 interire
1262 1829 1422 1892 uolebant.

824 1982 853 2062 a.
875 1981 905 2045 a.

740 2098 860 2151 Heredes
878 2084 993 2150 seruasti.

322 2201 375 2264 Ne
395 2222 476 2287 ergo
498 2201 630 2264 deesset
647 2201 764 2281 heres,
786 2201 818 2264 ei
839 2201 895 2265 vel
919 2201 985 2283 eis,
1000 2221 1099 2286 quem
1121 2220 1246 2284 quosve
1271 2200 1473 2274 instituerant,

239 2310 436 2373 substituere
454 2308 606 2372 solebant
628 2309 729 2390 alios,
746 2310 789 2373 ad
814 2331 897 2395 quos
918 2309 952 2371 in
967 2330 1075 2372 casum
1101 2307 1326 2371 deficientium
1348 2307 1473 2391 priorum
1510 2367 1511 2388 2

237 2420 327 2481 bona
346 2416 605 2480 devolverentur
618 2420 663 2499 ²),
688 2438 812 2501 eosque
835 2416 1001 2480 vocabant
1024 2432 1180 2480 nsasusss
1206 2432 1400 2480 secunuos:
1422 2413 1473 2475 Gir.
1510 2393 1511 2468 1

237 2525 277 2586 de
299 2526 419 2586 [noent.
439 2525 480 2584 II.
494 2523 545 2585 21.
561 2544 621 2605 pro
636 2527 675 2586 A.
696 2525 816 2588 cluens.
831 2547 858 2587 c.
872 2523 922 2585 ll.
950 2522 1087 2587 Gruteri
1109 2527 1267 2606 Inscripti.
1283 2545 1319 2604 p.
1335 2520 1473 2583 DXVIll.

236 2652 268 2693 rs.
281 2629 312 2692 7.
328 2652 362 2712 p.
378 2630 530 2692 DLXIX.
545 2643 575 2693 π’.
590 2631 620 2694 7.
641 2631 793 2694 Reinesii
812 2633 970 2713 Inscrr'ptt.
989 2634 1087 2694 Closs.
1108 2631 1194 2692 VIII.
1211 2653 1245 2712 p.
1259 2631 1333 2691 515.
1354 2653 1387 2692 rs.
1404 2627 1470 2690 Xlll

238 2747 273 2802 et
291 2738 380 2800 XIV.
402 2737 488 2800 Rem
509 2738 557 2801 ita
581 2738 738 2802 describit
757 2737 931 2822 Appianus
951 2739 990 2801 de
1009 2740 1096 2802 bellis
1113 2739 1219 2801 credid
1238 2737 1373 2800 11143.
1397 2737 1468 2806 'rsa

233 2845 393 2926 Ῥωμαίοις
411 2843 622 2928 παραγράφειν
645 2859 712 2920 τοῖς
733 2843 930 2929 κληρονόμοις
949 2849 1087 2926 ἑτέρους,
1109 2853 1137 2910 ai
1158 2845 1200 2930 μή
1220 2847 1432 2930 κληρονομοῖεν
1448 2845 1469 2905 oi

236 2951 384 3034 πρότεροι.
409 2952 480 3013 Mos
495 2961 544 3014 est
555 2954 716 3028 Romanis,
731 2953 896 3016 hereditas
910 2954 1098 3015 substituere
1115 2955 1202 3029 olrbs,
1217 2958 1247 3016 sr‘
1260 2955 1388 3034 prrbres
1403 2954 1467 3012 tere

305 3149 336 3217 a)
357 3149 520 3203 substitutio
539 3165 604 3215 ergo
621 3149 741 3215 vulgaris
764 3149 857 3201 eXlI
882 3148 980 3201 tabulis
1003 3153 1089 3200 estet
1112 3165 1281 3217 consequens
1304 3148 1470 3214 amplissimae

236 3234 377 3301 potestatis
396 3233 526 3287 derebus
544 3233 601 3285 suis
620 3233 796 3299 disponendi:
814 3230 957 3298 pupillaris
975 3232 1098 3286 moribus
1115 3235 1227 3286 inducta
1244 3233 1346 3286 dicitur
1361 3235 1425 3285 La
1441 3231 1468 3280 l).

235 3320 261 3372 Ιι.
279 3328 297 3372 t.
321 3315 426 3386 cujacii
449 3317 596 3390 Otrerpctt.
627 3317 688 3369 VII.
705 3321 730 3369 6.
758 3316 904 3369 Enimvero
928 3323 956 3368 et
981 3319 1046 3370 haec
1069 3317 1098 3369 in
1120 3317 1226 3384 legibus
1249 3321 1311 3372 XlI
1337 3319 1466 3370 tabularum

235 3404 346 3458 omniuo
364 3401 464 3470 reperit
481 3403 695 3455 fundamentum.
719 3403 802 3454 Pater
819 3403 892 3454 enim
909 3403 1026 3455 familias
1044 3421 1079 3455 ex
1097 3419 1129 3456 ea
1146 3404 1205 3469 lege
1223 3403 1305 3456 etiam
1325 3404 1358 3457 dc
1373 3411 1470 3455 rasuris

235 3501 302 3540 susa
320 3503 362 3540 am
379 3490 470 3554 legare
487 3493 600 3553 poterat.
619 3486 682 3539 Suis
701 3486 782 3539 rebus
800 3487 881 3540 etiam
895 3488 1108 3541 adoensebantur
1125 3487 1301 3551 filiifamilias,
1315 3489 1414 3557 quippe
1427 3482 1471 3552 qui,

234 3577 374 3641 tamquam
391 3589 434 3626 res
452 3571 586 3638 mancipi,
604 3570 632 3624 iu
650 3571 773 3625 dominio
794 3571 865 3640 juris
884 3573 1031 3634 Quiritium
1050 3580 1138 3626 eraut:
1160 3575 1362 3640 Bynkershoelr
1381 3573 1470 3641 dejure

214 3658 316 3732 veroid.
335 3657 378 3710 lit.
397 3659 422 3711 Ι.
439 3676 466 3726 p.
488 3663 543 3710 145.
571 3659 644 3724 Ergo
662 3657 762 3710 rationi
786 3652 996 3710 consentaneum
1015 3657 1171 3720 videbatur,
1190 3663 1294 3723 patrem
1312 3659 1348 3710 de
1374 3653 1469 3725 pecunie

235 3742 284 3797 lilii
301 3743 352 3807 sui,
372 3744 419 3812 qui
437 3743 561 3808 ipseper
579 3750 694 3796 aetatem
713 3743 806 3794 testari
824 3758 879 3795 non
897 3749 999 3808 posset,
1018 3744 1120 3806 testari,
1138 3743 1263 3811 adeoque
1280 3745 1371 3796 cidem
1390 3737 1470 3796 substi-

235 3834 311 3880 tuere
328 3828 498 3894 pupillariter
514 3818 609 3893 posse.
623 3830 703 3880 Heia.
729 3828 805 3880 Male
823 3827 985 3879 Heineecius
1004 3828 1106 3892 statuit,
1124 3828 1266 3895 pupillaris
1285 3822 1471 3881 substitutionis
1510 3815 1511 3818 ¹

232 3912 280 3980 jus
299 3927 334 3962 cx
351 3927 384 3963 eo
403 3927 463 3964 esse
481 3913 671 3986 repetendum,
685 3914 760 3981 quod
778 3912 806 3965 iu
824 3929 914 3964 rerum
932 3929 1046 3966 numero
1059 3914 1144 3979 patris
1162 3914 1227 3966 olim
1240 3913 1343 3965 fuerint
1360 3907 1470 3964 tiliilami·

234 3995 293 4050 lias.
317 3995 474 4064 Numquam
491 3996 562 4050 enim
582 3998 656 4064 apud
673 3999 812 4050 Romanos
830 3997 908 4050 liberi
922 3999 1047 4051 homines
1064 3998 1092 4050 in
1111 4013 1200 4048 rerum
1218 4013 1302 4050 ceusu
1321 3998 1407 4050 babiti
1422 3999 1472 4046 sunt

237 4080 310 4150 (vid.
329 4096 412 4146 supra
430 4081 491 4133 Lib.
510 4083 531 4134 I.
552 4082 603 4134 Tit.
622 4083 675 4133 IX.
693 4084 715 4150 ξ.
737 4089 759 4135 1.
778 4089 833 4135 not.
851 4081 878 4133 d.
897 4079 957 4133 Lib.
976 4082 1011 4133 ll.
1031 4081 1083 4136 Tit.
1102 4084 1123 4135 Ι.
1141 4084 1162 4150 §.
1185 4087 1224 4136 18.
1242 4088 1298 4134 not
1317 4082 1361 4149 i.)‚
1381 4076 1472 4142 nec‚si

235 4165 263 4218 id
280 4165 399 4217 maxime
417 4182 511 4218 verum
529 4172 609 4230 esset,
622 4166 680 4218 siue
694 4167 842 4220 offensione
854 4166 953 4234 aliquis
972 4167 1080 4232 dixerit,
1093 4182 1174 4233 posse
1186 4166 1328 4219 dominum
1345 4168 1378 4218 rte
1397 4178 1471 4217 rarus

234 4266 342 4302 rueram
355 4252 471 4318 pecunia
489 4250 590 4304 testari.
608 4252 705 4304 Potius
723 4249 751 4302 in
769 4256 877 4317 patrum
891 4253 962 4319 jure,
981 4252 1073 4304 omnia
1091 4251 1143 4304 sibi
1160 4252 1294 4314 habendi,
1308 4263 1471 4320 quaecunque
1510 4287 1511 4328 i

234 4334 403 4403 acquirerent
423 4335 508 4398 liberi,
525 4335 667 4401 pupillaris
680 4335 879 4389 substitutionis
895 4336 942 4402 jus
955 4351 987 4386 ac
1004 4352 1103 4389 nomeu
1115 4338 1300 4405 quaerendum
1317 4353 1378 4388 esse
1392 4331 1470 4388 existi·
1510 4332 1511 4372 l

234 4417 371 4470 marcrim.
388 4417 459 4472 Nam
479 4437 562 4488 quum
576 4421 730 4487 impuberes
748 4421 901 4474 testamenti
918 4421 1053 4474 condendi
1068 4422 1132 4487 juro
1150 4438 1204 4475 non
1220 4428 1368 4486 uterentur,
1383 4427 1411 4474 at
1427 4433 1470 4470 mc·
1510 4391 1511 4432 1

236 4503 364 4552 tuendum
385 4509 463 4566 esset,
482 4521 515 4556 ne
533 4505 649 4558 insidiae
666 4507 700 4559 iis
716 4509 810 4558 tierent
827 4523 843 4557 a
861 4503 988 4570 legitimis
1001 4506 1144 4558 heredibus
1166 4508 1242 4574 (Gaj.
1261 4508 1296 4558 ll.
1312 4507 1332 4573 ἕ.
1346 4511 1402 4558 181.
1420 4503 1436 4569 1.
1451 4503 1469 4548 d
1510 4515 1511 4554 l

233 4583 258 4635 Ι.
278 4585 308 4636 de
322 4604 387 4653 pop.
405 4585 508 4655 subet),
524 4591 570 4656 jus
588 4590 656 4643 illud
674 4591 790 4644 obtinuit
808 4597 929 4657 patrum,
948 4591 1026 4658 quasi
1044 4592 1201 4643 continuata
1220 4591 1324 4656 patriae
1341 4584 1469 4656 potestatis
