3040 5164
285 412 339 480 De
366 411 590 500 Usurnucru,
617 411 692 480 Usu
719 414 774 482 Er
798 413 1055 483 Haumnrronn.
1228 421 1299 486 377

633 589 714 672 sa-
751 556 761 562 ’

236 751 239 762 ‚
538 698 612 758 Quid
627 699 810 766 usu.rsructm.²

129 799 342 863 Ususfructus
368 819 449 884 ergo
470 821 580 883 neque
601 819 724 863 merum
745 799 903 878 fructum,
928 821 1037 886 neque
1061 819 1184 863 merum
1209 821 1300 864 usum

56 908 213 989 continet,
234 907 292 970 sed
317 928 359 971 ex
379 917 520 992 utroque
543 907 722 992 colligitur.
745 899 802 972 En¹
817 932 878 972 usu
904 910 991 972 enim
1012 911 1047 974 id
1067 908 1185 988 habet,
1210 909 1301 993 quod

56 1016 168 1078 salvam
188 1016 350 1101 relinquit
366 1016 595 1082 substantiam
617 1037 659 1080 ex
669 1018 785 1097 fructu
800 1039 896 1104 luero,
914 1018 1003 1102 quod
1015 1041 1082 1082 nou
1099 1022 1171 1087 sola
1185 1045 1302 1088 neces-

57 1125 143 1187 sitate
168 1125 293 1188 finitur.
323 1123 488 1208 Adeoque
512 1134 562 1189 est
580 1127 638 1207 jue
666 1126 778 1186 utendi
787 1127 929 1205 fruendi
949 1129 1044 1191 reduc
1066 1133 1191 1207 dicari,
1212 1136 1302 1194 edua

57 1253 154 1294 eurum
175 1235 371 1297 substantio:
391 1239 426 1298 L.
447 1233 477 1296 1.
499 1236 540 1296 1).
562 1236 602 1296 de
629 1234 735 1312 chsr.

632 1366 660 1447 p.
682 1365 712 1426 4.

592 1473 666 1531 Quid
681 1477 761 1524 ms?

129 1574 274 1639 Poterat
292 1595 373 1660 ergo
396 1596 470 1639 usus
491 1573 623 1658 quidem
646 1572 753 1656 legari
773 1573 843 1638 sine
863 1574 984 1640 fructu:
1007 1579 1066 1642 sed
1090 1601 1156 1642 non
1179 1580 1302 1644 fructus

65 1682 120 1744 sine
134 1703 209 1746 usu:
231 1683 270 1744 Β.
286 1681 337 1746 14.
353 1682 382 1763 §.
400 1682 430 1744 1.
449 1686 491 1744 J).
509 1685 548 1744 de
568 1683 633 1745 Ucu
649 1691 680 1744 et
698 1683 790 1744 tabit.
811 1683 888 1746 Non
911 1685 998 1748 enirn
1015 1686 1133 1770 debet,
1154 1689 1206 1768 cui
1229 1687 1311 1772 plus.

65 1789 145 1872 licet,
160 1791 255 1876 quod
275 1790 379 1854 miuus
401 1800 450 1855 est
458 1838 468 1873 ,
489 1811 555 1854 non
578 1789 696 1854 licere:
717 1791 754 1852 L.
769 1790 820 1854 21.
839 1793 881 1852 Ι).
898 1794 936 1854 de
959 1793 1038 1875 fleg.
1051 1797 1122 1877 jur.
1149 1796 1198 1860 At
1217 1817 1303 1877 usus,

67 1900 123 1962 aine
136 1901 243 1964 fructu
266 1899 412 1984 legatus,
434 1899 504 1962 sola
524 1898 646 1963 utentis
665 1898 862 1962 necessitate
881 1901 1003 1984 finitur,
1021 1902 1212 1987 salvamque
1231 1925 1302 1966 esse

65 2017 184 2091 oportet
198 2031 266 2071 non
283 2007 386 2072 solum
410 2008 459 2070 rei
476 2006 704 2086 substantiam,
721 2006 780 2069 sed
796 2015 830 2070 et
846 2008 1085 2072 conditionem:
1109 2011 1147 2074 L.
1162 2010 1212 2076 12.
1229 2014 1259 2095 §.
1272 2013 1304 2076 1.

66 2117 97 2176 Ι).
115 2118 149 2178 de
170 2118 235 2179 Usu
253 2126 285 2178 et
303 2118 397 2178 latu.
417 2116 528 2180 Minus
545 2137 627 2200 ergo
648 2116 797 2178 continet
816 2138 906 2198 usne,
923 2139 1020 2201 quarn
1039 2119 1248 2200 ususfructus,
1269 2129 1304 2184 et

64 2221 129 2286 hinc
143 2224 201 2287 ille
222 2246 286 2288 noc
301 2247 361 2310 pro
377 2234 470 2308 parte
484 2224 591 2308 legari
606 2230 728 2306 potest,
747 2222 836 2307 quod
851 2233 961 2307 potest
979 2203 1193 2290 ususfructus:
1207 2231 1241 2289 L.
1253 2227 1303 2290 19.

65 2332 100 2392 1).
120 2335 180 2394 eod.
198 2354 260 2396 nec
276 2333 374 2396 etiam
392 2353 462 2416 res,
478 2331 549 2396 usui
567 2352 737 2412 concessa,
761 2331 815 2394 vel
835 2332 1038 2414 donatione,
1050 2332 1105 2396 vel
1123 2333 1304 2417 locatione,

67 2439 118 2500 vel
132 2439 197 2502 ullo
214 2441 279 2504 alio
296 2441 407 2523 titulo,
423 2441 457 2504 in
473 2440 612 2504 alterum
629 2439 811 2522 transferri,
828 2441 918 2526 quod
935 2440 1050 2504 itidem
1068 2449 1202 2524 poterat
1213 2463 1306 2506 usus-

67 2546 193 2612 fructus:
208 2551 235 2632 §.
252 2549 281 2611 1.
294 2551 371 2614 Inat.
390 2551 453 2612 eod.
471 2551 508 2612 L.
523 2550 573 2614 12.
588 2551 617 2632 §.
632 2550 662 2614 2.
678 2550 716 2611 Ι..
728 2547 779 2612 38.
796 2571 840 2632 sq.
858 2553 893 2611 L.
906 2548 1010 2612 67.1).
1024 2552 1063 2612 de
1084 2550 1245 2627 Uausruct.
1261 2551 1305 2631 l2).

641 2703 670 2783 p.
690 2704 721 2763 5.

454 2853 468 2862 .
567 2811 639 2869 Quid
656 2809 797 2862 dubitatio?

138 2911 258 2976 Parum
275 2914 316 2977 ab
338 2933 397 2976 usu
414 2911 523 2975 differt
539 2927 734 2993 nnurrnrro,
754 2912 813 2973 sed
830 2911 940 2974 differt
958 2918 1078 2974 tamen.
1100 2912 1186 2975 Nam
1202 2912 1228 2976 Ι.
1245 2912 1307 2976 ali-

75 3019 139 3100 quid
157 3021 296 3105 amplius
314 3020 513 3084 habitationi
529 3020 626 3099 inest,
644 3041 740 3103 quam
757 3020 843 3082 usui:
866 3018 1027 3104 siquidem
1044 3020 1082 3100 is,
1098 3021 1148 3082 cui
1166 3020 1308 3084 debetur
1345 3011 1347 3020 ⁴

75 3123 227 3211 habitatio,
252 3137 354 3193 totam
378 3129 509 3191 domum
530 3148 597 3189 non
619 3127 722 3190 solum
746 3127 950 3207 inhabitare,
967 3124 1024 3188 sed
1046 3134 1080 3189 et
1101 3126 1230 3210 locare,
1253 3127 1308 3191 vel

74 3237 158 3316 gratis
178 3237 364 3300 concedere
383 3244 508 3321 potest:
535 3236 573 3297 L.
591 3235 640 3298 13.
660 3236 692 3297 0.
712 3213 751 3298 tle
774 3237 882 3316 Ususr.
903 3255 988 3318 quae
1009 3255 1100 3296 secus
1118 3254 1153 3296 se
1173 3234 1308 3318 habent,

73 3342 94 3403 si
115 3345 195 3412 solus
219 3365 294 3408 usus
316 3344 445 3408 aedium
468 3343 599 3427 legatus
621 3333 671 3406 sit.
701 3344 745 3406 ll.
770 3343 946 3408 Habitatio
969 3363 1035 3406 non
1059 3341 1219 3405 amittitur
1241 3362 1308 3432 non

72 3454 192 3536 utendo,
208 3473 319 3538 neque
334 3453 397 3516 111.
413 3453 528 3535 capitis
545 3451 790 3533 deminutione,
810 3452 949 3536 perinde
967 3459 1004 3515 ut
1024 3473 1112 3528 usus,
1127 3449 1309 3534 perimitur,

75 3568 102 3622 ut
116 3583 154 3624 ex
169 3563 206 3624 Ι..
223 3563 274 3624 10.
287 3584 339 3645 pr.
356 3564 397 3623 1).
414 3563 453 3623 de
474 3562 539 3623 Usu
560 3569 589 3624 et
604 3562 698 3622 latit.
721 3583 739 3623 a
755 3581 789 3622 se
813 3560 986 3643 ingeniose
1003 3558 1179 3624 emendata
1197 3568 1310 3624 osten-

75 3666 114 3731 dit
127 3669 201 3734 Ger.
215 3670 334 3733 Noodt
349 3671 443 3733 Prot.
459 3671 518 3731 111.
536 3670 565 3731 7.
578 3691 611 3752 p.
625 3669 676 3731 79.
692 3674 735 3750 ⁰).

531 3867 535 3878 .
645 3801 673 3882 §-
695 3801 725 3864 6.

526 3911 608 3978 Oripo
626 3909 719 3961 lanum
728 3911 845 3980 jurium.

145 4014 299 4079 Ceterum
322 4012 404 4076 haec
421 4012 532 4074 omnia
548 4011 711 4100 originem
734 4009 857 4074 debere
880 4010 1036 4073 videntur
1057 4007 1179 4072 ultimis
1195 4005 1311 4070 volun-

81 4122 358 4140 *Q———a--a-——n-

133 4172 162 4238 b)
182 4173 302 4226 Thibaut
326 4171 440 4230 Verruci
468 4172 541 4224 einer
564 4188 647 4224 neuen
671 4169 784 4224 tusone
805 4166 871 4220 iiber
896 4170 937 4246 die
964 4167 1068 4238 eipeatl.
1082 4143 1322 4233 'Besctaffmtett'

77 4252 116 4303 der
139 4257 332 4311 Dienctbarlzeit
358 4258 403 4308 des
429 4275 510 4318 πεπυ
533 4255 561 4308 in
586 4255 691 4308 Dessen
718 4253 866 4306 Verrucden
890 4256 921 4306 Τ.
942 4255 964 4306 I.
989 4270 1065 4306 num.
1088 4257 1113 4305 3.
1130 4266 1157 4317 p.
1175 4254 1210 4302 33
1224 4277 1256 4288 -
1269 4254 1312 4302 68.

76 4339 111 4391 cd.
152 4380 158 4395 .
255 4380 261 4395 ,

125 4342 162 4492 IcI)
173 4341 264 4494 111]ῗο
283 4429 320 4479 R.
342 4431 375 4482 G.
391 4442 417 4493 p.
435 4431 495 4480 508.
514 4431 570 4480 not.
584 4432 610 4479 5.
629 4421 748 4480 Thibaut
764 4424 831 4477 iiber
850 4425 890 4478 die
904 4420 982 4474 Rlim.
1001 4421 1141 4483 lrrrln'tutio,¹
1160 4420 1189 4472 in
1205 4420 1313 4472 Dessea
1356 4395 1360 4398 .

77 4508 115 4562 αὐ.
131 4509 195 4566 All.
214 4529 288 4566 num.
306 4517 331 4564 2.
343 4528 370 4576 p.
383 4515 489 4564 7-35,
508 4511 595 4564 Haud.
610 4530 636 4565 r.
655 4510 796 4562 Buchholz
821 4508 949 4562 Verrucio
967 4525 1042 4562 num.
1064 4511 1103 4562 16.
1123 4520 1148 4558 v.
1161 4502 1312 4570 Meyerfeld

77 4591 152 4646 Lelre
163 4614 212 4650 voa
230 4598 281 4650 den
301 4597 492 4666 Selenkuapen
509 4597 541 4649 Τ.
558 4596 580 4650 Ι.
598 4612 625 4662 p.
646 4598 783 4664 140.'sqq.
803 4595 889 4648 Mitti.
