3062 5156
396 339 453 408 Dr.
477 340 573 409 June
597 339 736 424 Qunam.
763 341 817 410 Far
842 340 953 410 Crnr.
1228 349 1298 418 251

56 519 248 599 amanam.-
265 515 315 579 Id.
326 517 397 580 ibid.
411 519 456 596 ⁰).
473 517 583 602 Leges
596 515 745 579 nimirum
757 516 850 580 Julia
862 525 897 581 et
912 517 1018 601 Papia
1034 519 1205 603 Poppaea,
1221 538 1302 605 quas

60 626 116 687 κατ’
134 622 239 708 ἐξοχὴν
254 621 366 705 νόμους
380 622 436 686 vel
452 626 537 707 leges
558 646 630 688 esse
646 623 750 688 dictas
759 624 829 706 jam
847 623 978 708 Lipsius
993 626 1128 693 Errare.
1143 629 1188 690 ad
1206 629 1302 691 Tacit.

61 733 135 792 Ana.
151 732 212 792 111.
230 730 292 792 Lit.
315 731 347 792 0.
367 731 564 795 observavit.
588 733 680 796 Ante
704 731 953 795 celeberrimam
977 753 1056 796 sane
1076 733 1166 796 illam
1189 734 1300 819 legem

61 839 217 920 cmculaira
233 845 268 899 ct
279 840 385 920 pellea·
400 839 471 922 pari
486 860 583 921 passu
599 838 822 920 ambulabant,
833 859 896 902 nec
911 838 1015 902 altera
1032 839 1137 906 altera
1154 849 1226 906 erat
1240 843 1302 906 bo-
1365 833 1372 844 ’

62 945 190 1007 nestior:
212 941 402 1028 postillam
426 954 537 1008 autern
555 949 770 1027 pellexerat,
793 967 878 1030 quae
905 967 976 1010 cum
1001 947 1132 1032 aliquo,
1149 950 1201 1012 cui
1217 971 1302 1013 uxor

63 1060 138 1131 erat,
154 1071 271 1136 corpus
287 1051 463 1132 miscebat,
479 1074 566 1137 quae
583 1060 690 1115 antem
713 1074 785 1116 cnm
802 1053 932 1137 aliquo,
948 1056 999 1117 cni
1016 1077 1101 1118 uxor
1115 1077 1181 1120 non
1204 1065 1300 1138 esset,

62 1159 201 1240 vivebat,
223 1179 265 1222 ea
286 1158 478 1220 honestiore
502 1160 636 1222 nomine
657 1163 838 1224 vocabatur
859 1165 960 1223 arnico
980 1162 1035 1225 vel
1056 1167 1244 1226 concubinae
1262 1166 1301 1226 1..

61 1267 175 1330 1441).
192 1267 222 1329 d.
245 1266 280 1328 V.
297 1265 330 1327 S.
345 1267 376 1344 Ρ)
402 1269 592 1341 ooavrbtrr'c,
615 1265 749 1330 Gruteri
774 1270 933 1350 Imcrrptt.
951 1291 984 1351 p.
1007 1270 1197 1333 DGOXOV.
1216 1291 1301 1333 aram.

62 1371 275 1457 1111111111,
302 1371 448 1458 ariadnae,
473 1374 567 1436 Idem
583 1395 618 1456 p.
633 1375 860 1438 DOGLXXX.
878 1398 909 1438 a.
925 1375 955 1438 9.
977 1398 1059 1440 acor
1085 1381 1244 1458 gratuita,
1266 1377 1300 1441 id

63 1490 119 1560 est,
137 1502 219 1564 quae
235 1501 297 1564 per
316 1483 539 1544 coemtionem
558 1481 647 1546 baud
667 1491 871 1546 convenerat
887 1482 920 1544 in
947 1505 1078 1548 manum
1093 1487 1138 1564 t),
1162 1485 1255 1549 Idem
1269 1506 1301 1565 p.

63 1589 254 1657 nocem
275 1609 305 1650 n.
325 1591 354 1651 5.
371 1591 585 1662 eodalebturia,
604 1589 736 1653 Gruter.
749 1612 783 1671 p.
803 1592 906 1652 12011.
923 1611 954 1652 a.
972 1592 1004 1652 5.
1019 1597 1133 1664 amica,
1152 1613 1221 1655 cnm
1239 1613 1302 1674 qua

65 1699 123 1775 quie
138 1699 200 1758 aiae
215 1693 375 1758 mendacii)
392 1699 522 1774 vivebat,
539 1697 578 1757 L.
588 1696 639 1760 35.
655 1699 697 1758 D.
714 1700 755 1760 dc
770 1701 852 1760 Aur.
871 1719 940 1779 arg.
954 1699 1061 1760 mund.
1075 1699 1135 1780 lag.
1151 1703 1192 1780 Ι).
1212 1699 1302 1762 Hinc

65 1801 219 1864 honestum
238 1823 282 1866 ex
304 1824 346 1866 eo
365 1812 514 1887 tempore
533 1813 604 1869 erat
619 1805 825 1868 concubinae
843 1825 981 1868 nomene
1002 1805 1040 1866 L.
1056 1805 1128 1866 144.
1148 1807 1188 1868 D.
1204 1807 1244 1868 de
1266 1807 1304 1869 V.

66 1909 92 1970 S.
107 1907 192 1974 licita
206 1932 277 1973 cum
297 1933 337 1976 ea
355 1912 576 1975 consuetudo:
592 1911 630 1974 L.
647 1914 676 1973 5.
694 1913 726 1974 0.
743 1915 788 1974 ad
808 1911 927 1974 socam
950 1913 1070 1994 Orpltit.
1089 1913 1187 1996 adeo,
1204 1923 1240 1978 ut
1257 1913 1300 1976 ab

65 2037 153 2079 uxore
170 2017 241 2080 solo
261 2019 395 2082 delectu
410 2028 445 2082 et
460 2012 560 2082 animi
577 2019 809 2096 destinatione,
825 2019 920 2082 Paul.
935 2021 1074 2102 Recepit.
1089 2021 1243 2084 Sentontt.
1258 2024 1300 2083 ΙΙ.

63 2122 105 2186 20.
118 2124 144 2188 2.
163 2133 196 2188 et
209 2125 375 2210 dignitate
394 2126 559 2190 differret:
578 2127 618 2188 L.
634 2127 686 2188 49.
705 2129 735 2208 §.
749 2128 780 2190 4.
796 2129 837 2188 Ι).
857 2129 895 2188 de
911 2128 1025 2209 Legat.
1044 2127 1084 2200 3.,
1107 2129 1173 2191 imo
1189 2130 1301 2192 uxoris

64 2230 129 2294 loco
150 2233 339 2298 haberetur:
356 2236 395 2296 L.
411 2234 482 2296 144.
502 2236 540 2296 de
566 2236 601 2296 V.
625 2235 673 2307 8.,
691 2241 801 2296 tamen
823 2235 906 2296 haec
932 2235 1120 2316 conjunctio
1143 2235 1209 2298 dici
1232 2259 1300 2300 non
1332 2301 1338 2307 ,

64 2349 179 2421 poterat
196 2344 348 2424 legitema,
368 2343 446 2426 quia
465 2341 523 2404 lex
546 2342 745 2405 concubinas
772 2340 906 2425 quidem
928 2341 1053 2406 babere
1074 2343 1301 2425 permittebat,

65 2457 239 2512 nontamen
260 2450 376 2524 initam
395 2472 467 2513 cum
484 2451 523 2512 iis
540 2449 810 2517 consuetudinem
829 2450 946 2512 eadem
965 2449 1083 2523 effecta
1100 2449 1224 2513 babere
1241 2472 1302 2534 pa-

66 2555 201 2638 tiebatur,
220 2579 306 2640 quae
326 2558 442 2620 tribuit
464 2550 682 2620 matrimonio.
704 2557 744 2620 Id
769 2556 858 2642 quod
880 2567 994 2620 contra
1019 2555 1188 2643 Cujacium
1209 2565 1301 2622 recte

68 2662 162 2728 docuit
174 2666 245 2727 Em.
261 2665 386 2728 Merill.
409 2666 479 2727 Oba.
496 2667 556 2726 III.
571 2665 621 2727 15.
637 2674 672 2728 et
691 2665 835 2728 Vartimt.
853 2665 959 2749 Oajac.
975 2670 1002 2730 1.
1017 2663 1070 2730 34.

623 2818 652 2898 §-
674 2817 726 2880 39.

426 2917 503 2976 Quae
521 2916 678 2969 concubinae
698 2935 752 2970 erar
767 2917 920 2986 potuerint?

135 3019 169 3081 In
185 2995 407 3082 concubinatu
421 3039 501 3081 vero
519 3039 589 3081 esse
601 3025 745 3102 poterat,
758 3039 985 3102 quaecumque
1002 3010 1216 3102 non'poterat
1230 3044 1300 3084 esse

68 3145 152 3209 uxor,
172 3127 225 3190 vel
246 3127 280 3188 in
304 3147 401 3210 quam
429 3134 574 3210 stuprum
599 3146 665 3188 non
689 3125 969 3188 committebatur:
994 3125 1031 3186 L.
1052 3127 1082 3188 1.
1104 3129 1132 3207 §.
1154 3129 1183 3189 1.
1203 3130 1243 3192 D.
1263 3131 1302 3191 rte

68 3263 340 3276 ——a—n-

68 3323 176 3380 Davenlr.
196 3331 272 3382 16⁷9.
290 3343 318 3392 p.
337 3328 409 3393 16³.)
428 3332 455 3378 et
472 3325 637 3380 Heineocius
655 3326 691 3378 ad
701 3327 766 3392 Lep.
785 3324 843 3376 Jat.
861 3333 886 3376 ct
904 3324 940 3376 P.
961 3325 997 3376 P.
1015 3321 1075 3375 Lib.
1093 3323 1129 3374 Il.
1147 3319 1179 3374 O.
1196 3321 1254 3388 51.
1268 3325 1302 3382 8.,

24 3439 28 3451 ι
68 3407 118 3460 licet
131 3412 193 3462 alter
211 3411 246 3462 ab
265 3412 350 3463 altero
368 3411 418 3462 bac
436 3410 464 3462 in
488 3427 517 3464 re
536 3411 693 3473 dissentiat,
721 3410 795 3478 quod
814 3409 976 3484 Perizonius
995 3405 1203 3474 prohibitionem
1222 3407 1302 3462 istam
1340 3463 1342 3470 ,

70 3494 95 3558 (i.
110 3512 129 3546 c.
150 3499 291 3561 poenalem
317 3495 499 3562 sanctionem)
525 3496 561 3547 ad
584 3495 673 3561 ipsam
698 3495 798 3561 Legem
816 3496 871 3547 Jul.
896 3502 922 3548 et
945 3498 976 3549 P.
1000 3497 1033 3548 P.
1051 3493 1227 3546 referendam·
1243 3509 1303 3546 csse

67 3580 181 3644 opinetur,
198 3586 294 3633 contra
311 3593 377 3632 vero
389 3579 552 3633 Heineccius
570 3582 604 3633 de
623 3580 702 3634 sciis
721 3581 756 3632 ad
775 3581 860 3646 legem
879 3581 946 3645 Pap.
965 3580 1123 3644 Poppaeam
1136 3579 1214 3632 sactis
1226 3577 1303 3647 loqui

67 3660 237 3728 inperatorem
257 3664 310 3720 sibi
327 3680 488 3730 persuasum
505 3667 611 3718 habeat.
629 3665 717 3718 Matr.
825 3735 827 3740 Ι

122 3751 151 3816 ο)
169 3751 212 3801 De
229 3750 424 3802 concubinatu:
443 3752 529 3802 Henr.
541 3750 731 3816 cannegleteri
746 3749 888 3816 Rescripta
902 3747 1061 3800 Baalaritio
1074 3752 1184 3800 1120-
1194 3753 1235 3799 22.
1249 3749 1302 3816 aclJ'.

67 3831 132 3886 Dian
151 3836 256 3888 Catonis
276 3835 400 3886 Dr'stths
419 3835 451 3886 de
463 3833 578 3886 maridas
598 3851 624 3900 p.
642 3840 694 3888 445
709 3863 741 3874 -
756 3837 816 3886 458.
835 3833 877 3885 ed.
896 3835 983 3886 Amat.
1005 3837 1079 3887 1754.
1098 3833 1152 3885 Sal.
1171 3833 1302 3896 chdorp

67 3917 224 3974 1111111111..
246 3926 302 3973 144.
321 3921 356 3972 D.
376 3922 407 3971 de
432 3919 460 3972 V.
482 3919 510 3972 S.
527 3920 560 3972 I..
578 3922 610 3972 Β.
631 3923 706 3973 1789.
724 3925 749 3971 4.
768 3917 856 3969 Haud.

122 4006 152 4072 p)
171 4011 208 4059 nt
224 4019 289 4058 vero
308 4003 466 4057 concubinae
484 4019 584 4056 nomen
602 4003 744 4056 honestius
759 4019 819 4056 esse
832 4002 902 4054 dixit
914 4001 1068 4054 Massurius
1081 3999 1190 4052 nomine
1203 4000 1302 4050 amicae

67 4083 89 4137 in
103 4088 118 4140 1.
134 4089 150 4141 l.
168 4090 283 4142 Fallitur
300 4087 467 4155 Wielingius
479 4088 508 4140 in
526 4091 610 4141 Lecti.
630 4089 647 4140 1.
666 4109 687 4142 c.
706 4091 747 4142 II.
764 4093 797 4152 9.,
813 4087 860 4155 qui
873 4089 972 4139 amicae
986 4087 1148 4138 vocabulum
1162 4083 1302 4136 honestius

67 4177 137 4237 putat,
153 4181 179 4228 et
196 4177 278 4228 verba
296 4177 328 4228 L.
349 4180 406 4228 144.
426 4177 457 4226 dc
485 4175 509 4226 V.
530 4174 559 4226 S.
578 4173 781 4238 uanaponenda
798 4171 919 4224 credidit.
941 4173 1025 4224 Cana.

123 4259 151 4325 q)
171 4260 251 4312 Unde
269 4259 365 4312 confici
384 4265 474 4328 queat,
493 4259 530 4311 ita
547 4274 658 4310 ararem
673 4259 817 4325 promittam
835 4257 898 4321 dici,
916 4272 972 4312 non
990 4255 1085 4309 video:
1109 4270 1159 4320 ego
1172 4253 1246 4304 illam
1260 4253 1302 4306 in·

67 4344 189 4410 terpretor,
207 4361 279 4414 quoe
295 4344 363 4398 nibil
381 4343 454 4396 dotia
472 4345 507 4395 ad
526 4343 653 4395 maritum
671 4344 769 4396 atmlit.
791 4344 875 4395 Cana.

123 4429 150 4497 r)
167 4431 198 4484 J..
216 4449 237 4482 c.
256 4430 340 4482 amira
359 4426 465 4492 dicitur,
484 4441 555 4496 quae
573 4427 692 4480 amicitia
705 4429 800 4494 juncta
819 4433 875 4490 est,
894 4441 949 4478 non
976 4421 1134 4478 concubina.
1159 4424 1302 4476 Pelluntur
1417 4469 1422 4474 .

69 4523 146 4565 omnes
159 4514 227 4580 juris
245 4514 406 4580 interpretes
423 4509 452 4566 in
470 4515 520 4567 hac
538 4517 598 4582 lege
616 4512 786 4581 exponenda.
808 4511 890 4564 Cana.
