3056 5154
221 401 295 470 560
592 391 669 460 Lm.
691 391 754 460 lli.
777 389 859 458 Tm.
883 390 976 460 xxi.
1002 389 1112 477 (XX.)

221 592 304 635 vero
319 569 440 634 factum
456 588 528 632 esse
543 567 608 630 boc
622 566 754 631 SCtum.
775 567 828 630 Ex
843 565 961 651 quibus
976 565 1086 629 verbis
1101 569 1218 646 patere
1233 561 1376 645 videtin,
1391 563 1474 628 illud

223 679 280 742 vel
295 688 445 742 extremo
463 673 596 738 Claudii
609 675 763 758 imperio,
778 669 835 737 vel
845 681 964 756 postea
977 673 1078 736 luisse
1090 671 1270 736 conditum.
1285 671 1383 734 Tunc
1397 692 1474 735 vero

223 807 322 871 quum
338 806 425 848 anno
442 799 621 846 nccxcvm.
636 782 671 844 in
686 781 779 846 fastis
794 788 967 845 occurrant
981 782 1021 844 P.
1033 779 1190 866 Valerius
1204 778 1373 842 Asiaticus
1387 779 1435 842 11.
1446 787 1476 840 et

221 894 270 956 M.
284 891 402 956 Junius
427 889 558 952 Silanus
582 887 673 952 Coss.
695 891 784 954 inter
805 879 961 953 suffectos
983 896 1093 951 autem
1115 887 1209 950 istius
1228 885 1307 949 anni
1325 885 1477 970 Vellejus

221 999 339 1079 Rufus,
356 999 413 1082 qui
426 998 536 1060 forsan
551 996 692 1084 Valerio
713 997 863 1061 Asiatico
885 995 973 1058 ultro
995 1013 1030 1056 se
1054 993 1223 1058 abdicanti
1242 993 1401 1058 suffectus
1416 1001 1477 1056 est:

223 1105 289 1170 vid.
303 1105 393 1168 Hub.
413 1103 527 1168 Golzii
550 1106 638 1167 Fast.
664 1101 1020 1184 cmru1.p.239.n0n
1043 1099 1259 1165 dubitandum
1283 1101 1477 1186 quibmdam

222 1207 365 1292 videtur,
374 1231 416 1274 eo
424 1211 497 1294 ipso
508 1231 606 1292 auno,
620 1211 788 1274 referente
801 1209 843 1274 ad
855 1209 1013 1274 Senatum
1022 1207 1159 1293 Vellejo
1172 1208 1478 1289 Rufo,bocSCtnm

222 1319 396 1406 prodiisse,
418 1317 609 1402 dictumque
632 1317 710 1380 inde
735 1339 806 1380 esse
822 1316 1053 1402 Vellejanum:
1074 1315 1276 1400 Schultiugii
1299 1317 1478 1398 Jun'aprnd

222 1429 415 1509 Antcjustin.
434 1447 469 1506 p.
484 1425 555 1488 640.
578 1426 618 1489 Id
640 1425 775 1508 etmihi
798 1424 877 1488 olim
900 1425 1014 1488 visum.
1036 1423 1104 1488 Sed
1121 1425 1190 1509 jam
1216 1423 1318 1487 aliter
1341 1423 1477 1488 videtur.

223 1535 387 1617 Ulpianus
410 1531 580 1616 Vellejum
603 1532 700 1596 istum
723 1553 792 1596 non
814 1542 913 1595 vocat
936 1531 1071 1614 Rufum,
1094 1531 1153 1595 sed
1178 1531 1354 1595 Tutorem.
1378 1530 1478 1594 Silani

224 1649 334 1706 autem
348 1649 382 1704 et
393 1639 522 1723 Velleji
538 1639 673 1702 Tutoris
682 1639 880 1704 Consulatus
893 1647 1092 1703 memoratur
1100 1638 1153 1701 bis
1163 1639 1198 1702 in
1214 1659 1383 1702 marmore
1397 1639 1477 1722 apud

225 1749 403 1813 Gruterum
419 1748 579 1828 Ιηεσνὴιιι.
592 1768 627 1828 p.
642 1748 848 1810 GGGGLXX
861 1769 893 1810 u.
907 1747 937 1809 l.
953 1755 988 1812 et
1002 1745 1033 1811 2.
1048 1747 1105 1812 ubi
1121 1767 1182 1830 par
1195 1747 1287 1812 istud
1303 1746 1478 1812 &naulum

224 1856 271 1920 ita
286 1854 455 1918 scribitur:
718 1837 721 1842 ¹

588 1976 620 2022 u.
660 1975 1105 2026 sumerhawen

587 2085 813 2132 usualem.
849 2087 878 2132 c.
910 2086 1105 2134 venenuo

650 2191 819 2240 rurore
1032 2192 1104 2242 cos

694 2301 786 2350 Nou.
815 2301 1012 2348 DECEMBR

99 2409 103 2418 '
165 2439 172 2451 ’
227 2405 388 2473 Consules
411 2414 521 2470 autem
552 2427 650 2490 quum
678 2404 1161 2473 fuerintA.U.C.ncc1.x111.
1186 2410 1306 2474 etsub
1330 2407 1477 2494 Augusto

226 2517 364 2601 primum
381 2536 423 2578 ea
438 2514 480 2577 de
503 2535 540 2576 re
564 2521 693 2578 cautum
717 2514 816 2577 fuisse
832 2512 972 2596 dicatur,
995 2516 1111 2600 procul
1131 2516 1234 2580 dubio
1257 2517 1292 2582 hi
1314 2519 1379 2602 ipsi
1396 2518 1477 2581 Con-

227 2624 313 2687 sules
328 2643 450 2683 nomen
467 2630 502 2685 et
517 2622 681 2705 originem
694 2621 783 2684 SCto
795 2621 969 2687 dederunt.
983 2624 1056 2688 Nec
1071 2623 1128 2687 alii
1144 2633 1220 2688 sunt
1231 2633 1388 2689 auctores
1399 2625 1478 2710 legis

226 2729 347 2794 Juniae
363 2727 531 2813 Vellejae‚
554 2730 644 2813 cujus
660 2729 785 2791 mentio
799 2731 836 2792 fit
850 2730 885 2792 iu
901 2731 937 2794 L.
953 2731 1004 2793 10.
1020 2733 1049 2814 §.
1059 2730 1089 2792 2.
1105 2733 1146 2794 D.
1165 2733 1204 2793 de
1220 2733 1301 2794 uest.
1315 2741 1375 2794 tut.
1387 2733 1478 2796 MR

227 2840 268 2900 1).
285 2839 324 2900 de
346 2838 459 2919 injust.
481 2846 567 2919 rupi.
591 2840 672 2900 r'rrr't.
699 2846 768 2900 teet.
798 2837 952 2901 Ceterum
980 2859 1023 2900 ex
1049 2859 1209 2901 marmore
1231 2837 1294 2902 illo
1319 2839 1478 2920 discimus,

227 2944 373 3008 Silanum
390 2944 483 3007 illum
495 2933 694 3027 nonMar'ci,
710 2945 768 3009 sed
784 2945 889 3026 Lucii,
904 2965 1107 3029 praenomen
1123 2945 1247 3028 tulisse,
1271 2967 1383 3032 eaque
1397 2949 1431 3011 in
1445 2970 1477 3010 re

227 3072 293 3116 non
311 3051 425 3133 minus,
442 3074 539 3136 quam
554 3053 588 3115 in
603 3052 827 3137 chronologia
838 3053 932 3138 hujus
948 3052 1028 3116 scu
1042 3069 1159 3118 ‘errare
1178 3051 1361 3136 Ulpianum
1377 3059 1422 3136 ¹).

719 3181 721 3186 ’
799 3221 828 3300 g.
849 3218 900 3282 13.

204 3403 205 3410 ἵ
308 3333 439 3387 Mulieres
455 3335 534 3388 edam
551 3344 612 3388 onte
630 3335 678 3389 tos
698 3334 798 3389 sotum
820 3334 922 3388 nullum
940 3335 1014 3388 civile
1030 3336 1161 3406 negotium
1183 3335 1287 3388 Romae
1302 3355 1402 3405 perere

783 3436 919 3497 poterant.

310 3525 396 3589 Nam
413 3529 558 3614 quamvis
574 3520 717 3612 Augusti
733 3527 931 3613 Claudiique
956 3527 1076 3609 edicta,
1099 3527 1216 3612 quibus
1241 3527 1399 3592 mulieres
1420 3551 1476 3613 pro

229 3616 305 3696 viris
321 3633 527 3700 intercedere
544 3635 792 3720 prohibuerunt,
807 3636 892 3700 illud
907 3634 1029 3702 SCtum
1040 3635 1253 3698 antecessisse
1270 3625 1354 3700 dicit
1361 3635 1476 3719 Ulpia·

228 3763 287 3804 nus
303 3742 340 3803 b.
351 3742 381 3804 2.
391 3765 443 3824 pr.
458 3746 500 3806 D.
514 3746 580 3807 eod.
602 3743 700 3807 facile
716 3752 827 3808 tamen
843 3744 945 3828 patet,
963 3765 1036 3806 eum
1052 3764 1121 3804 rem
1137 3764 1203 3826 non
1219 3740 1308 3805 adeo
1322 3742 1475 3807 adcurate

228 3848 388 3912 retulisse.
412 3851 536 3914 Saltem
553 3852 694 3915 Claudio
716 3852 880 3916 recentius
903 3850 967 3914 hoc
989 3849 1109 3914 SCtum
1127 3849 1193 3913 dici
1215 3870 1284 3914 non
1309 3852 1477 3934 patiuntur

213 3948 319 4020 ‘Fasti
336 3956 541 4022 Consulares.
563 3961 666 4022 Forte
681 3959 752 4042 ipse
768 3959 934 4042 Ulpianus
948 3958 1066 4023 Festos
1082 3957 1280 4022 Consulares
1303 3980 1375 4022 non
1396 3959 1475 4022 adeo

228 4063 401 4127 adcuratos
416 4064 541 4148 habuit,
558 4075 591 4130 et
606 4066 776 4151 Vellejum
792 4066 914 4130 Rufum
931 4066 1080 4129 confudit
1095 4087 1166 4130 cum
1186 4063 1327 4150 Vellejo
1341 4065 1477 4129 Tutore.

227 4172 269 4235 In
295 4178 387 4234 tanto
416 4173 501 4236 enim
533 4173 710 4256 Consulum
737 4174 944 4237 suffectorum
970 4195 1127 4256 numero,
1157 4172 1236 4258 quid
1260 4172 1395 4237 facilius
1422 4179 1477 4252 est,

142 4267 144 4271 ¹
230 4299 326 4362 quam
345 4298 454 4343 errare
471 4288 505 4343 et
526 4281 654 4366 decipi?
676 4280 765 4358 Quin
782 4281 956 4366 probabile
973 4289 1040 4364 est,
1056 4281 1129 4366 jam
1145 4279 1283 4364 ineunte
1306 4281 1479 4367 republica

297 4484 331 4549 x)
352 4486 395 4538 De
411 4490 498 4540 aetate
523 4486 606 4554 hujus
630 4485 695 4539 scri
720 4491 748 4538 et
773 4461 905 4539 sententie
927 4485 1047 4540 auctoris
1073 4485 1127 4539 vid.
1145 4485 1268 4540 Ritterns
1291 4489 1329 4542 ad
1345 4487 1480 4541 Ηιωετῆ

229 4568 298 4620 Ht'st.
307 4569 368 4636 jur.
386 4572 417 4623 L.
439 4579 460 4626 l.
478 4592 500 4626 e.
518 4580 543 4626 4.
562 4573 657 4639 §.172
672 4589 702 4640 p.
719 4575 778 4626 26⁷.
796 4591 833 4644 sq.
856 4572 938 4625 Cano.
1254 4559 1263 4578 ⁸
