3080 5154
536 363 590 434 Da
616 367 883 436 Auorrrormus.
1264 379 1337 446 141

86 543 242 626 adrogare
264 540 414 604 licuerit:
435 540 465 603 d.
478 539 517 602 J..
531 539 582 602 15.
595 541 624 622 s.
637 540 668 604 2.
687 542 728 602 D.
744 543 784 606 da
797 544 912 626 Adopt.
934 531 1072 630 Sperari'
1085 547 1171 610 enim
1195 548 1335 614 antehac

86 657 211 736 poterat
229 649 352 733 proles.
374 647 435 712 IV.
450 647 518 711 Gur
530 667 593 712 nec
611 649 693 712 muti
714 659 749 714 et
764 651 852 715 surdi
870 652 1085 737 adrogarent3
1101 676 1164 718 nec
1179 656 1221 720 V.
1236 657 1333 720 femi-

85 765 161 822 nae?
177 757 300 842 Neque
316 756 402 820 euim
419 754 471 818 illi
479 757 557 840 jure
575 758 780 822 comitiorum
797 759 1004 843 gaudebant:
1020 769 1055 824 et
1073 763 1218 828 feminae
1236 786 1335 850 prae-

85 875 173 930 terea-
185 865 352 928 neminem
374 871 530 948 poterant
544 865 668 930 habere
685 865 720 930 in
742 865 918 950 potestate.
940 868 1053 946 Quare
1073 892 1189 955 parum
1204 872 1334 956 legibue

85 981 306 1038 consentanea
321 980 393 1036 erat
406 973 545 1056 adoptio
558 972 769 1057 candidiani,
786 975 828 1038 de
844 997 910 1061 qua
924 977 1072 1040 Lactant
1088 981 1129 1040 ds
1141 980 1236 1044 Mort.
1250 982 1334 1042 Per·

63 1061 200 1166 'aequat
220 1104 248 1145 o.
270 1081 329 1143 50:
353 1083 438 1144 Idem
466 1081 712 1155 candidorum,
736 1103 825 1165 poem
849 1084 992 1158 Valeria,
1007 1107 1044 1148 ex
1061 1087 1230 1150 concubina
1247 1089 1336 1172 geni-

85 1201 154 1265 tum,
170 1191 207 1252 od
223 1192 420 1252 sterilitatem
439 1190 654 1271 adoptaverat,
667 1194 780 1252 necari
786 1193 894 1271 jurari.
918 1189 985 1257 Sed
1005 1193 1084 1278 quid
1100 1195 1162 1257 sibi
1179 1215 1246 1258 non
1257 1215 1335 1280 per*

85 1297 256 1362 mittebant
281 1297 352 1380 ejus
378 1297 453 1360 aevi
479 1296 673 1380 Principes?
694 1296 755 1359 Vl.
782 1297 848 1361 Cur
872 1319 971 1381 porro
1000 1321 1063 1363 nec
1088 1300 1250 1385 pupillus,
1271 1319 1335 1366 nec

85 1405 218 1485 femina,
235 1425 300 1466 nec
320 1405 531 1488 peregrinus,
552 1424 617 1468 nec
636 1409 743 1466 mutus
762 1403 818 1466 vel
840 1405 954 1470 surdus
973 1408 1128 1492 adrogari
1147 1409 1335 1491 potuerint?
1454 1409 1456 1417 '

86 1513 205 1597 Popilli
221 1513 310 1575 enim
326 1512 389 1594 ipsi
401 1518 550 1576 auctores
565 1511 639 1574 fieri
653 1531 720 1576 non
736 1521 906 1594 poteraut,
922 1535 993 1578 cum
1008 1516 1145 1600 reliquis
1158 1516 1251 1580 nulla
1263 1523 1336 1582 e'rat

86 1621 287 1686 comitiorum
314 1621 515 1684 commuuio:
538 1618 626 1684 Gell.
646 1620 751 1683 Noott.
771 1623 839 1684 Aa.
866 1623 902 1685 V.
923 1621 973 1685 19.
995 1624 1074 1688 Vll.
1098 1625 1166 1690 eur
1189 1624 1335 1710 denique

85 1729 253 1814 adrogatio
269 1727 399 1792 Romae
413 1734 542 1791 tantum
559 1727 631 1790 fieri
644 1727 810 1810 potuerit?
828 1727 906 1812 Ulp.
918 1730 1052 1813 Fragor.
1066 1731 1153 1796 VIII.
1162 1733 1194 1810 4.
1205 1734 1335 1802 Roma

86 1837 176 1920 enim,
192 1855 262 1900 uon
277 1836 376 1920 alibi,
386 1835 512 1899 curiata
523 1835 663 1926 'comitia
677 1833 795 1900 haberi
809 1843 981 1922 poteraut:
996 1839 1070 1904 Lir.
1090 1840 1126 1902 V.
1140 1841 1192 1904 52.

657 2039 686 2120 §.
708 2034 759 2104 13.

348 2154 435 2212 Quam
453 2153 498 2204 diu
515 2161 589 2205 cetur
606 2154 654 2205 iste
673 2154 825 2222 adrapandi
842 2155 908 2208 rtem
926 2153 1083 2209 obtinuerit?

159 2270 257 2333 Haec
276 2268 463 2355 adrogatio,
479 2291 539 2354 per
553 2268 710 2358 populum
727 2271 761 2332 in
776 2272 917 2335 comitiis
930 2270 1028 2356 fracta,
1042 2273 1119 2338 satis
1137 2273 1204 2358 diu,
1221 2275 1335 2358 idest,
1446 2291 1455 2301 “

87 2386 186 2442 stante
204 2370 315 2443 libera
330 2360 511 2462 republica,
524 2378 677 2442 obtinuit.
692 2377 777 2440 Nam
793 2379 840 2448 ita
854 2400 913 2442 sua
927 2381 1116 2448 memoriae
1127 2381 1187 2447 Cu.
1199 2381 1335 2449 Aufidio

87 2486 240 2566 Oresten,
264 2507 293 2548 a.
309 2486 355 2549 M.
376 2486 486 2570 Pupio
508 2486 681 2567 Pisonem,
698 2507 718 2548 a
736 2487 774 2548 P.
790 2487 934 2572 Fontejo
952 2488 1106 2553 Clodium
1129 2489 1336 2576 adrogatum,

89 2593 192 2656 scribit
210 2591 281 2666 cie.
299 2615 360 2676 pro
376 2596 463 2669 domo
481 2615 506 2655 c.
521 2591 573 2656 13.
596 2593 684 2671 Quin
714 2601 747 2657 et
769 2594 938 2680 Augustus
961 2595 1146 2682 Agrippam
1173 2604 1207 2660 et
1231 2595 1338 2662 Tibe·
1395 2583 1400 2590 ’

90 2701 161 2762 rium
182 2701 358 2784 adoptavit
378 2702 412 2764 in
436 2701 509 2768 foro
534 2701 612 2789 lege
631 2701 771 2766 curiata:
796 2702 886 2766 Suet.
899 2709 986 2798 Aug.
1006 2727 1032 2769 c.
1052 2705 1104 2768 65.
1129 2707 1174 2773 Et
1193 2706 1337 2772 Neronis

91 2806 308 2892 adoptionem,
328 2810 474 2894 quamvis
491 2811 609 2874 Patres
628 2809 825 2890 censuerint,
844 2812 986 2894 populus
1004 2821 1128 2896 tamen,
1148 2813 1243 2903 (lege
1258 2837 1337 2900 pro-

89 2914 135 2978 cul
154 2916 258 2980 dubio
276 2917 423 2998 curiata)
436 2918 550 3002 jussit:
571 2917 679 2984 Tacit.
697 2921 781 2981 Arm.
797 2918 872 2980 XII.
885 2917 936 2980 26.
954 2919 1082 2986 Postea
1104 2923 1336 3010 Imperatores,

87 3021 209 3108 legibus
232 3025 356 3110 quippe
376 3025 492 3108 soluti,
514 3032 645 3090 veteres
668 3024 895 3110 adrogationis
918 3025 999 3089 ritus
1024 3031 1152 3112 saepius
1174 3031 1336 3114 neglexe-

88 3143 162 3197 nmt.
188 3133 286 3213 (Vid.
310 3131 417 3196 Tacit.
435 3133 520 3196 He'st.
538 3136 563 3196 Ι.
581 3133 697 3199 14.17.
724 3133 889 3218 Spartian.
910 3134 1015 3196 Hadr.
1032 3134 1063 3197 3.
1078 3135 1107 3196 4.
1126 3135 1178 3197 24.
1195 3142 1228 3200 ia
1249 3142 1338 3204 Aetio

93 3239 165 3303 Vero
179 3241 212 3304 3.
229 3241 297 3305 Jul.
313 3240 494 3325 Capitolia.
509 3243 658 3305 Antonin.
673 3242 720 3322 4.)
739 3242 865 3306 Mansit
879 3251 990 3306 tamen
1014 3242 1058 3304 ad
1073 3241 1213 3305 Galbam
1233 3263 1337 3326 usquo

89 3356 171 3412 vetus
187 3349 394 3412 sollemnitas
409 3349 496 3412 inter
512 3349 668 3434 privatos.
690 3350 780 3412 Hinc
800 3349 925 3414 Galba:
945 3349 984 3412 aa·
996 3357 1026 3410 te
1033 3351 1191 3432 motus,
1203 3351 1272 3432 loge
1285 3371 1339 3414 ou·

88 3459 179 3532 ricta,
195 3457 286 3540 apud
299 3458 482 3539 Pontifices,
495 3467 532 3520 ut
546 3463 641 3521 morto
658 3465 715 3532 eet,
731 3455 928 3539 adoptarem:
944 3455 1053 3521 Tacit.
1068 3457 1154 3521 Har.
1166 3459 1192 3522 I.
1206 3458 1256 3522 15.

709 3657 760 3723 14.

358 3774 474 3844 Adoptio
492 3774 609 3827 ets-ictio:
627 3659 698 3826 diogtb
715 3789 765 3827 cur
783 3781 810 3828 ot
826 3774 931 3843 quando
948 3775 1074 3828 inorata!

163 3891 260 3956 Haec
275 3889 319 3956 de
334 3891 548 3974 adrogatione.
569 3889 679 3967 Quum
699 3913 779 3956 vero
802 3889 857 3954 hic
877 3891 1060 3977 adoptandi
1075 3889 1191 3959 modus
1213 3890 1256 3958 ad
1277 3891 1338 3957 bo-

89 3997 184 4064 miues
206 4007 335 4064 tantum
351 3994 495 4082 suijuris
511 3998 713 4083 pertineret:
730 3999 872 4070 inventa
893 4008 945 4066 est
965 4001 1032 4068 alia
1049 3999 1257 4084 aetiologia,
1274 4021 1340 4083 qua

88 4102 196 4185 liberi,
213 4108 247 4170 iu
264 4105 365 4170 sacris
381 4106 529 4187 paternis
545 4109 733 4190 constituti,
749 4107 980 4194 cujuscumque
997 4126 1093 4171 sexus
1109 4107 1288 4189 etaetatis,
1304 4105 1339 4170 in

90 4211 182 4277 aliam
209 4213 368 4278 familiam
393 4213 582 4300 transirent,
604 4215 699 4300 isque
719 4215 832 4279 modus
854 4215 959 4280 dictus
980 4232 1130 4278 nuorrro
1148 4235 1244 4278 sensu
1265 4215 1341 4277 stri-

90 4320 198 4386 ctiore.
220 4324 305 4388 Eum
311 4323 383 4408 jam
400 4322 434 4389 in
449 4321 557 4390 libera
570 4323 745 4410 republica
760 4325 952 4406 obtinuisse,
969 4331 1098 4388 constat
1113 4321 1338 4388 excicerone

90 4429 125 4489 de
145 4433 241 4494 rtur.
266 4433 348 4494 Bon.
373 4441 404 4492 et
427 4432 506 4494 Mat.
530 4433 554 4494 1.
582 4431 613 4494 7.
642 4431 755 4495 Valer.
770 4434 868 4496 Max.
894 4434 969 4496 VII.
998 4431 1029 4496 7.
1051 4431 1082 4494 2.
1115 4432 1227 4496 Dione
1250 4430 1340 4496 Cass.
1374 4469 1376 4476 ›
1481 4447 1485 4456 ‘

93 4535 241 4600 XXXIX.
258 4537 309 4600 17.

1083 4637 1145 4700 10*
