3080 5154
393 367 449 436 Dr.
473 369 570 442 dona
593 371 684 442 Nar.
708 373 821 442 Gerr.
846 395 893 442 nr
917 372 993 442 Cra.
1033 478 1039 492 ,
1085 411 1088 422 ·
1276 385 1324 452 19

390 661 393 680 ’
460 660 496 716 Ut
512 670 539 713 et
555 662 597 714 11.
614 663 647 715 de
660 663 728 733 jure
746 666 937 732 respondendo.

144 774 323 824 Responsa
338 761 560 845 jureconsulti
587 762 643 826 vel
664 764 812 846 partibus
832 763 957 830 dabant
984 769 1242 852 consulentibus,
1267 771 1324 836 vel

65 864 236 949 judicibus,
258 867 318 931 rel
333 870 495 953 utrisque3
512 877 547 932 et
561 876 640 932 tunc
656 871 790 954 quidem
804 871 861 935 vel
876 873 1008 958 scripto,
1031 875 1090 939 vel
1107 877 1228 960 verbis,
1244 872 1324 962 quid

70 973 125 1036 sibi
146 972 330 1057 videratur,
354 977 578 1059 exponebant.
603 977 768 1041 Solebant
787 979 875 1041 enim
888 979 1109 1062 jureconsulti
1130 983 1325 1070 frequenter

70 1080 263 1146 mediatore
285 1082 504 1167 inambulare,
518 1084 625 1150 voluti
638 1084 732 1148 obvii
751 1093 786 1148 at
805 1105 992 1152 communes
1006 1088 1057 1172 iia,
1077 1091 1133 1175 qui
1147 1089 1325 1158 lucrarent

70 1188 193 1272 incerti,
217 1198 256 1255 et
281 1191 464 1256 remedium
487 1192 550 1256 sibi
574 1192 768 1259 considendi
788 1192 990 1276 ignorarent.
1012 1196 1132 1260 Cicero
1156 1200 1257 1282 πρῖε,
1272 1201 1324 1264 lt.

70 1299 198 1360 Privato
218 1299 348 1380 jndicio
370 1302 582 1364 mmmm
606 1301 730 1382 quidam
753 1319 864 1363 renam
877 1305 911 1363 r'a
928 1304 1229 1384 jaromirum
1250 1310 1329 1372 'affl

70 1407 212 1468 n'deatur
227 1425 300 1470 oasa
306 1407 490 1486 pudeam.
511 1405 599 1470 Nota
613 1415 645 1470 at
656 1409 777 1470 adsum
787 1409 920 1472 meltum
939 1409 990 1489 (iu
1003 1410 1115 1474 medio
1125 1419 1207 1495 puta
1219 1414 1325 1496 foro);

72 1519 102 1574 ct
116 1515 308 1576 metamur
319 1517 354 1574 in
369 1516 495 1576 censali>
513 1517 551 1594 (a
567 1508 846 1597 magistratibua);
859 1524 890 1579 et
904 1523 1050 1598 patronis
1068 1519 1270 1602 nummo
1282 1524 1327 1587 ad

72 1639 171 1682 earum
183 1620 393 1702 prudentiam
410 1622 662 1703 cansugr'antr'iua
683 1621 807 1704 (domi)
826 1625 938 1686 beator
957 1627 1141 1688 mount
1152 1626 1203 1708 ¹¹).
1224 1627 1325 1693 Unda

73 1727 161 1790 facile
180 1733 291 1812 patet,
314 1745 372 1790 cur
393 1735 428 1790 et
446 1743 618 1792 invocari
640 1728 720 1794 dicti
740 1729 813 1793 sint.
837 1729 975 1794 Deinde
995 1740 1030 1796 et
1050 1731 1141 1796 domi
1158 1754 1240 1798 suae
1260 1735 1325 1800 sibi

72 1834 268 1898 constituere
289 1833 444 1900 solebant
459 1835 588 1918 solium,
608 1857 652 1899 ex
676 1858 742 1922 quo
759 1837 1001 1902 confluentibus
1018 1839 1061 1904 ad
1081 1861 1116 1904 se
1138 1841 1325 1928 clientibus,

71 1951 233 2027 tamquam
245 1961 291 2004 ex
308 1941 453 2026 tripode,
472 1944 732 2027 responderentt
748 1944 867 2008 Cicero
881 1946 921 2008 da
933 1947 1034 2030 Lagg.
1051 1949 1077 2009 Ι.
1090 1945 1122 2012 8.
1144 1951 1190 2013 Et
1206 1948 1249 2014 ad
1261 1950 1326 2016 boc

73 2049 184 2115 solium
204 2049 374 2133 respicere
398 2049 540 2115 arbitror
563 2051 714 2116 eumdem
745 2052 952 2134 Ciceronem,
980 2053 1114 2138 quando
1137 2075 1199 2140 per
1210 2059 1324 2142 jocum

73 2159 195 2221 scribit:
228 2157 261 2220 0.
281 2157 442 2239 Aquilium
463 2161 718 2241 Jureceaaultum
737 2163 870 2242 jurasse
898 2163 1047 2236 morbum,
1077 2172 1110 2226 ct
1131 2166 1212 2226 atad
1233 2187 1326 2233 scunt

73 2283 209 2330 aaaron
223 2280 404 2328 coarctans
422 2270 609 2347 mosaicae.
632 2267 734 2350 Epist.
755 2268 799 2328 ad
815 2269 911 2328 Attio.
933 2269 958 2328 I.
975 2266 1005 2328 1.
1029 2268 1130 2331 Mane
1143 2290 1224 2354 ergo
1242 2293 1327 2355 quo-

73 2375 151 2437 tidie
164 2373 207 2436 ad
218 2371 320 2434 aedes
335 2391 448 2434 eorum
459 2373 669 2437 ventitabant
683 2373 833 2456 clientes,
844 2380 879 2435 et
887 2372 1052 2437 vestibula
1062 2395 1175 2438 corum
1184 2377 1327 2442 maxima

75 2501 199 2565 semper
213 2479 405 2564 frequentia
420 2481 539 2544 civium
555 2481 820 2560 celebrabantur,
840 2489 876 2544 ut
897 2500 963 2543 non
986 2479 1150 2546 immerito
1167 2484 1327 2570 jurecon-

76 2588 149 2652 sulti
166 2589 283 2668 domus
299 2587 400 2651 totius
410 2588 578 2654 oraculum
595 2589 737 2655 civitatis
750 2587 918 2660 videretur
926 2588 1081 2654 Ciceroni
1096 2592 1134 2654 dc
1146 2592 1327 2658 οναι.Ι.44.

77 2697 150 2774 Quo
162 2697 334 2782 pertinent
349 2695 409 2779 illa
422 2697 557 2760 Horatii
575 2697 674 2761 Scrm.
693 2699 718 2758 Ι.
734 2696 764 2760 1.
777 2718 805 2762 o.
821 2695 852 2758 9.
862 2719 908 2780 aq.

237 2807 421 2888 Agricolam
436 2808 548 2868 laudat
555 2809 642 2888 jurab
660 2809 824 2887 legumque
833 2808 966 2887 peritus,

238 2904 305 2966 aar
321 2905 404 2986 golla·
416 2914 543 2966 cantum
560 2905 718 2967 consultor
736 2903 793 2966 udi
807 2909 907 2967 0'ST1A
922 2920 1061 2970 Pulsus.
1079 2906 1135 2989 **)

76 3009 122 3073 Et
134 3010 213 3075 alibi
228 3012 331 3094 lllpist.
344 3013 387 3075 II.
401 3011 431 3073 1.
447 3033 475 3075 a.
491 3009 562 3073 103.

239 3120 360 3184 Romae
373 3121 463 3184 declae
476 3103 531 3182 clio
541 3119 613 3198 suit
626 3127 657 3181 ct
668 3121 815 3182 sollemne
829 3120 955 3181 recluso

238 3225 338 3290 Mane
356 3227 443 3293 domo
461 3229 602 3308 vigilare,
624 3227 734 3288 clienti
744 3247 890 3308 promere
898 3226 991 3306 juro.

80 3331 146 3396 Imo
165 3342 199 3396 et
212 3332 367 3396 Tibullus
382 3335 448 3397 Lib.
462 3335 488 3396 1.
508 3335 601 3418 Eleg.
617 3333 647 3394 4.
660 3354 688 3395 c.
700 3333 752 3394 77.
766 3330 831 3416 s‘qq.
848 3333 940 3418 quasi
956 3329 1107 3396 amatorii
1119 3329 1204 3417 juris
1224 3333 1330 3401 scien-

82 3439 154 3504 tiam
169 3441 234 3505 sibi
249 3439 421 3524 adrogans,
441 3463 542 3528 seque
569 3441 611 3506 ad
632 3440 770 3526 priscam
791 3440 1091 3527 jureconsultorum
1111 3444 1330 3510 imitationem

83 3545 279 3636 componeris
297 3549 403 3613 canit:

203 3659 312 3720 Gloria
327 3661 438 3739 cuique
453 3678 515 3719 sua
531 3667 595 3719 cst:
619 3678 677 3730 me,
690 3661 755 3738 ,qui
767 3665 966 3738 spernentur,
981 3665 1135 3734 amantea,

246 3757 444 3836 Consultant3
470 3760 589 3818 attactis
599 3758 707 3838 janua
729 3766 839 3818 nostra
850 3764 950 3837 patet.

205 3855 339 3937 stampas
355 3860 424 3928 crit,
440 3875 534 3936 quum
549 3876 598 3916 me
615 3856 745 3916 Veneria
766 3865 935 3937 maacepta
948 3854 1108 3932 ferentem

242 3955 389 4016 Deducat
396 3956 551 4035 juvenum
564 3955 674 4015 sedula
689 3955 782 4016 turba
799 3955 932 4016 domum.
954 3952 1104 4033 (meliusz
1122 3952 1252 4030 senem.)

143 4125 174 4193 ⁴)
195 4125 273 4180 Male
291 4127 381 4178 locum
402 4123 541 4178 Ciceronis
567 4124 688 4192 exponit.
715 4127 815 4180 Adesse
838 4126 976 4194 significat
994 4125 1171 4192 defensionem
1191 4122 1332 4191 resapere.

83 4209 140 4263 vid.
158 4211 214 4264 cie
237 4211 358 4278 Pbilspp.
376 4211 419 4264 ΙΙ.
438 4229 460 4264 c.
478 4213 523 4267 3⁷·
537 4228 590 4280 pre
613 4212 719 4270 Qsdnct.
739 4230 761 4264 c.
776 4215 801 4264 Β.
821 4211 857 4264 ad
873 4213 954 4264 Attia.
968 4211 992 4262 Ι.
1011 4227 1052 4278 ep.
1065 4209 1091 4260 l.
1110 4210 1152 4262 Ita
1169 4213 1196 4260 et
1208 4207 1332 4272 Quirmti·

83 4293 171 4360 limus,
192 4296 323 4348 Valerius
342 4297 493 4360 Maximus,
512 4297 615 4350 Seneca
632 4301 659 4348 et
677 4296 824 4350 Suetonius
842 4303 907 4350 sunt
923 4294 1039 4364 loquuti.
1060 4294 1143 4346 Cana.

144 4382 189 4450 **)
211 4382 253 4435 cf.
273 4379 348 4434 Phil.
367 4380 440 4432 Guil.
459 4379 608 4446 seiuncta,
627 4384 721 4434 Praes.
740 4381 839 4434 Christ.
856 4381 928 4434 Ghlf.
943 4379 1066 4442 Hennes,
1084 4379 1158 4432 Dias.
1171 4379 1207 4431 ad
1227 4376 1333 4446 discep-

83 4467 186 4520 tandum
204 4481 323 4534 propos.
340 4465 541 4518 Meditationum
559 4475 585 4518 ct
602 4465 818 4520 Observationum
827 4467 1012 4538 juridicarum
1030 4461 1066 4517 cd
1081 4463 1116 4517 A.
1137 4463 1228 4517 Persii
1242 4463 1336 4516 Flacci
1369 4455 1373 4464 ’

82 4554 170 4608 ratim
189 4537 354 4624 Specimsm.=
366 4551 454 4620 (lips.
474 4555 549 4608 rtet.
567 4554 611 4622 8.)
631 4573 653 4607 c.
673 4559 698 4608 6.
714 4571 743 4621 p.
761 4557 805 4606 ab.
828 4551 912 4605 Onna.
