3062 5156
409 399 464 470 Dr
488 399 584 468 June
611 397 753 484 Qumrr.
777 399 833 470 Er
857 401 972 473 Crvrr.
1244 411 1318 482 237

73 597 146 652 rum,
155 586 329 638 carrorum
340 580 477 638 omnium
492 577 729 638 commodorum.
739 575 788 638 At
803 577 830 638 si
841 575 1029 644 adcuratius
1039 578 1184 662 singulas
1199 581 1319 646 utrius-

74 705 129 767 que
146 683 232 766 juris
253 690 363 765 partes
391 682 595 746 consideres:
613 683 668 766 jus
693 682 834 746 civitatis
855 685 889 748 in
906 687 984 770 jure
1008 707 1141 767 census,
1167 688 1317 772 militiae,

73 791 276 870 tributorum,
299 789 528 873 vectigalium,
552 790 796 874 suffragiorum,
819 777 1038 856 bonorumet
1064 799 1316 881 sacrorum3jus

73 896 239 972 Quiritium
256 897 291 958 in
301 897 378 980 jure
400 897 583 977 libertatis,
610 898 729 981 gentis,
747 899 1002 981 connubiorum,
1025 901 1150 984 patrio,
1173 902 1317 988 legitimi

73 1003 210 1086 dominii,
224 1004 420 1068 hereditatis
436 1013 536 1089 atque
552 1003 760 1088 usucapionis
776 1006 838 1069 fuit
854 1007 966 1071 situm:
983 1008 1056 1071 Car.
1074 1009 1189 1092 Sigon.
1204 1011 1244 1074 dc
1259 1033 1319 1074 an-

72 1115 144 1192 tiquo
151 1113 230 1192 jure
248 1115 304 1174 civ.
319 1114 406 1175 Itoni.
421 1115 446 1174 I.
462 1111 511 1174 13.
527 1113 587 1186 Eu.
603 1112 779 1194 Spanhem.
800 1114 873 1176 Ort.
889 1115 1014 1176 Roml.
1030 1115 1100 1179 1.2.
1111 1139 1144 1198 p.
1156 1117 1186 1180 4.
1200 1123 1246 1199 ¹).
1262 1119 1317 1182 De
1345 1159 1346 1162 =

73 1216 194 1298 singulis
226 1239 314 1281 nunc
340 1218 455 1302 paullo
484 1218 668 1282 distinctius
696 1220 880 1305 agendum,
914 1221 1176 1308 ordiendumque
1200 1247 1220 1288 a
1238 1228 1316 1312 Jure

73 1323 249 1399 Quiritium.
357 1359 363 1370 ,

637 1411 665 1491 ς.
686 1409 737 1471 ss.

328 1518 401 1572 tices
419 1519 538 1572 Romani
555 1526 632 1570 erant
652 1517 730 1570 tiberi
744 1536 760 1571 a
772 1527 903 1587 potestate
922 1521 1058 1574 dominica.

142 1617 256 1680 Primo
274 1639 354 1702 ergo
374 1639 487 1682 omnes
508 1619 596 1682 cives
611 1619 754 1682 Romani
771 1627 864 1682 erant
878 1593 1010 1685 ⁴nrnnm:
1027 1643 1134 1708 eaque
1150 1641 1315 1690 urssnrss
1339 1651 1344 1658 ·
1396 1643 1398 1648 ’

74 1744 121 1784 eos
141 1746 206 1788 non
232 1724 337 1788 solum
360 1712 379 1789 a
402 1726 607 1790 dominorum
630 1734 811 1811 potestate,
841 1727 900 1790 sed
925 1737 966 1814 et.
981 1751 1000 1790 a
1023 1738 1234 1813 tyrannorum
1255 1733 1317 1794 im·
1404 1813 1408 1822 ¹

75 1831 171 1914 perio,
192 1833 442 1918 magistratuum
458 1834 629 1917 potentia,
647 1834 788 1897 libidine
808 1834 1022 1917 creditorum,
1044 1838 1230 1922 civiumque
1254 1860 1320 1922 po-

74 1941 164 2002 tentia
189 1949 280 2003 tutos
301 1941 491 2022 praestabat
506 1945 547 2024 t).
574 1941 693 2004 Nullus
715 1964 795 2026 ergo
819 1942 897 2006 civis
918 1941 1088 2006 Romanus
1110 1967 1221 2010 servus
1243 1946 1315 2008 lieri
1381 1972 1386 1981 ¹

74 2055 210 2129 poterat,
226 2069 290 2111 nec
312 2048 552 2131 ingenuitatem
572 2057 628 2112 aut
648 2049 837 2112 libertatem
862 2049 1032 2132 amittere,
1054 2051 1116 2114 nisi
1135 2060 1192 2116 aut
1212 2054 1315 2137 capti-

74 2154 184 2236 vitate,
199 2164 255 2219 aut
271 2154 389 2218 dolosa
404 2156 610 2240 venditione,
627 2165 682 2220 aut
701 2157 741 2218 iis
759 2157 880 2238 modis,
897 2155 939 2218 de
956 2158 1074 2240 quibus
1092 2145 1190 2242 supra
1203 2161 1270 2222 Lib.
1289 2163 1315 2224 I.

77 2260 123 2322 lb.
140 2264 200 2326 ΙΙΙ.
217 2283 248 2324 n.
265 2262 296 2324 5.
314 2283 359 2344 sq.
381 2271 414 2326 et
429 2264 492 2326 lt't.
509 2264 599 2326 XVI.
616 2285 648 2328 n.
664 2264 694 2327 3.
713 2285 759 2344 sq.
776 2270 883 2325 actum
909 2271 973 2326 est:
989 2266 1136 2348 quamvis
1158 2272 1193 2327 et
1211 2265 1245 2328 in
1265 2267 1315 2330 his

73 2459 135 2500 aesta
149 2451 280 2512 missione,
298 2469 363 2520 quae
379 2451 407 2503 in
425 2450 521 2506 tubulis
544 2453 632 2505 aeneis
652 2462 794 2520 supersunt
810 2454 939 2506 illustrati
956 2451 1048 2520 (Lips.
1069 2457 1144 2506 1818.
1163 2459 1190 2506 et
1208 2454 1314 2520 magnis

74 2533 260 2586 accessionibus
279 2533 406 2602 locuplet.
423 2535 451 2587 in
470 2535 610 2588 Hauboldi
629 2551 723 2602 opusc.
741 2539 804 2590 Vol.
823 2539 858 2590 Il.
875 2554 903 2603 p.
927 2543 986 2592 783.
1004 2540 1080 2608 sqq.)
1098 2539 1164 2605 Cap.
1183 2539 1233 2594 Ill.
1250 2541 1271 2607 t.
1289 2545 1315 2594 3.

74 2623 221 2688 p.8‹10.sq.
241 2637 329 2689 opusc.
348 2619 438 2673 Haut.
456 2626 484 2673 et
504 2637 574 2690 quae
591 2621 656 2674 ibid.
676 2628 733 2674 tum
751 2621 786 2674 ab
804 2621 866 2688 ipso
884 2623 1041 2685 Hauboldo,
1060 2629 1116 2676 tum
1142 2641 1159 2676 a
1178 2625 1314 2678 Wenckio

76 2708 122 2755 not.
136 2705 169 2756 V.
186 2704 330 2756 observata
348 2710 420 2758 sunt.
439 2703 502 2757 Vid.
521 2710 548 2756 et
566 2704 682 2760 Stieberi
705 2709 789 2772 praef.
808 2710 843 2762 ad
861 2711 924 2763 Vol.
943 2710 979 2762 ll.
997 2710 1095 2762 bomm
1113 2713 1270 2775 opusculor.
1287 2727 1314 2778 p.
1402 2768 1407 2774 ,

76 2787 205 2841 LXXXII
217 2819 253 2826 -
265 2788 433 2850 LXXXIV.
457 2788 544 2842 Mtte.

132 2874 160 2940 s)
179 2876 248 2926 Rem
267 2873 361 2939 paucis
376 2873 416 2926 sic
427 2879 497 2926 tene.
515 2875 566 2927 Jus
578 2877 688 2928 deitatis
706 2875 805 2943 partim
818 2875 853 2927 ad
859 2877 909 2946 jus
920 2877 1064 2948 publicum,
1077 2879 1126 2932 sed
1141 2879 1314 2944 potissimum

78 2956 160 3025 adjus
175 2959 309 3026 privatum
321 2959 461 3025 spectavit.
480 2959 552 3011 Nam
569 2961 646 3033 hujus
658 2961 769 3030 quidem
787 2963 904 3031 suntjus
918 2962 1041 3016 connubii
1050 2969 1077 3016 et
1085 2966 1135 3033 jus
1150 2967 1301 3020 commercii
1305 2988 1315 3029 ,·

74 3041 160 3106 quibus
178 3043 224 3110 qui
235 3048 336 3106 carent,
348 3044 425 3095 nullo
442 3045 525 3096 modo
539 3045 567 3098 in
580 3045 681 3098 civium
698 3062 812 3099 numero
827 3049 967 3103 habentur.
985 3049 1064 3100 Illius
1075 3052 1193 3118 suntjm
1212 3053 1315 3122 suffre-

71 3126 162 3190 qiornm
179 3128 207 3180 in
224 3128 344 3182 comitiis
362 3135 389 3180 et
398 3129 448 3197 jau
466 3127 604 3192 lenonum,
618 3131 717 3198 quibus
737 3133 784 3200 qui
798 3133 926 3198 gaudent,
945 3134 1041 3200 optimo
1051 3134 1118 3200 jure
1132 3135 1200 3186 cives
1213 3151 1313 3205 vocan-

75 3215 121 3272 tur;
138 3219 166 3264 ut
182 3218 273 3266 tamen
291 3230 345 3266 non
364 3213 461 3266 minus.
473 3212 574 3266 civium
591 3214 652 3267 loco
670 3215 737 3280 sint,
762 3218 810 3285 qui
828 3223 944 3285 utraque
958 3213 1029 3283 juris
1048 3215 1149 3280 publici
1169 3234 1314 3286 praeroga-

76 3293 122 3346 tiva
137 3298 326 3362 destituuntur,
345 3299 408 3352 licet
425 3304 556 3364 negentur
574 3315 634 3351 esse
653 3303 756 3368 optimo
768 3302 831 3368 jure
849 3302 929 3355 cives.
948 3302 1051 3353 ductor
1069 3300 1150 3367 hujus
1165 3303 1313 3367 doctrinae,

71 3381 121 3440 jam
137 3384 169 3434 ob
185 3383 367 3450 simplicitatis
389 3385 498 3436 laudem
516 3383 544 3436 in
563 3385 659 3450 primis
684 3381 922 3453 commendabilis,
949 3401 1044 3439 rursus
1070 3386 1247 3440 celebrandus
1272 3393 1314 3439 est

74 3465 214 3534 Suuignins,
233 3474 291 3522 tum
309 3470 339 3522 in
356 3470 630 3525 commentationibus
649 3471 684 3522 ad
702 3472 722 3538 ξ.
744 3477 768 3522 1.
785 3471 1012 3534 commemoratis,
1030 3475 1089 3522 tum
1106 3469 1136 3522 in
1158 3472 1313 3525 Gescliclate

74 3548 112 3600 des
128 3553 161 3606 R.
179 3555 214 3606 rt.
233 3555 269 3605 im
288 3553 448 3604 Mittclclter
466 3556 497 3606 T.
515 3556 538 3608 1.
552 3573 574 3608 c.
592 3561 616 3608 2.
636 3572 665 3621 p.
682 3559 725 3608 22.
746 3556 795 3622 (ed
813 3558 848 3610 Il.
866 3574 893 3623 p.
912 3558 981 3623 44),
1000 3556 1100 3624 quibus
1119 3556 1244 3610 addenda
1262 3559 1312 3612 Ge.

75 3632 159 3686 Christ
176 3638 330 3689 Burchardi
342 3638 417 3690 Diss.
436 3639 467 3690 dc
479 3638 591 3703 infamio
610 3657 642 3690 ex
661 3639 800 3707 disciplina
815 3641 999 3693 Romanontm
1014 3640 1083 3707 (Kil.
1102 3645 1174 3694 1819.
1186 3643 1227 3709 4.)
1248 3644 1268 3710 ξ.
1287 3649 1311 3697 7.

74 3730 97 3778 ι).
112 3723 149 3772 32.
167 3737 207 3790 sq.
225 3723 275 3775 ubi
291 3722 320 3774 in
338 3721 432 3788 primis
452 3723 596 3776 discrimen
614 3723 714 3775 civium
732 3722 835 3788 optimo
854 3731 881 3776 et
897 3740 953 3777 ιιοιι
971 3724 1074 3791 optimo
1090 3724 1153 3791 jure
1165 3743 1200 3777 cx
1214 3725 1311 3780 iisdem

74 3799 180 3865 ejusdem
199 3806 322 3872 magistri
340 3807 482 3874 principiis
500 3807 606 3874 egregie
624 3809 784 3874 explicatur.
802 3806 891 3862 Haub.

132 3891 155 3956 t)
174 3891 247 3942 Cave
265 3907 330 3957 ergo
349 3891 499 3944 confundas
518 3892 668 3946 libertatem
683 3890 755 3958 juris
773 3892 896 3958 gentium
914 3909 976 3946 curn
994 3894 1117 3947 libertate
1131 3893 1203 3962 juris
1219 3895 1311 3958 Quiri-

74 3968 138 4036 lium,
155 3991 223 4044 quae
241 3976 309 4027 nulli
327 3962 456 4041 competit
468 3975 520 4028 nisi
532 3976 636 4028 civibus
648 3977 789 4030 Romanis.
808 3978 864 4030 Cic.
880 3997 932 4048 pro
949 3981 1062 4033 Coccina
1074 3999 1095 4032 c.
1110 3985 1152 4034 33.
1175 3981 1230 4038 Qui
1243 3983 1310 4032 enim

72 4060 216 4128 potcstjure
240 4059 383 4118 Quiritium
402 4057 468 4111 liber
486 4077 540 4112 csse
558 4062 588 4120 is,
606 4063 695 4129 quiin
713 4079 823 4114 numero
841 4064 983 4122 Quiritium
1001 4081 1054 4115 aon
1071 4068 1125 4114 est?
1140 4063 1213 4118 Hinc
1225 4065 1312 4116 tribu·

74 4136 116 4191 bus
131 4143 254 4196 omnibns
273 4143 341 4196 moti
353 4142 504 4196 libertatern
519 4143 679 4196 dicebantur
697 4147 827 4211 amittere,
842 4146 948 4200 etiamsi
960 4147 1033 4198 hand
1045 4147 1139 4200 fierent
1151 4148 1235 4202 servi:
1252 4151 1310 4204 Liv.

76 4223 151 4279 XLV.
170 4234 210 4281 15.
229 4229 289 4280 Ιιιιο
308 4229 371 4280 binc
389 4229 564 4296 intelligenda
580 4230 613 4281 L.
631 4235 656 4282 5.
672 4230 693 4298 ξ.
711 4237 737 4284 3.
757 4234 792 4285 D.
808 4234 839 4284 ds
851 4232 1033 4298 Extracwuit.
1051 4231 1099 4282 ubi
1112 4233 1200 4285 media
1213 4236 1310 4301 capitis

73 4307 249 4377 deminutione,
269 4320 296 4367 et
313 4315 454 4381 speciatim
472 4330 559 4383 aquae
577 4331 609 4367 ac
628 4315 698 4381 ignis
715 4315 919 4378 interdictione,
937 4316 1018 4367 etiam
1035 4317 1145 4370 libertas
1163 4319 1251 4374 amitti
1269 4320 1310 4374 di-

73 4389 136 4457 citur,
154 4399 229 4465 quod
248 4400 282 4451 de
299 4401 422 4453 libertate
437 4399 509 4467 juris
526 4399 647 4466 gentium
661 4401 773 4463 falsnm;
792 4403 827 4454 de
843 4401 967 4454 libertate
976 4400 1048 4467 juris
1060 4402 1208 4464 Quiritium
1225 4407 1309 4459 veris·

73 4477 157 4536 simum
174 4491 223 4537 est.
242 4486 283 4537 cf.
302 4487 365 4536 Ger.
380 4485 475 4538 Noodt
498 4484 606 4538 Obsero.
624 4486 664 4537 ΙΙ.
683 4489 725 4538 21.
741 4503 769 4554 p.
788 4490 848 4539 469.
867 4485 947 4536 Heia.
964 4486 1004 4537 cf.
1025 4487 1055 4539 C.
1074 4489 1106 4538 Ε.
1125 4487 1224 4540 Jsrcke
1236 4489 1310 4542 Dor-

72 4565 169 4636 rtsllnnq
186 4571 232 4622 des
249 4569 430 4622 censenselsen
450 4565 617 4636 &usmetis
635 4571 683 4620 der
702 4570 811 4622 Riimer.
829 4573 910 4622 Bonn
927 4574 1001 4624 1824.
1020 4589 1047 4636 p.
1065 4577 1106 4626 77.
1126 4589 1185 4642 sqq.
1205 4574 1292 4628 Mittit.
