3122 5162
304 803 475 868 Veniente
498 804 555 866 die
562 852 573 885 ,
594 804 629 866 in
660 824 759 888 qoem
781 803 1009 867 adcosatorem
1031 811 1066 866 et
1086 823 1178 866 mum
1200 802 1321 865 adesse
1336 803 1475 886 jusserat
1538 853 1539 864 1

220 911 381 992 Praetor,
403 920 577 994 utrumqne
600 911 695 974 citari
721 912 871 996 oportuit
898 931 960 995 per
986 931 1197 994 praeconem.
1230 910 1268 972 Si
1288 929 1369 972 rens
1398 929 1473 992 ergo

222 1017 365 1081 criminis
380 1018 583 1082 conscientia
596 1039 669 1082 sese
680 1017 769 1080 band
784 1015 927 1097 sisteret,
943 1018 1073 1081 absenti
1086 1019 1301 1102 irrogabatur
1309 1015 1471 1080 exsilium:
1538 1087 1539 1090 1

220 1125 344 1189 Ascon-
364 1125 532 1189 Pedianus
553 1126 587 1188 in
614 1128 705 1189 orat.
725 1127 824 1188 ouer.
840 1127 903 1208 pro
922 1125 1038 1186 didone
1055 1147 1090 1207 p.
1108 1125 1181 1186 2⁰5.
1203 1125 1280 1205 Sin,
1301 1145 1364 1185 reo
1385 1143 1474 1206 prae-
1538 1097 1539 1176 1

222 1243 328 1314 sente,
350 1231 526 1296 adcusator
545 1253 612 1295 non
628 1231 776 1296 adesset:
798 1233 1007 1296 eximebatur
1021 1232 1169 1296 adcusati
1191 1252 1315 1294 nomen
1338 1231 1383 1292 de
1397 1231 1475 1290 reis:
1538 1287 1539 1290 ,

221 1340 344 1404 Asson.
365 1339 533 1403 Pedianus
553 1340 587 1401 in
607 1341 695 1401 Orat.
715 1341 812 1402 moer.
829 1360 891 1422 pro
908 1339 941 1400 0.
964 1341 1106 1400 emaus
1123 1359 1155 1420 μ
1169 1337 1244 1402 124.
1265 1339 1403 1398 Postero
1422 1337 1476 1406 de,

222 1469 319 1530 pum
333 1448 373 1509 P.
389 1447 519 1510 Cassius
539 1449 729 1519 adscdisset,
743 1456 775 1508 et
795 1452 887 1510 edati
895 1449 1100 1509 odmsotom
1120 1465 1183 1507 m
1198 1445 1367 1516 adessem
1380 1463 1475 1504 esru-

193 1593 202 1602 -
223 1565 289 1615 tum
310 1575 422 1616 nomen
442 1563 491 1616 est
510 1555 551 1615 de
570 1557 634 1615 reis
658 1555 801 1616 amatu

801 1730 831 1812 s
851 1727 905 1794 23.

694 1844 771 1897 lacti
787 1845 880 1898 deinde
888 1846 1006 1916 judicer.
1538 1905 1539 1912 1

309 1956 462 2042 Utroque
477 1959 681 2042 prodeunte,
702 1981 803 2044 porro
822 1961 867 2027 de
882 1963 1052 2048 judicibus
1072 1957 1226 2043 legendis
1247 1957 1419 2042 agebatur,
1437 1964 1477 2020 nt
1523 1951 1539 2042 1

228 2072 337 2128 tantus
351 2065 485 2130 adesset
502 2087 616 2130 eorum
636 2089 802 2150 numerus,
825 2081 966 2154 quantus
982 2077 1055 2132 erat
1076 2066 1155 2151 lege
1172 2066 1341 2130 definitus.
1361 2066 1479 2128 Flebat

225 2179 334 2234 autem
357 2170 411 2236 hic
433 2173 584 2238 delectus
603 2196 666 2258 per
678 2181 869 2240 :emonem
886 2187 922 2241 et
941 2179 1115 2240 antonem.
1133 2175 1176 2238 ln
1195 2178 1361 2236 aarum
1378 2174 1480 2236 Prae-
1538 2185 1539 2212 1

227 2286 283 2339 tor
302 2279 358 2342 vel
373 2280 482 2366 judex
497 2284 701 2366 quaestionis
716 2285 851 2348 nomina
865 2283 1022 2364 omnium,
1037 2283 1095 2367 qni
1116 2301 1158 2344 eo
1174 2301 1263 2344 anno
1284 2280 1376 2342 inter
1389 2281 1480 2363 judi-
1538 2313 1539 2370 1

226 2406 281 2448 ces
307 2385 431 2452 adlecti
459 2389 612 2471 fuerant,
634 2392 668 2454 in
692 2411 805 2454 urnam
831 2390 1051 2475 conjiciebat,
1075 2411 1114 2452 ac
1143 2397 1234 2452 sorte
1260 2385 1386 2450 deinde
1408 2408 1478 2448 eum
1538 2377 1539 2456 Ῠ

226 2493 391 2559 educebat
419 2517 606 2576 numerum,
628 2519 726 2582 quem
748 2499 808 2562 lex
836 2497 1095 2582 praescribebat.
1122 2495 1200 2572 Quo
1226 2495 1336 2574 facto,
1359 2495 1478 2558 deinde

226 2606 293 2662 tum
316 2600 520 2682 adcusatori,
541 2614 610 2667 tum
628 2624 688 2668 reo
710 2605 853 2669 dabatur
876 2614 1023 2689 potestas
1048 2601 1244 2688 rejiciendi,
1261 2623 1348 2685 quos
1369 2623 1475 2684 paru·

227 2706 290 2769 sibi
305 2715 462 2789 putarent
480 2709 637 2790 idoneos,
654 2733 792 2795 quorum
814 2713 979 2776 inlocum
1003 2711 1127 2775 deinde
1149 2710 1240 2780 alios
1255 2709 1478 2772 subsortieba-

227 2821 280 2875 tur
302 2813 445 2878 Praetor
466 2815 522 2883 vel
542 2817 656 2881 Judex
677 2820 900 2903 quaestionis,
925 2819 1048 2903 quibus
1064 2818 1124 2882 ille
1148 2815 1300 2900 judicum
1328 2835 1479 2878 numerus
1538 2815 1539 2904 1

226 2918 395 3004 legitimus
410 2923 650 3007 compleretur:
665 2926 785 2989 Cicero
800 2931 833 2989 r'u
854 2927 983 2988 Verrem
995 2928 1065 2988 Aet
1083 2925 1153 2989 111
1174 2923 1297 2986 Asson.
1313 2921 1480 2984 Pedianus
1538 2909 1539 2980 l

227 3029 273 3090 ad
282 3029 312 3088 1.
328 3030 348 3088 1.
358 3050 393 3109 p.
405 3029 457 3091 47.
472 3053 517 3112 aq.
538 3032 792 3126 Nonnumquam
811 3034 870 3097 lex
885 3053 951 3096 non
965 3033 1058 3111 sorti,
1073 3032 1133 3094 sed
1148 3030 1354 3093 adcusatoris
1366 3030 1479 3112 reique
1538 3013 1539 3032 ¹

227 3133 365 3218 arbitrio
380 3136 529 3220 judicum
546 3138 744 3205 electionem
761 3141 993 3226 permittebat,
1010 3149 1045 3202 et
1065 3140 1100 3201 bi
1116 3149 1195 3202 tnnc
1216 3153 1329 3200 sonus
1346 3151 1480 3198 Junrcrss
1538 3139 1539 3202 1

230 3239 443 3326 dicebantur,
468 3244 533 3329 ipsi
554 3256 663 3311 autem
679 3247 811 3332 judiees
835 3266 978 3312 nnrrrsu
1007 3247 1227 3310 vocabantur:
1250 3244 1373 3308 Cicero
1393 3245 1477 3304 Orat.
1538 3267 1539 3314 1

133 3385 137 3390 -
223 3369 286 3430 pro
298 3350 336 3411 L.
354 3351 555 3415 Muraenae.
571 3353 624 3418 23.
640 3377 702 3437 pro
719 3357 775 3418 On.
790 3357 925 3418 Plancio
936 3378 962 3417 a.
977 3356 1028 3418 15.
1045 3362 1081 3418 et
1100 3353 1152 3416 17.
1173 3353 1230 3416 Sic
1245 3351 1327 3436 lege
1344 3349 1482 3414 Servilia

230 3452 391 3518 Glauciae
411 3459 437 3537 ¹)
470 3459 645 3525 adcusator
659 3461 798 3546 jubetur
819 3482 863 3525 ex
887 3481 991 3527 ococn
1008 3459 1178 3548 jndicibus
1208 3460 1314 3522 edere
1336 3474 1481 3521 centum:

231 3581 274 3623 ex
288 3561 338 3623 bis
360 3571 490 3627 centum
510 3587 584 3630 reus
599 3568 701 3631 edere
723 3570 974 3654 quinquaginta.
995 3569 1074 3632 vid.
1096 3568 1281 3650 fragmenta
1303 3566 1391 3650 legis
1408 3565 1483 3627 Ser·
1538 3551 1539 3592 1

231 3667 330 3731 viliae
351 3671 439 3754 apud
462 3672 537 3738 Car.
557 3675 729 3760 Sigoninm
752 3678 790 3739 de
812 3679 944 3740 Judicr‘sir
964 3679 1006 3738 II.
1023 3677 1076 3738 27.
1094 3695 1127 3756 p.
1144 3673 1216 3736 609.
1237 3674 1336 3736 Lecti
1352 3673 1483 3759 judices
1538 3661 1539 3756 1

208 3777 420 3852 ,atalanten
447 3780 607 3865 citatique
628 3783 685 3846 vel
704 3785 923 3848 excusatione
944 3785 1141 3858 utebantur,
1166 3781 1220 3844 vel
1243 3779 1388 3844 aderant
1409 3780 1483 3844 sub-
1538 3801 1539 3860 1

233 3882 393 3967 selliaque
413 3887 630 3970 occupabant
651 3891 696 3953 Et
710 3891 745 3952 bi
758 3899 838 3953 tunc
853 3890 1011 3974 jurabant
1025 3892 1060 3953 in
1082 3889 1186 3974 legeS,
1200 3898 1237 3951 ut
1260 3888 1414 3951 obstricti
1433 3909 1484 3951 re-

232 3987 359 4074 ligione
368 3993 568 4078 judicarent.
588 3997 727 4079 Eorum,
748 3999 804 4082 qui
813 3999 1028 4084 juraverant,
1044 3997 1206 4077 omniurn,
1227 4004 1366 4078 praeter
1381 3996 1484 4079 ipsum
1538 4005 1539 4086 1

302 4221 326 4287 1)
346 4221 410 4274 Fuit
426 4223 498 4275 euim
516 4224 599 4291 hujus
612 4226 680 4292 legis
695 4233 804 4292 rogator
816 4227 949 4280 Servilius
963 4226 1095 4288 Glaucia:
1111 4228 1217 4279 Klenae
1233 4224 1346 4291 Protea.
1365 4241 1393 4288 p.
1405 4225 1485 4275 ΧΠ.

235 4308 268 4354 ‘l
279 4319 306 4367 1)·
325 4311 347 4357 l.
364 4312 420 4358 ¹1⁰¹-
441 4311 464 4360 1Ι
483 4308 562 4370 Quae
580 4325 679 4375 porro,
708 4312 852 4378 sigonium
869 4319 998 4375 seeums,
1027 4312 1063 4362 de
1077 4310 1217 4377 jndicibus
1233 4307 1350 4360 edendis
1369 4309 1487 4361 lisinec»

235 4383 294 4437 tius
310 4391 427 4456 profert,
453 4395 622 4447 emendanda
640 4403 705 4448 snut
728 4414 744 4447 e
761 4397 871 4448 Klenzii
892 4399 1105 4462 fragmentorum
1123 4396 1155 4446 L.
1173 4391 1306 4446 Servilius
1323 4395 1448 4447 editione
1465 4413 1486 4446 c.
1538 4447 1539 4450 ,

111 4462 116 4477 ’
235 4469 312 4522 Vlll.
324 4473 438 4550 ejusque
454 4477 490 4530 sd
507 4478 533 4530 1.
548 4479 566 4531 l.
579 4478 815 4534 observationibus
831 4497 859 4548 p.
874 4485 917 4534 33.
927 4496 970 4548 sq.
981 4486 1039 4532 not.
1054 4486 1077 4532 1.
1095 4495 1122 4544 p.
1136 4483 1179 4532 38.
1192 4484 1250 4530 not.
1267 4483 1309 4529 12.
1322 4478 1365 4529 cf.
1380 4479 1487 4532 Walter
1538 4457 1539 4532 1

21 4543 22 4576 1
235 4550 417 4622 Βοιὴιερηρὴ,
434 4577 463 4626 ρ,
481 4566 541 4614 062,
560 4578 602 4629 η,
619 4563 713 4616 mm,
1538 4563 1539 4584 ³
