3130 5148
539 359 887 408 succentum.

241 703 262 718 '⁵
542 628 632 682 Cadra
649 629 888 698 Hermogeniana.

161 731 238 796 Nec
253 729 378 794 certior
394 737 509 794 auctor
525 737 577 794 est
590 729 724 794 Codicis
741 747 1010 796 nuauocunntru.
1029 732 1185 816 Eugenic
1197 733 1343 796 Hanno-

85 838 239 920 geniano,
262 838 332 922 qui,
350 843 437 902 teste
459 837 617 918 Baronio,
640 837 699 902 sub
719 837 937 902 Diocletiano
961 838 1155 903 Praefectus
1171 842 1341 924 praetorio

85 946 152 1026 fuit,
169 953 275 1030 atque
290 945 332 1008 ad
351 951 498 1008 senatum
513 945 628 1007 retulit
639 945 681 1007 de
698 945 958 1030 persequutione
971 945 1240 1030 Christianorum,
1258 947 1343 1012 banc

84 1052 355 1136 compilationem
374 1053 489 1114 tribuit
509 1052 716 1116 Pancirollus
735 1053 774 1116 da
794 1054 871 1114 clar.
886 1056 948 1137 lag.
967 1055 1343 1136 intumescentia

84 1160 392 1244 Hermogenianum
398 1160 659 1244 jureconsultum
671 1168 838 1224 auctorem
853 1159 952 1222 fuisse
965 1162 1156 1245 conjiciunt,
1176 1184 1273 1248 quem
1283 1163 1341 1226 sub

84 1267 304 1330 Constantino
327 1266 374 1329 Μ.
391 1267 526 1354 ejusque
554 1267 668 1332 liberis
690 1267 848 1349 floruisse,
877 1268 1005 1330 erudite
1032 1266 1235 1333 demonstrat
1255 1269 1343 1356 Aeg.

84 1377 217 1458 Menag.
238 1377 444 1438 Amoens'tctt.
463 1378 532 1459 jur.
553 1380 609 1437 cic.
631 1397 656 1438 c.
670 1375 721 1437 11.
738 1374 835 1438 Gonf.
855 1376 928 1439 Jac.
948 1374 1146 1439 Gothofred.
1168 1379 1343 1460 Prolegom.

86 1485 155 1544 Cod.
178 1483 294 1543 llreod.
306 1482 333 1542 1.
342 1503 377 1563 p.
389 1479 460 1544 183.
473 1504 517 1564 sq.
532 1481 667 1546 Reines.
680 1484 782 1564 Epist.
799 1484 843 1545 orl
851 1484 985 1565 Rapert.
993 1484 1112 1546 LXIX.
1123 1505 1154 1566 p.
1165 1483 1237 1546 640.
1254 1483 1344 1548 Con-

84 1590 271 1653 stitutiones
291 1567 372 1660 vero
385 1587 581 1674 principum,
598 1610 735 1674 quorum
753 1588 977 1674 Gregorianus
996 1590 1159 1655 rationem
1172 1590 1344 1674 habuerat,

83 1699 115 1761 in
127 1697 406 1782 Hermogeniano
429 1697 527 1760 etiam
547 1695 672 1762 Codice
688 1696 799 1780 fuisse,
824 1705 915 1760 recte
940 1699 1106 1764 existimat
1123 1699 1193 1762 Jae
1210 1696 1343 1763 Gotho-

14 1817 22 1860 ἑ
84 1805 203 1889 fredus,
218 1804 279 1867 sed
292 1804 350 1886 ita,
364 1812 401 1867 ut
417 1804 451 1868 in
469 1805 636 1869 nonnullis
653 1806 741 1870 inter
757 1827 792 1868 se
808 1806 1028 1871 dissenserint.
1044 1806 1250 1891 Quamquam
1261 1827 1341 1870 vero

84 1913 124 1976 de
141 1913 292 1976 dissensu
312 1933 425 1975 eorum
439 1932 491 1974 res
505 1920 596 1976 certa
610 1921 670 1994 est,
683 1933 793 1998 neque
809 1911 960 1978 dubitare
979 1911 1040 1978 nos
1054 1934 1096 1977 ea
1106 1913 1149 1978 de
1168 1935 1204 1976 re
1221 1915 1344 1998 patitur
1412 1995 1417 2006 ,

85 2020 210 2084 Auctor
233 2021 414 2083 Collatabm's
432 2023 537 2104 legum
557 2022 769 2084 Mosm'carum
787 2031 818 2083 et
832 2023 921 2083 Rom.
942 2022 996 2083 VI.
1010 2023 1039 2085 5.
1062 2023 1118 2108 qui
1135 2043 1233 2086 unam
1253 2043 1344 2088 cam-

86 2129 226 2214 demque
242 2127 450 2192 Diocletiani
467 2135 500 2192 el
514 2129 709 2192 Maximiani
727 2130 995 2192 constitutionem
1010 2130 1045 2193 in
1062 2137 1203 2216 utroque
1216 2130 1343 2214 codice,

87 2245 118 2299 at
130 2239 200 2298 clitis
214 2246 322 2298 tamen
335 2237 441 2298 diebus
457 2245 487 2298 ct
504 2238 682 2298 consolabar
695 2236 827 2318 lectam,
845 2242 999 2298 testatur:
1013 2236 1044 2318 ¹)
1064 2236 1146 2298 nihil
1160 2245 1270 2299 tamen
1284 2243 1343 2318 est,

87 2366 148 2428 quo
161 2351 255 2405 certo
273 2343 488 2427 demonstres,
503 2343 809 2428 Hermogenianum
825 2344 925 2406 etiam
946 2343 987 2405 ab
1003 2344 1167 2407 Hadriani
1185 2345 1344 2427 tempori-

88 2452 142 2515 bus
156 2450 350 2514 incboatum
364 2450 471 2513 fuisse.
491 2451 530 2513 In
549 2450 742 2535 fragmentis
763 2471 840 2514 sane
859 2449 949 2514 illius
966 2471 1033 2513 non
1052 2451 1116 2515 nisi
1135 2451 1343 2516 Diocletiani

88 2567 120 2622 et
128 2558 328 2624 Maximiani
348 2557 598 2622 constitutiones
621 2566 805 2640 occurrunt,
819 2563 863 2640 ¹¹¹)
889 2557 916 2619 si
935 2579 955 2620 a
975 2557 1079 2622 tribus
1093 2557 1205 2643 primis
1222 2558 1344 2623 disces-

88 2670 172 2751 seris,
189 2687 279 2754 quae
290 2665 432 2730 Aurelio
447 2670 479 2747 ιι)
499 2666 611 2728 nescio
624 2665 675 2727 eui
688 2665 882 2729 tribuuntur.
902 2665 980 2748 Sed,
994 2686 1092 2751 quum
1108 2665 1344 2760 hancflinscrip-

88 2777 209 2839 tionem
236 2777 398 2838 sinceram
427 2771 514 2838 haud
539 2794 610 2836 esse
637 2773 693 2836 vel
712 2773 819 2857 primo
838 2771 997 2855 adspectu
1018 2781 1144 2858 pateat,
1175 2795 1237 2838 nec
1258 2773 1343 2838 ratio

88 2995 295 3052 constitutiones
309 2994 450 3056 summm,
467 2995 624 3050 Caracallaa
641 3002 669 3050 et
680 2997 785 3062 Severi,
805 2995 965 3060 Alexandri,
983 2995 1124 3060 Gordiani,
1139 2996 1340 3065 Philipporum.

90 3081 228 3136 Valeriani
246 3087 275 3136 et
296 3080 428 3144 Gallieni,
447 3079 555 3134 Cariat
573 3080 747 3146 Numeriani,
764 3083 821 3136 imo
838 3089 867 3135 ct
884 3081 1051 3140 Diocletiani
1067 3086 1094 3134 et
1107 3081 1282 3136 Maximiani.
1299 3085 1345 3136 Ex

89 3183 140 3234 quo
158 3174 243 3234 patet,
262 3182 368 3220 errasse
386 3165 475 3220 vuum
492 3180 639 3230 smmum,
655 3168 715 3221 Jac.
728 3167 880 3234 Cujacium,
892 3168 958 3220 dum
976 3167 1006 3219 in
1020 3166 1110 3234 princ.
1124 3166 1252 3218 Parasiti.
1268 3165 1346 3218 Codi-

89 3254 122 3304 αὶ
133 3251 337 3318 Gregorlanum
349 3251 471 3304 codicem
485 3249 514 3303 in
523 3250 663 3304 Valeriani
673 3257 701 3304 et
710 3253 827 3306 Gallieni
838 3250 1077 3305 constitutionibus
1090 3247 1214 3312 desiisse,
1227 3247 1345 3314 scripsit.

92 3337 169 3390 Heia.
198 3337 405 3404 Reliquiarum‚
433 3351 503 3404 quae
524 3340 644 3400 exstant,
662 3351 679 3387 a
696 3336 844 3396 Sicbardo,
862 3335 985 3404 (laisein,
1008 3333 1178 3401 Schultingio
1199 3333 1245 3401 (in
1259 3333 1346 3402 juris·

90 3422 164 3486 prud
184 3427 239 3474 ret.
259 3422 432 3488 antejustian.
450 3436 478 3487 p.
495 3424 556 3476 683.
575 3422 651 3489 sqq.)
671 3425 698 3474 et
715 3421 864 3475 Hauboido
875 3423 918 3490 (in
932 3421 995 3488 jnre
1016 3420 1088 3475 civil.
1106 3421 1234 3488 antejust.
1252 3421 1345 3474 Bcsci.

91 3507 120 3558 T.
134 3509 156 3558 1.
168 3525 197 3574 p.
208 3512 269 3562 Μὰ
290 3509 359 3576 sq.)‚
376 3504 496 3558 maxime
512 3523 528 3560 e
543 3507 685 3560 Breviario
699 3506 863 3569 lunam,
881 3507 1029 3570 editarum,
1046 3505 1197 3560 novissima
1210 3505 1348 3562 omnium-

91 3608 140 3658 que
157 3592 366 3646 absolutissima
380 3596 422 3643 est
439 3590 503 3644 edit.
521 3589 550 3644 in
568 3607 644 3657 corp.
659 3590 715 3658 jur.
734 3608 802 3645 rom.
821 3594 949 3660 antejust.
965 3590 1116 3644 Bonnensi.
1132 3591 1209 3644 Fasc.
1222 3593 1257 3644 11.
1272 3607 1300 3656 p.
1319 3596 1345 3643 1.

92 3692 147 3746 sqq.
168 3679 201 3732 C.
215 3679 298 3730 Gust.
311 3675 451 3741 Haenelii‚
469 3674 518 3744 qni
536 3677 570 3728 de
581 3675 770 3743 superioribus
783 3675 923 3730 editionib.
938 3683 1063 3730 accurate
1074 3676 1198 3742 disputat
1215 3676 1244 3728 in
1261 3675 1346 3742 praet.

92 3759 162 3827 operi
179 3779 286 3829 praem.
308 3761 396 3816 Miill.
585 3791 587 3798 ν

155 3849 179 3915 i)
199 3847 265 3900 vid.
280 3846 407 3901 Hasuelii
424 3844 535 3912 interpr.
553 3845 589 3898 ad
606 3850 722 3900 constat.
739 3849 763 3899 1.
776 3848 858 3914 Greg.
872 3847 940 3900 ch.
958 3848 991 3899 de
1008 3855 1081 3916 περι.
1096 3863 1124 3914 p.
1142 3847 1186 3898 ³0.
1199 3841 1285 3896 utut.

155 3933 198 4000 m)
218 3934 256 3986 At
267 3934 348 3998 plura
365 3950 400 3985 ex
418 3937 536 4001 utroque
551 3930 653 3984 Codice
664 3932 814 3998 fragmenta
831 3937 979 3998 supersunt
995 3931 1025 3984 in
1038 3931 1140 3984 Codice
1157 3932 1251 3980 nostro
1268 3943 1345 3993 repe·

92 4016 151 4068 tilae
167 4017 378 4083 praelectionis,
395 4033 490 4072 omnes
509 4033 607 4083 nempe
629 4016 837 4070 constitutiones
855 4018 892 4070 ab
907 4016 1050 4070 Hadriano
1075 4017 1111 4070 ad
1131 4014 1345 4066 Constantinum

96 4100 133 4153 ll.
147 4103 237 4172 princ.
261 4102 399 4156 emanat.
412 4103 502 4167 ‚Haec
521 4119 587 4170 quae
604 4103 760 4167 necessario,
780 4105 812 4156 de
833 4103 906 4156 Nono
928 4103 991 4156 cos.
1001 4101 1065 4169 fac.
1084 4099 1164 4152 Heio.

154 4190 188 4256 u)
208 4189 300 4242 Nemo
313 4193 434 4242 veterum
443 4189 641 4254 Imperatorum
653 4189 714 4242 solo
725 4188 828 4242 Aurelii
841 4186 950 4242 nomine
963 4187 1051 4240 dictus
1064 4190 1114 4238 est.
1136 4183 1212 4236 Unde
1224 4181 1345 4248 adparet,

94 4270 293 4341 inscriptionem
310 4275 409 4326 irarum
426 4271 652 4326 constitutionum
669 4272 760 4326 minus
778 4287 839 4324 esse
856 4271 999 4325 sinceram.
1026 4268 1082 4321 Sed
1098 4272 1202 4320 certum
1220 4271 1278 4330 est,
1295 4268 1346 4318 has

94 4375 195 4428 quoquc
212 4356 428 4412 constitutiones
447 4363 494 4410 aut
510 4357 675 4412 Diocletiani
694 4361 742 4410 aut
763 4355 928 4410 Maximiani
950 4371 1019 4408 esse.
1037 4355 1107 4406 Nam
1121 4351 1197 4419 prior
1215 4351 1245 4404 G.
1264 4365 1346 4404 susa·

94 4455 145 4496 nus
161 4457 293 4498 vassalus
312 4457 508 4496 urceusrnuus
524 4449 635 4498 vocatur
656 4443 685 4496 in
701 4441 882 4496 marmoribus
900 4441 975 4507 apud
994 4442 1140 4493 Gruterum
1164 4438 1299 4506 Inscripti.
1316 4454 1345 4504 p.

96 4528 287 4584 CCLXXIX.
300 4537 327 4580 ct
339 4527 520 4582 MLXXIX.
538 4528 677 4582 Posterior
693 4540 942 4582 veronicianum
958 4540 1087 4579 varamus
1106 4537 1275 4577 usxrnnsns
1290 4535 1345 4574 non
1399 4517 1401 4522 ’
