<?xml version="1.0" encoding="UTF-8"?>
<!DOCTYPE html PUBLIC "-//W3C//DTD XHTML 1.0 Transitional//EN"
    "http://www.w3.org/TR/xhtml1/DTD/xhtml1-transitional.dtd">
<html xmlns="http://www.w3.org/1999/xhtml" xml:lang="en" lang="en">
 <head>
  <title>
</title>
<meta http-equiv="Content-Type" content="text/html;charset=utf-8" />
  <meta name='ocr-system' content='tesseract 3.04.00' />
  <meta name='ocr-capabilities' content='ocr_page ocr_carea ocr_par ocr_line ocrx_word'/>
</head>
<body>
  <div class='ocr_page' id='page_1' title='image "./jogottliebheine00haubgoog_0329.png"; bbox 0 0 3062 5164; ppageno 0'>
   <div class='ocr_carea' id='block_1_1' title="bbox 242 339 1126 492">
    <p class='ocr_par' dir='ltr' id='par_1_1' title="bbox 242 339 1126 492">
     <span class='ocr_line' id='line_1_1' title="bbox 242 339 1126 492; baseline 0 -40"><span class='ocrx_word' id='word_1_1' title='bbox 242 385 314 456; x_wconf 75' lang='lat' dir='ltr'>ass</span> <span class='ocrx_word' id='word_1_2' title='bbox 610 383 791 462; x_wconf 57' lang='lat' dir='ltr'>noram</span> <span class='ocrx_word' id='word_1_3' title='bbox 815 381 891 450; x_wconf 75' lang='lat' dir='ltr'>nn.</span> <span class='ocrx_word' id='word_1_4' title='bbox 917 377 944 492; x_wconf 66' lang='grc' dir='ltr'>ι.</span> <span class='ocrx_word' id='word_1_5' title='bbox 970 339 1056 452; x_wconf 64' lang='lat' dir='ltr'>en.</span> <span class='ocrx_word' id='word_1_6' title='bbox 1082 382 1126 452; x_wconf 93' lang='lat' dir='ltr'>n.</span> 
     </span>
    </p>
   </div>
   <div class='ocr_carea' id='block_1_2' title="bbox 240 545 1499 1073">
    <p class='ocr_par' dir='ltr' id='par_1_2' title="bbox 240 545 1499 1073">
     <span class='ocr_line' id='line_1_2' title="bbox 240 545 1458 644; baseline 0.003 -22"><span class='ocrx_word' id='word_1_7' title='bbox 240 559 362 622; x_wconf 80' lang='lat' dir='ltr'>latum:</span> <span class='ocrx_word' id='word_1_8' title='bbox 379 555 415 620; x_wconf 89' lang='lat' dir='ltr'>id</span> <span class='ocrx_word' id='word_1_9' title='bbox 435 557 526 641; x_wconf 87' lang='lat' dir='ltr'>quod</span> <span class='ocrx_word' id='word_1_10' title='bbox 549 545 623 640; x_wconf 80' lang='lat' dir='ltr'>ip&#39;se</span> <span class='ocrx_word' id='word_1_11' title='bbox 642 557 730 620; x_wconf 89' lang='lat' dir='ltr'>inter</span> <span class='ocrx_word' id='word_1_12' title='bbox 745 556 963 622; x_wconf 85' lang='lat' dir='ltr'>Tarentinum</span> <span class='ocrx_word' id='word_1_13' title='bbox 978 558 1207 644; x_wconf 75' lang='lat' dir='ltr'>Punicumque</span> <span class='ocrx_word' id='word_1_14' title='bbox 1230 559 1349 623; x_wconf 77' lang='lat' dir='ltr'>bellum</span> <span class='ocrx_word' id='word_1_15' title='bbox 1363 562 1458 626; x_wconf 79' lang='lat' dir='ltr'>facturn</span> 
     </span>
     <span class='ocr_line' id='line_1_3' title="bbox 242 645 1499 752; baseline 0.004 -22"><span class='ocrx_word' id='word_1_16' title='bbox 242 665 385 750; x_wconf 87' lang='lat' dir='ltr'>conjicit.</span> <span class='ocrx_word' id='word_1_17' title='bbox 405 665 475 728; x_wconf 85' lang='lat' dir='ltr'>Sed</span> <span class='ocrx_word' id='word_1_18' title='bbox 491 645 766 749; x_wconf 85' lang='lat' dir='ltr'>quemadmodum</span> <span class='ocrx_word' id='word_1_19' title='bbox 782 665 817 728; x_wconf 93' lang='lat' dir='ltr'>id</span> <span class='ocrx_word' id='word_1_20' title='bbox 831 665 924 728; x_wconf 92' lang='lat' dir='ltr'>nullo</span> <span class='ocrx_word' id='word_1_21' title='bbox 940 667 1131 730; x_wconf 89' lang='lat' dir='ltr'>testimonio</span> <span class='ocrx_word' id='word_1_22' title='bbox 1144 668 1346 750; x_wconf 84' lang='lat' dir='ltr'>comprobari</span> <span class='ocrx_word' id='word_1_23' title='bbox 1360 677 1457 752; x_wconf 74' lang='lat' dir='ltr'>potae</span> <span class='ocrx_word' id='word_1_24' title='bbox 1498 737 1499 748; x_wconf 20' lang='lat'>¹</span> 
     </span>
     <span class='ocr_line' id='line_1_4' title="bbox 240 771 1457 857; baseline 0.002 -21"><span class='ocrx_word' id='word_1_25' title='bbox 240 775 288 844; x_wconf 75' lang='lat' dir='ltr'>ita</span> <span class='ocrx_word' id='word_1_26' title='bbox 302 772 513 836; x_wconf 84' lang='lat' dir='ltr'>certissimum</span> <span class='ocrx_word' id='word_1_27' title='bbox 530 783 594 854; x_wconf 85' lang='lat' dir='ltr'>est,</span> <span class='ocrx_word' id='word_1_28' title='bbox 611 785 731 836; x_wconf 87' lang='lat' dir='ltr'>no&#39;vum</span> <span class='ocrx_word' id='word_1_29' title='bbox 747 771 811 834; x_wconf 89' lang='lat' dir='ltr'>boc</span> <span class='ocrx_word' id='word_1_30' title='bbox 833 773 962 836; x_wconf 85' lang='lat' dir='ltr'>Latium</span> <span class='ocrx_word' id='word_1_31' title='bbox 977 774 1055 857; x_wconf 86' lang='lat' dir='ltr'>jura</span> <span class='ocrx_word' id='word_1_32' title='bbox 1070 775 1159 837; x_wconf 88' lang='lat' dir='ltr'>Latii</span> <span class='ocrx_word' id='word_1_33' title='bbox 1179 776 1301 840; x_wconf 87' lang='lat' dir='ltr'>veteris</span> <span class='ocrx_word' id='word_1_34' title='bbox 1322 796 1386 838; x_wconf 89' lang='lat' dir='ltr'>esse</span> <span class='ocrx_word' id='word_1_35' title='bbox 1399 799 1457 839; x_wconf 87' lang='lat' dir='ltr'>eon·</span> 
     </span>
     <span class='ocr_line' id='line_1_5' title="bbox 241 879 1455 968; baseline 0.001 -24"><span class='ocrx_word' id='word_1_36' title='bbox 241 887 427 965; x_wconf 87' lang='lat' dir='ltr'>sequutum,</span> <span class='ocrx_word' id='word_1_37' title='bbox 442 879 604 964; x_wconf 79' lang='lat' dir='ltr'>siquidem</span> <span class='ocrx_word' id='word_1_38' title='bbox 619 880 793 963; x_wconf 84' lang='lat' dir='ltr'>Appianus</span> <span class='ocrx_word' id='word_1_39' title='bbox 808 881 846 941; x_wconf 83' lang='lat' dir='ltr'>de</span> <span class='ocrx_word' id='word_1_40' title='bbox 865 881 952 943; x_wconf 73' lang='lat' dir='ltr'>balbis</span> <span class='ocrx_word' id='word_1_41' title='bbox 966 883 1045 943; x_wconf 73' lang='lat' dir='ltr'>ciust.</span> <span class='ocrx_word' id='word_1_42' title='bbox 1067 881 1157 944; x_wconf 49' lang='lat'><em>1:39.</em></span> <span class='ocrx_word' id='word_1_43' title='bbox 1180 884 1332 965; x_wconf 86' lang='lat' dir='ltr'>Latinos,</span> <span class='ocrx_word' id='word_1_44' title='bbox 1347 905 1416 968; x_wconf 90' lang='lat' dir='ltr'>quos</span> <span class='ocrx_word' id='word_1_45' title='bbox 1426 886 1455 946; x_wconf 87' lang='lat' dir='ltr'>ab</span> 
     </span>
     <span class='ocr_line' id='line_1_6' title="bbox 240 987 1455 1073; baseline -0.001 -20"><span class='ocrx_word' id='word_1_46' title='bbox 240 989 332 1054; x_wconf 84' lang='lat' dir='ltr'>Italis</span> <span class='ocrx_word' id='word_1_47' title='bbox 345 988 498 1073; x_wconf 79' lang='lat' dir='ltr'>sejungit,</span> <span class='ocrx_word' id='word_1_48' title='bbox 508 989 550 1051; x_wconf 89' lang='lat' dir='ltr'>ad</span> <span class='ocrx_word' id='word_1_49' title='bbox 563 988 663 1050; x_wconf 74' lang='lat' dir='ltr'>Lirim</span> <span class='ocrx_word' id='word_1_50' title='bbox 677 1008 780 1073; x_wconf 83' lang='lat' dir='ltr'>usque</span> <span class='ocrx_word' id='word_1_51' title='bbox 792 988 826 1049; x_wconf 92' lang='lat' dir='ltr'>in</span> <span class='ocrx_word' id='word_1_52' title='bbox 838 987 955 1071; x_wconf 82' lang='lat' dir='ltr'>populi</span> <span class='ocrx_word' id='word_1_53' title='bbox 964 987 1111 1052; x_wconf 88' lang='lat' dir='ltr'>Romani</span> <span class='ocrx_word' id='word_1_54' title='bbox 1123 989 1190 1052; x_wconf 86' lang='lat' dir='ltr'>fide</span> <span class='ocrx_word' id='word_1_55' title='bbox 1202 990 1352 1053; x_wconf 83' lang='lat' dir='ltr'>mansisse</span> <span class='ocrx_word' id='word_1_56' title='bbox 1362 992 1455 1053; x_wconf 87' lang='lat' dir='ltr'>scribit</span> 
     </span>
    </p>
   </div>
   <div class='ocr_carea' id='block_1_3' title="bbox 814 1137 914 1220">
    <p class='ocr_par' dir='ltr' id='par_1_3' title="bbox 814 1137 914 1220">
     <span class='ocr_line' id='line_1_7' title="bbox 814 1137 914 1220; baseline -0.01 -20"><span class='ocrx_word' id='word_1_57' title='bbox 814 1140 843 1220; x_wconf 83' lang='lat'>§-</span> <span class='ocrx_word' id='word_1_58' title='bbox 863 1137 914 1200; x_wconf 79' lang='lat' dir='ltr'>sl.</span> 
     </span>
    </p>
   </div>
   <div class='ocr_carea' id='block_1_4' title="bbox 238 1239 1500 1854">
    <p class='ocr_par' dir='ltr' id='par_1_4' title="bbox 640 1239 1103 1292">
     <span class='ocr_line' id='line_1_8' title="bbox 640 1239 1103 1292; baseline 0 -1"><span class='ocrx_word' id='word_1_59' title='bbox 640 1241 732 1292; x_wconf 79' lang='lat' dir='ltr'>Latini</span> <span class='ocrx_word' id='word_1_60' title='bbox 749 1241 851 1291; x_wconf 84' lang='lat' dir='ltr'>demum</span> <span class='ocrx_word' id='word_1_61' title='bbox 870 1239 971 1291; x_wconf 79' lang='lat' dir='ltr'>civitate</span> <span class='ocrx_word' id='word_1_62' title='bbox 990 1239 1103 1292; x_wconf 80' lang='lat' dir='ltr'>donati.&#39;</span> 
     </span>
    </p>

    <p class='ocr_par' dir='ltr' id='par_1_5' title="bbox 238 1339 1500 1854">
     <span class='ocr_line' id='line_1_9' title="bbox 322 1339 1500 1440; baseline 0 -37"><span class='ocrx_word' id='word_1_63' title='bbox 322 1341 366 1403; x_wconf 88' lang='lat' dir='ltr'>Et</span> <span class='ocrx_word' id='word_1_64' title='bbox 386 1339 468 1403; x_wconf 89' lang='lat' dir='ltr'>haee</span> <span class='ocrx_word' id='word_1_65' title='bbox 492 1347 567 1403; x_wconf 91' lang='lat' dir='ltr'>sunt</span> <span class='ocrx_word' id='word_1_66' title='bbox 587 1339 667 1440; x_wconf 78' lang='lat' dir='ltr'>illae</span> <span class='ocrx_word' id='word_1_67' title='bbox 692 1347 826 1423; x_wconf 84' lang='lat' dir='ltr'>gentes,</span> <span class='ocrx_word' id='word_1_68' title='bbox 843 1341 960 1424; x_wconf 89' lang='lat' dir='ltr'>quibus</span> <span class='ocrx_word' id='word_1_69' title='bbox 976 1341 1031 1424; x_wconf 90' lang='lat' dir='ltr'>jus</span> <span class='ocrx_word' id='word_1_70' title='bbox 1047 1339 1135 1403; x_wconf 85' lang='lat' dir='ltr'>Latii</span> <span class='ocrx_word' id='word_1_71' title='bbox 1158 1341 1381 1425; x_wconf 82' lang='lat' dir='ltr'>antiquissimis</span> <span class='ocrx_word' id='word_1_72' title='bbox 1394 1350 1454 1403; x_wconf 86' lang='lat' dir='ltr'>ten·</span> <span class='ocrx_word' id='word_1_73' title='bbox 1499 1380 1500 1434; x_wconf 51' lang='lat' dir='ltr'>p</span> 
     </span>
     <span class='ocr_line' id='line_1_10' title="bbox 238 1447 1453 1532; baseline -0.002 -20"><span class='ocrx_word' id='word_1_74' title='bbox 238 1448 372 1532; x_wconf 91' lang='lat' dir='ltr'>poribus</span> <span class='ocrx_word' id='word_1_75' title='bbox 389 1448 498 1511; x_wconf 91' lang='lat' dir='ltr'>datum</span> <span class='ocrx_word' id='word_1_76' title='bbox 515 1453 574 1510; x_wconf 88' lang='lat' dir='ltr'>est.</span> <span class='ocrx_word' id='word_1_77' title='bbox 596 1447 673 1509; x_wconf 93' lang='lat' dir='ltr'>Hoc</span> <span class='ocrx_word' id='word_1_78' title='bbox 683 1448 760 1531; x_wconf 89' lang='lat' dir='ltr'>jure</span> <span class='ocrx_word' id='word_1_79' title='bbox 777 1447 926 1511; x_wconf 89' lang='lat' dir='ltr'>contenti</span> <span class='ocrx_word' id='word_1_80' title='bbox 940 1447 1073 1511; x_wconf 85' lang='lat' dir='ltr'>fuerunt</span> <span class='ocrx_word' id='word_1_81' title='bbox 1087 1467 1189 1531; x_wconf 89' lang='lat' dir='ltr'>usque</span> <span class='ocrx_word' id='word_1_82' title='bbox 1206 1448 1248 1511; x_wconf 90' lang='lat' dir='ltr'>ad</span> <span class='ocrx_word' id='word_1_83' title='bbox 1266 1447 1377 1512; x_wconf 88' lang='lat' dir='ltr'>bellum</span> <span class='ocrx_word' id='word_1_84' title='bbox 1394 1447 1453 1511; x_wconf 90' lang='lat' dir='ltr'>illud</span> 
     </span>
     <span class='ocr_line' id='line_1_11' title="bbox 238 1554 1453 1640; baseline -0.002 -22"><span class='ocrx_word' id='word_1_85' title='bbox 238 1555 361 1619; x_wconf 90' lang='lat' dir='ltr'>sociale</span> <span class='ocrx_word' id='word_1_86' title='bbox 380 1556 435 1618; x_wconf 93' lang='lat' dir='ltr'>vel</span> <span class='ocrx_word' id='word_1_87' title='bbox 451 1555 641 1636; x_wconf 82' lang='lat' dir='ltr'>Marsicum,</span> <span class='ocrx_word' id='word_1_88' title='bbox 658 1576 723 1639; x_wconf 92' lang='lat' dir='ltr'>quo</span> <span class='ocrx_word' id='word_1_89' title='bbox 747 1555 901 1620; x_wconf 88' lang='lat' dir='ltr'>confecto</span> <span class='ocrx_word' id='word_1_90' title='bbox 917 1555 959 1617; x_wconf 80' lang='lat' dir='ltr'>A.</span> <span class='ocrx_word' id='word_1_91' title='bbox 975 1554 1017 1618; x_wconf 92' lang='lat' dir='ltr'>U.</span> <span class='ocrx_word' id='word_1_92' title='bbox 1034 1555 1070 1618; x_wconf 84' lang='lat' dir='ltr'>C.</span> <span class='ocrx_word' id='word_1_93' title='bbox 1087 1571 1227 1618; x_wconf 75' lang='lat' dir='ltr'>nouxnr.</span> <span class='ocrx_word' id='word_1_94' title='bbox 1242 1556 1317 1640; x_wconf 83' lang='lat' dir='ltr'>lege</span> <span class='ocrx_word' id='word_1_95' title='bbox 1331 1554 1416 1636; x_wconf 85' lang='lat' dir='ltr'>Julia,</span> <span class='ocrx_word' id='word_1_96' title='bbox 1431 1565 1453 1616; x_wconf 90' lang='lat' dir='ltr'>et</span> 
     </span>
     <span class='ocr_line' id='line_1_12' title="bbox 238 1661 1500 1748; baseline -0.002 -22"><span class='ocrx_word' id='word_1_97' title='bbox 238 1664 389 1748; x_wconf 84' lang='lat' dir='ltr'>proxime</span> <span class='ocrx_word' id='word_1_98' title='bbox 408 1664 604 1748; x_wconf 83' lang='lat' dir='ltr'>insequente</span> <span class='ocrx_word' id='word_1_99' title='bbox 620 1663 699 1748; x_wconf 89' lang='lat' dir='ltr'>lege</span> <span class='ocrx_word' id='word_1_100' title='bbox 715 1663 828 1727; x_wconf 89' lang='lat' dir='ltr'>Plotia</span> <span class='ocrx_word' id='word_1_101' title='bbox 844 1684 956 1726; x_wconf 91' lang='lat' dir='ltr'>omnes</span> <span class='ocrx_word' id='word_1_102' title='bbox 977 1661 1058 1724; x_wconf 92' lang='lat' dir='ltr'>socii</span> <span class='ocrx_word' id='word_1_103' title='bbox 1074 1685 1112 1726; x_wconf 90' lang='lat' dir='ltr'>ac</span> <span class='ocrx_word' id='word_1_104' title='bbox 1126 1664 1239 1727; x_wconf 88' lang='lat' dir='ltr'>Latini</span> <span class='ocrx_word' id='word_1_105' title='bbox 1255 1664 1393 1742; x_wconf 86' lang='lat' dir='ltr'>nominis,</span> <span class='ocrx_word' id='word_1_106' title='bbox 1405 1662 1451 1725; x_wconf 87' lang='lat' dir='ltr'>imo</span> <span class='ocrx_word' id='word_1_107' title='bbox 1499 1715 1500 1718; x_wconf 63' lang='lat'>,</span> 
     </span>
     <span class='ocr_line' id='line_1_13' title="bbox 239 1757 1394 1854; baseline 0.001 -22"><span class='ocrx_word' id='word_1_108' title='bbox 239 1777 273 1834; x_wconf 89' lang='lat' dir='ltr'>et</span> <span class='ocrx_word' id='word_1_109' title='bbox 285 1770 363 1834; x_wconf 89' lang='lat' dir='ltr'>Itali</span> <span class='ocrx_word' id='word_1_110' title='bbox 376 1771 510 1833; x_wconf 89' lang='lat' dir='ltr'>civitate</span> <span class='ocrx_word' id='word_1_111' title='bbox 522 1771 674 1834; x_wconf 89' lang='lat' dir='ltr'>Romana</span> <span class='ocrx_word' id='word_1_112' title='bbox 685 1773 800 1836; x_wconf 87' lang='lat' dir='ltr'>donati</span> <span class='ocrx_word' id='word_1_113' title='bbox 813 1779 898 1854; x_wconf 87' lang='lat' dir='ltr'>sunt,</span> <span class='ocrx_word' id='word_1_114' title='bbox 911 1757 947 1834; x_wconf 87' lang='lat' dir='ltr'>ut</span> <span class='ocrx_word' id='word_1_115' title='bbox 958 1791 1055 1854; x_wconf 91' lang='lat' dir='ltr'>supra</span> <span class='ocrx_word' id='word_1_116' title='bbox 1066 1771 1095 1851; x_wconf 83' lang='lat'>§.</span> <span class='ocrx_word' id='word_1_117' title='bbox 1106 1771 1136 1832; x_wconf 92' lang='grc'>9.</span> <span class='ocrx_word' id='word_1_118' title='bbox 1151 1773 1394 1836; x_wconf 86' lang='lat' dir='ltr'>observavimus.</span> 
     </span>
    </p>
   </div>
   <div class='ocr_carea' id='block_1_5' title="bbox 812 1923 913 2006">
    <p class='ocr_par' dir='ltr' id='par_1_6' title="bbox 812 1923 913 2006">
     <span class='ocr_line' id='line_1_14' title="bbox 812 1923 913 2006; baseline 0 -20"><span class='ocrx_word' id='word_1_119' title='bbox 812 1926 840 2006; x_wconf 84' lang='lat'>§-</span> <span class='ocrx_word' id='word_1_120' title='bbox 862 1923 913 1986; x_wconf 78' lang='lat' dir='ltr'>sa.</span> 
     </span>
    </p>
   </div>
   <div class='ocr_carea' id='block_1_6' title="bbox 172 2022 1501 4169">
    <p class='ocr_par' dir='ltr' id='par_1_7' title="bbox 475 2022 1249 2092">
     <span class='ocr_line' id='line_1_15' title="bbox 475 2022 1249 2092; baseline 0.003 -18"><span class='ocrx_word' id='word_1_121' title='bbox 475 2022 526 2075; x_wconf 79' lang='lat' dir='ltr'>Jos</span> <span class='ocrx_word' id='word_1_122' title='bbox 545 2025 618 2076; x_wconf 74' lang='lat' dir='ltr'>Latii</span> <span class='ocrx_word' id='word_1_123' title='bbox 635 2024 727 2076; x_wconf 59' lang='lat' dir='ltr'>danda</span> <span class='ocrx_word' id='word_1_124' title='bbox 745 2025 804 2076; x_wconf 79' lang='lat' dir='ltr'>aliis</span> <span class='ocrx_word' id='word_1_125' title='bbox 814 2024 923 2092; x_wconf 79' lang='lat' dir='ltr'>populis</span> <span class='ocrx_word' id='word_1_126' title='bbox 943 2032 968 2074; x_wconf 82' lang='lat' dir='ltr'>et</span> <span class='ocrx_word' id='word_1_127' title='bbox 985 2022 1131 2076; x_wconf 67' lang='lat' dir='ltr'>civitatibus</span> <span class='ocrx_word' id='word_1_128' title='bbox 1149 2024 1249 2076; x_wconf 81' lang='lat' dir='ltr'>datum.</span> 
     </span>
    </p>

    <p class='ocr_par' dir='ltr' id='par_1_8' title="bbox 172 2123 1501 3286">
     <span class='ocr_line' id='line_1_16' title="bbox 320 2123 1450 2209; baseline -0.005 -23"><span class='ocrx_word' id='word_1_129' title='bbox 320 2123 368 2186; x_wconf 81' lang='lat' dir='ltr'>At</span> <span class='ocrx_word' id='word_1_130' title='bbox 389 2124 536 2207; x_wconf 88' lang='lat' dir='ltr'>quamvis</span> <span class='ocrx_word' id='word_1_131' title='bbox 551 2125 664 2188; x_wconf 87' lang='lat' dir='ltr'>Latini</span> <span class='ocrx_word' id='word_1_132' title='bbox 685 2126 719 2188; x_wconf 95' lang='lat' dir='ltr'>in</span> <span class='ocrx_word' id='word_1_133' title='bbox 735 2125 878 2188; x_wconf 87' lang='lat' dir='ltr'>civitatis</span> <span class='ocrx_word' id='word_1_134' title='bbox 897 2123 1069 2187; x_wconf 82' lang='lat' dir='ltr'>Romanae</span> <span class='ocrx_word' id='word_1_135' title='bbox 1087 2125 1165 2209; x_wconf 93' lang='lat' dir='ltr'>jura</span> <span class='ocrx_word' id='word_1_136' title='bbox 1181 2123 1389 2190; x_wconf 84' lang='lat' dir='ltr'>transiissent:</span> <span class='ocrx_word' id='word_1_137' title='bbox 1403 2140 1450 2180; x_wconf 92' lang='lat' dir='ltr'>non</span> 
     </span>
     <span class='ocr_line' id='line_1_17' title="bbox 236 2231 1450 2318; baseline -0.004 -26"><span class='ocrx_word' id='word_1_138' title='bbox 236 2232 340 2314; x_wconf 89' lang='lat' dir='ltr'>ipsum</span> <span class='ocrx_word' id='word_1_139' title='bbox 358 2239 467 2294; x_wconf 89' lang='lat' dir='ltr'>tamen</span> <span class='ocrx_word' id='word_1_140' title='bbox 483 2231 561 2294; x_wconf 92' lang='lat' dir='ltr'>ideo</span> <span class='ocrx_word' id='word_1_141' title='bbox 578 2233 768 2316; x_wconf 84' lang='lat' dir='ltr'>exspirabat</span> <span class='ocrx_word' id='word_1_142' title='bbox 781 2234 837 2318; x_wconf 88' lang='lat' dir='ltr'>jus</span> <span class='ocrx_word' id='word_1_143' title='bbox 852 2232 958 2313; x_wconf 85' lang='lat' dir='ltr'>Latii,</span> <span class='ocrx_word' id='word_1_144' title='bbox 975 2233 1099 2315; x_wconf 91' lang='lat' dir='ltr'>quippe</span> <span class='ocrx_word' id='word_1_145' title='bbox 1116 2233 1208 2315; x_wconf 91' lang='lat' dir='ltr'>quod</span> <span class='ocrx_word' id='word_1_146' title='bbox 1223 2235 1264 2296; x_wconf 91' lang='lat' dir='ltr'>ab</span> <span class='ocrx_word' id='word_1_147' title='bbox 1281 2252 1320 2292; x_wconf 91' lang='lat' dir='ltr'>eo</span> <span class='ocrx_word' id='word_1_148' title='bbox 1333 2239 1450 2310; x_wconf 86' lang='lat' dir='ltr'>tempore</span> 
     </span>
     <span class='ocr_line' id='line_1_18' title="bbox 237 2338 1449 2423; baseline -0.005 -23"><span class='ocrx_word' id='word_1_149' title='bbox 237 2359 335 2422; x_wconf 93' lang='lat' dir='ltr'>quum</span> <span class='ocrx_word' id='word_1_150' title='bbox 358 2338 466 2402; x_wconf 89' lang='lat' dir='ltr'>multis</span> <span class='ocrx_word' id='word_1_151' title='bbox 488 2339 692 2423; x_wconf 83' lang='lat' dir='ltr'>civitatibus,</span> <span class='ocrx_word' id='word_1_152' title='bbox 717 2349 784 2404; x_wconf 90' lang='lat' dir='ltr'>tum</span> <span class='ocrx_word' id='word_1_153' title='bbox 810 2347 844 2403; x_wconf 88' lang='lat' dir='ltr'>et</span> <span class='ocrx_word' id='word_1_154' title='bbox 866 2340 1006 2403; x_wconf 88' lang='lat' dir='ltr'>coloniis</span> <span class='ocrx_word' id='word_1_155' title='bbox 1030 2350 1125 2403; x_wconf 88' lang='lat' dir='ltr'>extra</span> <span class='ocrx_word' id='word_1_156' title='bbox 1145 2340 1277 2404; x_wconf 89' lang='lat' dir='ltr'>Italiam</span> <span class='ocrx_word' id='word_1_157' title='bbox 1300 2353 1449 2401; x_wconf 83' lang='lat' dir='ltr'>concessum</span> 
     </span>
     <span class='ocr_line' id='line_1_19' title="bbox 205 2445 1449 2532; baseline -0.006 -24"><span class='ocrx_word' id='word_1_158' title='bbox 205 2485 208 2487; x_wconf 97' lang='lat'>-</span> <span class='ocrx_word' id='word_1_159' title='bbox 235 2446 384 2530; x_wconf 83' lang='lat' dir='ltr'>legimus.</span> <span class='ocrx_word' id='word_1_160' title='bbox 407 2447 462 2511; x_wconf 90' lang='lat' dir='ltr'>Sic</span> <span class='ocrx_word' id='word_1_161' title='bbox 476 2445 752 2512; x_wconf 89' lang='lat' dir='ltr'>Nemausensibus</span> <span class='ocrx_word' id='word_1_162' title='bbox 765 2449 820 2532; x_wconf 82' lang='lat' dir='ltr'>jus</span> <span class='ocrx_word' id='word_1_163' title='bbox 831 2447 919 2511; x_wconf 89' lang='lat' dir='ltr'>Latii</span> <span class='ocrx_word' id='word_1_164' title='bbox 936 2449 1046 2511; x_wconf 90' lang='lat' dir='ltr'>datum</span> <span class='ocrx_word' id='word_1_165' title='bbox 1063 2469 1144 2531; x_wconf 83' lang='lat' dir='ltr'>esse,</span> <span class='ocrx_word' id='word_1_166' title='bbox 1160 2456 1255 2532; x_wconf 90' lang='lat' dir='ltr'>patet</span> <span class='ocrx_word' id='word_1_167' title='bbox 1267 2469 1308 2511; x_wconf 89' lang='lat' dir='ltr'>ex</span> <span class='ocrx_word' id='word_1_168' title='bbox 1321 2446 1449 2508; x_wconf 85' lang='lat' dir='ltr'>Strabone</span> 
     </span>
     <span class='ocr_line' id='line_1_20' title="bbox 236 2551 1449 2640; baseline 0 -26"><span class='ocrx_word' id='word_1_169' title='bbox 236 2554 293 2615; x_wconf 86' lang='lat' dir='ltr'>IV.</span> <span class='ocrx_word' id='word_1_170' title='bbox 309 2575 334 2614; x_wconf 85' lang='lat' dir='ltr'>c.</span> <span class='ocrx_word' id='word_1_171' title='bbox 350 2554 380 2615; x_wconf 91' lang='lat'>1.</span> <span class='ocrx_word' id='word_1_172' title='bbox 395 2555 423 2634; x_wconf 64' lang='grc' dir='ltr'>ς.</span> <span class='ocrx_word' id='word_1_173' title='bbox 438 2553 487 2614; x_wconf 82' lang='lat'>12.</span> <span class='ocrx_word' id='word_1_174' title='bbox 503 2553 811 2620; x_wconf 88' lang='lat' dir='ltr'>Novocomensibus</span> <span class='ocrx_word' id='word_1_175' title='bbox 826 2556 912 2619; x_wconf 91' lang='lat' dir='ltr'>idem</span> <span class='ocrx_word' id='word_1_176' title='bbox 925 2557 979 2640; x_wconf 90' lang='lat' dir='ltr'>jus</span> <span class='ocrx_word' id='word_1_177' title='bbox 994 2555 1134 2619; x_wconf 88' lang='lat' dir='ltr'>dederat</span> <span class='ocrx_word' id='word_1_178' title='bbox 1152 2557 1208 2620; x_wconf 90' lang='lat' dir='ltr'>vel</span> <span class='ocrx_word' id='word_1_179' title='bbox 1223 2554 1289 2620; x_wconf 87' lang='lat' dir='ltr'>Jul.</span> <span class='ocrx_word' id='word_1_180' title='bbox 1303 2554 1414 2628; x_wconf 84' lang='lat' dir='ltr'>Caesar,</span> <span class='ocrx_word' id='word_1_181' title='bbox 1426 2551 1449 2608; x_wconf 80' lang='lat' dir='ltr'>ut</span> 
     </span>
     <span class='ocr_line' id='line_1_21' title="bbox 235 2654 1448 2747; baseline -0.003 -25"><span class='ocrx_word' id='word_1_182' title='bbox 235 2659 336 2722; x_wconf 87' lang='lat' dir='ltr'>tradit</span> <span class='ocrx_word' id='word_1_183' title='bbox 352 2659 495 2744; x_wconf 70' lang='lat' dir='ltr'>Appian‘.</span> <span class='ocrx_word' id='word_1_184' title='bbox 516 2661 555 2723; x_wconf 86' lang='lat' dir='ltr'>de</span> <span class='ocrx_word' id='word_1_185' title='bbox 577 2664 644 2724; x_wconf 81' lang='lat' dir='ltr'>bell.</span> <span class='ocrx_word' id='word_1_186' title='bbox 660 2667 737 2726; x_wconf 74' lang='lat' dir='ltr'>civr&#39;l.</span> <span class='ocrx_word' id='word_1_187' title='bbox 753 2666 795 2724; x_wconf 87' lang='lat' dir='ltr'>II.</span> <span class='ocrx_word' id='word_1_188' title='bbox 808 2663 859 2726; x_wconf 74' lang='lat'>26.</span> <span class='ocrx_word' id='word_1_189' title='bbox 875 2659 930 2726; x_wconf 90' lang='lat' dir='ltr'>vel</span> <span class='ocrx_word' id='word_1_190' title='bbox 951 2663 1131 2747; x_wconf 87' lang='lat' dir='ltr'>Pompejus</span> <span class='ocrx_word' id='word_1_191' title='bbox 1152 2663 1290 2739; x_wconf 87' lang='lat' dir='ltr'>Strabo,</span> <span class='ocrx_word' id='word_1_192' title='bbox 1305 2671 1338 2726; x_wconf 92' lang='lat' dir='ltr'>ut</span> <span class='ocrx_word' id='word_1_193' title='bbox 1356 2654 1448 2722; x_wconf 79' lang='lat' dir='ltr'>mavult</span> 
     </span>
     <span class='ocr_line' id='line_1_22' title="bbox 234 2759 1501 2854; baseline -0.002 -25"><span class='ocrx_word' id='word_1_194' title='bbox 234 2767 294 2829; x_wconf 68' lang='grc' dir='ltr'>ΕΖ.</span> <span class='ocrx_word' id='word_1_195' title='bbox 310 2766 431 2850; x_wconf 91' lang='lat' dir='ltr'>Spauh.</span> <span class='ocrx_word' id='word_1_196' title='bbox 455 2767 526 2828; x_wconf 81' lang='grc' dir='ltr'>0νό.</span> <span class='ocrx_word' id='word_1_197' title='bbox 544 2771 631 2832; x_wconf 84' lang='lat' dir='ltr'>Rom.</span> <span class='ocrx_word' id='word_1_198' title='bbox 648 2773 762 2834; x_wconf 72' lang='lat' dir='ltr'>Emere.</span> <span class='ocrx_word' id='word_1_199' title='bbox 779 2773 803 2832; x_wconf 90' lang='grc' dir='ltr'>Ι.</span> <span class='ocrx_word' id='word_1_200' title='bbox 818 2793 843 2832; x_wconf 85' lang='lat' dir='ltr'>e.</span> <span class='ocrx_word' id='word_1_201' title='bbox 859 2768 889 2832; x_wconf 80' lang='lat'>2.</span> <span class='ocrx_word' id='word_1_202' title='bbox 899 2791 933 2854; x_wconf 88' lang='lat' dir='ltr'>p.</span> <span class='ocrx_word' id='word_1_203' title='bbox 951 2767 1001 2832; x_wconf 79' lang='lat'>62.</span> <span class='ocrx_word' id='word_1_204' title='bbox 1023 2770 1055 2833; x_wconf 86' lang='lat' dir='ltr'>Is</span> <span class='ocrx_word' id='word_1_205' title='bbox 1077 2771 1164 2833; x_wconf 92' lang='lat' dir='ltr'>enim</span> <span class='ocrx_word' id='word_1_206' title='bbox 1180 2771 1353 2854; x_wconf 88' lang='lat' dir='ltr'>Pompejus</span> <span class='ocrx_word' id='word_1_207' title='bbox 1371 2759 1448 2828; x_wconf 90' lang='lat' dir='ltr'>onni-</span> <span class='ocrx_word' id='word_1_208' title='bbox 1500 2785 1501 2800; x_wconf 43' lang='lat' dir='ltr'>t</span> 
     </span>
     <span class='ocr_line' id='line_1_23' title="bbox 235 2870 1447 2963; baseline -0.006 -27"><span class='ocrx_word' id='word_1_209' title='bbox 235 2875 294 2937; x_wconf 90' lang='lat' dir='ltr'>bus</span> <span class='ocrx_word' id='word_1_210' title='bbox 312 2873 418 2938; x_wconf 88' lang='lat' dir='ltr'>Gallis</span> <span class='ocrx_word' id='word_1_211' title='bbox 431 2875 675 2960; x_wconf 86' lang='lat' dir='ltr'>Transpadanis</span> <span class='ocrx_word' id='word_1_212' title='bbox 687 2879 851 2963; x_wconf 80' lang='lat' dir='ltr'>jusLatii</span> <span class='ocrx_word' id='word_1_213' title='bbox 873 2887 1081 2942; x_wconf 87' lang='lat' dir='ltr'>concesserat</span> <span class='ocrx_word' id='word_1_214' title='bbox 1104 2887 1190 2943; x_wconf 91' lang='lat' dir='ltr'>teste</span> <span class='ocrx_word' id='word_1_215' title='bbox 1208 2879 1326 2942; x_wconf 86' lang='lat' dir='ltr'>Ascon.</span> <span class='ocrx_word' id='word_1_216' title='bbox 1341 2870 1447 2935; x_wconf 88' lang='lat' dir='ltr'>Pedian.</span> 
     </span>
     <span class='ocr_line' id='line_1_24' title="bbox 234 2974 1447 3071; baseline -0.004 -29"><span class='ocrx_word' id='word_1_217' title='bbox 234 2986 266 3043; x_wconf 76' lang='lat' dir='ltr'>in</span> <span class='ocrx_word' id='word_1_218' title='bbox 290 2979 385 3042; x_wconf 68' lang='lat' dir='ltr'>cicer.</span> <span class='ocrx_word' id='word_1_219' title='bbox 401 2984 523 3045; x_wconf 84' lang='lat' dir='ltr'>advers.</span> <span class='ocrx_word' id='word_1_220' title='bbox 547 2986 653 3048; x_wconf 74' lang='lat' dir='ltr'>szon.</span> <span class='ocrx_word' id='word_1_221' title='bbox 669 3008 700 3067; x_wconf 84' lang='lat' dir='ltr'>p.</span> <span class='ocrx_word' id='word_1_222' title='bbox 715 2985 786 3048; x_wconf 83' lang='lat'><strong>156.</strong></span> <span class='ocrx_word' id='word_1_223' title='bbox 810 2986 939 3050; x_wconf 88' lang='lat' dir='ltr'>Eodem</span> <span class='ocrx_word' id='word_1_224' title='bbox 959 2986 1113 3071; x_wconf 86' lang='lat' dir='ltr'>exemplo</span> <span class='ocrx_word' id='word_1_225' title='bbox 1134 2984 1228 3049; x_wconf 89' lang='lat' dir='ltr'>Nero</span> <span class='ocrx_word' id='word_1_226' title='bbox 1251 2985 1389 3048; x_wconf 90' lang='lat' dir='ltr'>nationes</span> <span class='ocrx_word' id='word_1_227' title='bbox 1404 2974 1447 3037; x_wconf 86' lang='grc' dir='ltr'>ΑΙ·</span> 
     </span>
     <span class='ocr_line' id='line_1_25' title="bbox 234 3082 1447 3178; baseline -0.003 -29"><span class='ocrx_word' id='word_1_228' title='bbox 234 3087 322 3172; x_wconf 92' lang='lat' dir='ltr'>pium</span> <span class='ocrx_word' id='word_1_229' title='bbox 340 3089 588 3168; x_wconf 86' lang='lat' dir='ltr'>maritimarum3</span> <span class='ocrx_word' id='word_1_230' title='bbox 605 3093 789 3156; x_wconf 89' lang='lat' dir='ltr'>universam</span> <span class='ocrx_word' id='word_1_231' title='bbox 804 3094 1000 3177; x_wconf 86' lang='lat' dir='ltr'>Hispaniam</span> <span class='ocrx_word' id='word_1_232' title='bbox 1016 3093 1240 3178; x_wconf 86' lang='lat' dir='ltr'>Vespasianus</span> <span class='ocrx_word' id='word_1_233' title='bbox 1246 3119 1254 3169; x_wconf 92' lang='lat'>;</span> <span class='ocrx_word' id='word_1_234' title='bbox 1269 3089 1376 3154; x_wconf 86' lang='lat' dir='ltr'>multas</span> <span class='ocrx_word' id='word_1_235' title='bbox 1389 3082 1447 3146; x_wconf 80' lang='lat' dir='ltr'>aliu</span> 
     </span>
     <span class='ocr_line' id='line_1_26' title="bbox 172 3179 1446 3286; baseline 0 -30"><span class='ocrx_word' id='word_1_236' title='bbox 172 3201 176 3207; x_wconf 77' lang='grc'><strong><em>’</em></strong></span> <span class='ocrx_word' id='word_1_237' title='bbox 234 3193 385 3260; x_wconf 88' lang='lat' dir='ltr'>civitates</span> <span class='ocrx_word' id='word_1_238' title='bbox 398 3197 586 3263; x_wconf 87' lang='lat' dir='ltr'>Hadrianus</span> <span class='ocrx_word' id='word_1_239' title='bbox 603 3201 636 3263; x_wconf 91' lang='lat' dir='ltr'>in</span> <span class='ocrx_word' id='word_1_240' title='bbox 651 3179 706 3286; x_wconf 85' lang='lat' dir='ltr'>jus</span> <span class='ocrx_word' id='word_1_241' title='bbox 721 3199 810 3263; x_wconf 90' lang='lat' dir='ltr'>Latii</span> <span class='ocrx_word' id='word_1_242' title='bbox 825 3202 1078 3265; x_wconf 84' lang='lat' dir='ltr'>transtulerunt:</span> <span class='ocrx_word' id='word_1_243' title='bbox 1092 3201 1200 3265; x_wconf 87' lang='lat' dir='ltr'>Tacit.</span> <span class='ocrx_word' id='word_1_244' title='bbox 1217 3199 1330 3263; x_wconf 82' lang='lat' dir='ltr'>Annol.</span> <span class='ocrx_word' id='word_1_245' title='bbox 1344 3191 1404 3256; x_wconf 81' lang='lat' dir='ltr'>XV·</span> <span class='ocrx_word' id='word_1_246' title='bbox 1411 3185 1446 3248; x_wconf 71' lang='lat'>32·</span> 
     </span>
    </p>

    <p class='ocr_par' dir='ltr' id='par_1_9' title="bbox 198 3291 1446 3717">
     <span class='ocr_line' id='line_1_27' title="bbox 198 3291 1446 3390; baseline -0.004 -22"><span class='ocrx_word' id='word_1_247' title='bbox 198 3358 203 3368; x_wconf 83' lang='grc'><em>,</em></span> <span class='ocrx_word' id='word_1_248' title='bbox 232 3302 319 3366; x_wconf 94' lang='lat' dir='ltr'>Plin.</span> <span class='ocrx_word' id='word_1_249' title='bbox 342 3305 651 3371; x_wconf 64' lang='lat' dir='ltr'>Hecataeone.</span> <span class='ocrx_word' id='word_1_250' title='bbox 679 3308 843 3390; x_wconf 89' lang='lat' dir='ltr'>Spartian.</span> <span class='ocrx_word' id='word_1_251' title='bbox 861 3310 966 3372; x_wconf 79' lang='lat' dir='ltr'>Hadr.</span> <span class='ocrx_word' id='word_1_252' title='bbox 982 3332 1008 3372; x_wconf 84' lang='lat' dir='ltr'>c.</span> <span class='ocrx_word' id='word_1_253' title='bbox 1028 3309 1079 3372; x_wconf 78' lang='lat'>21.</span> <span class='ocrx_word' id='word_1_254' title='bbox 1109 3308 1163 3371; x_wconf 92' lang='lat' dir='ltr'>De</span> <span class='ocrx_word' id='word_1_255' title='bbox 1191 3305 1327 3371; x_wconf 92' lang='lat' dir='ltr'>coloniis</span> <span class='ocrx_word' id='word_1_256' title='bbox 1351 3291 1446 3363; x_wconf 80' lang='lat' dir='ltr'>Latinis</span> 
     </span>
     <span class='ocr_line' id='line_1_28' title="bbox 232 3410 782 3495; baseline 0.007 -23"><span class='ocrx_word' id='word_1_257' title='bbox 232 3410 346 3495; x_wconf 89' lang='lat' dir='ltr'>paullo</span> <span class='ocrx_word' id='word_1_258' title='bbox 362 3421 437 3494; x_wconf 91' lang='lat' dir='ltr'>post</span> <span class='ocrx_word' id='word_1_259' title='bbox 453 3413 516 3477; x_wconf 91' lang='lat' dir='ltr'>erit</span> <span class='ocrx_word' id='word_1_260' title='bbox 531 3414 664 3477; x_wconf 92' lang='lat' dir='ltr'>dicendi</span> <span class='ocrx_word' id='word_1_261' title='bbox 682 3414 782 3477; x_wconf 88' lang='lat' dir='ltr'>locus.</span> 
     </span>
     <span class='ocr_line' id='line_1_29' title="bbox 805 3564 908 3645; baseline -0.039 -17"><span class='ocrx_word' id='word_1_262' title='bbox 805 3565 834 3645; x_wconf 85' lang='lat'>§.</span> <span class='ocrx_word' id='word_1_263' title='bbox 857 3564 908 3628; x_wconf 82' lang='lat'>83.</span> 
     </span>
     <span class='ocr_line' id='line_1_30' title="bbox 576 3661 1132 3717; baseline 0.005 -4"><span class='ocrx_word' id='word_1_264' title='bbox 576 3663 669 3714; x_wconf 81' lang='lat' dir='ltr'>Latini</span> <span class='ocrx_word' id='word_1_265' title='bbox 686 3661 799 3717; x_wconf 76' lang='lat' dir='ltr'>duuiani</span> <span class='ocrx_word' id='word_1_266' title='bbox 815 3663 951 3716; x_wconf 82' lang='lat' dir='ltr'>libertinae</span> <span class='ocrx_word' id='word_1_267' title='bbox 970 3664 1132 3716; x_wconf 75' lang='lat' dir='ltr'>conditionis.</span> 
     </span>
    </p>

    <p class='ocr_par' dir='ltr' id='par_1_10' title="bbox 225 3744 1446 4169">
     <span class='ocr_line' id='line_1_31' title="bbox 315 3744 1446 3848; baseline -0.001 -25"><span class='ocrx_word' id='word_1_268' title='bbox 315 3760 446 3825; x_wconf 91' lang='lat' dir='ltr'>Novum</span> <span class='ocrx_word' id='word_1_269' title='bbox 461 3762 654 3826; x_wconf 90' lang='lat' dir='ltr'>Latinorum</span> <span class='ocrx_word' id='word_1_270' title='bbox 670 3783 774 3848; x_wconf 87' lang='lat' dir='ltr'>genus</span> <span class='ocrx_word' id='word_1_271' title='bbox 786 3772 953 3848; x_wconf 88' lang='lat' dir='ltr'>repertum</span> <span class='ocrx_word' id='word_1_272' title='bbox 970 3765 1028 3826; x_wconf 92' lang='lat' dir='ltr'>sub</span> <span class='ocrx_word' id='word_1_273' title='bbox 1045 3763 1194 3846; x_wconf 86' lang='lat' dir='ltr'>Tiberio,</span> <span class='ocrx_word' id='word_1_274' title='bbox 1210 3764 1278 3828; x_wconf 90' lang='lat' dir='ltr'>lata</span> <span class='ocrx_word' id='word_1_275' title='bbox 1292 3744 1446 3842; x_wconf 76' lang='lat' dir='ltr'>legeJlfflia</span> 
     </span>
     <span class='ocr_line' id='line_1_32' title="bbox 231 3858 1445 3953; baseline -0.013 -25"><span class='ocrx_word' id='word_1_276' title='bbox 231 3865 409 3950; x_wconf 88' lang='lat' dir='ltr'>Norbana,</span> <span class='ocrx_word' id='word_1_277' title='bbox 426 3890 491 3953; x_wconf 92' lang='lat' dir='ltr'>qua</span> <span class='ocrx_word' id='word_1_278' title='bbox 508 3875 655 3951; x_wconf 86' lang='lat' dir='ltr'>cautum,</span> <span class='ocrx_word' id='word_1_279' title='bbox 671 3879 707 3933; x_wconf 90' lang='lat' dir='ltr'>ut</span> <span class='ocrx_word' id='word_1_280' title='bbox 725 3871 830 3934; x_wconf 92' lang='lat' dir='ltr'>modis</span> <span class='ocrx_word' id='word_1_281' title='bbox 853 3872 956 3934; x_wconf 91' lang='lat' dir='ltr'>minus</span> <span class='ocrx_word' id='word_1_282' title='bbox 981 3869 1194 3935; x_wconf 90' lang='lat' dir='ltr'>sollemnibus</span> <span class='ocrx_word' id='word_1_283' title='bbox 1214 3858 1385 3934; x_wconf 86' lang='lat' dir='ltr'>manumissi</span> <span class='ocrx_word' id='word_1_284' title='bbox 1398 3869 1445 3916; x_wconf 87' lang='lat' dir='ltr'>uon</span> 
     </span>
     <span class='ocr_line' id='line_1_33' title="bbox 225 3955 1445 4064; baseline -0.011 -28"><span class='ocrx_word' id='word_1_285' title='bbox 225 3973 303 4057; x_wconf 89' lang='lat' dir='ltr'>jura</span> <span class='ocrx_word' id='word_1_286' title='bbox 318 3974 460 4038; x_wconf 83' lang='lat' dir='ltr'>civitatis</span> <span class='ocrx_word' id='word_1_287' title='bbox 470 3975 653 4060; x_wconf 84' lang='lat' dir='ltr'>Romanae,</span> <span class='ocrx_word' id='word_1_288' title='bbox 665 3979 723 4041; x_wconf 88' lang='lat' dir='ltr'>sed</span> <span class='ocrx_word' id='word_1_289' title='bbox 735 3979 823 4042; x_wconf 83' lang='lat' dir='ltr'>Iratii</span> <span class='ocrx_word' id='word_1_290' title='bbox 838 3985 963 4042; x_wconf 89' lang='lat' dir='ltr'>tantum</span> <span class='ocrx_word' id='word_1_291' title='bbox 977 3989 1266 4064; x_wconf 86' lang='lat' dir='ltr'>consequerentur.</span> <span class='ocrx_word' id='word_1_292' title='bbox 1276 3971 1366 4039; x_wconf 89' lang='lat' dir='ltr'>Unde</span> <span class='ocrx_word' id='word_1_293' title='bbox 1378 3962 1405 4025; x_wconf 91' lang='lat' dir='ltr'>hi</span> <span class='ocrx_word' id='word_1_294' title='bbox 1416 3955 1445 4019; x_wconf 87' lang='lat' dir='ltr'>li·</span> 
     </span>
     <span class='ocr_line' id='line_1_34' title="bbox 231 4065 1444 4169; baseline -0.002 -27"><span class='ocrx_word' id='word_1_295' title='bbox 231 4081 352 4143; x_wconf 90' lang='lat' dir='ltr'>bertini</span> <span class='ocrx_word' id='word_1_296' title='bbox 368 4082 448 4144; x_wconf 88' lang='lat' dir='ltr'>dicti</span> <span class='ocrx_word' id='word_1_297' title='bbox 460 4099 577 4148; x_wconf 73' lang='lat' dir='ltr'>narmi</span> <span class='ocrx_word' id='word_1_298' title='bbox 590 4103 739 4169; x_wconf 69' lang='lat' dir='ltr'>solemni,</span> <span class='ocrx_word' id='word_1_299' title='bbox 751 4095 788 4151; x_wconf 86' lang='lat' dir='ltr'>ut</span> <span class='ocrx_word' id='word_1_300' title='bbox 799 4087 1079 4169; x_wconf 80' lang='lat' dir='ltr'>distinguerentur</span> <span class='ocrx_word' id='word_1_301' title='bbox 1089 4110 1109 4151; x_wconf 89' lang='lat' dir='ltr'>a</span> <span class='ocrx_word' id='word_1_302' title='bbox 1119 4088 1244 4150; x_wconf 77' lang='lat' dir='ltr'>Latinis</span> <span class='ocrx_word' id='word_1_303' title='bbox 1254 4073 1400 4145; x_wconf 65' lang='lat' dir='ltr'>colonaria</span> <span class='ocrx_word' id='word_1_304' title='bbox 1411 4065 1444 4140; x_wconf 82' lang='lat' dir='ltr'>r),</span> 
     </span>
    </p>
   </div>
   <div class='ocr_carea' id='block_1_7' title="bbox 173 4218 1444 4646">
    <p class='ocr_par' dir='ltr' id='par_1_11' title="bbox 173 4218 1444 4311">
     <span class='ocr_line' id='line_1_35' title="bbox 173 4218 1444 4311; baseline -0.019 -16"><span class='ocrx_word' id='word_1_305' title='bbox 173 4292 177 4302; x_wconf 91' lang='grc'><em>,</em></span> <span class='ocrx_word' id='word_1_306' title='bbox 299 4239 332 4306; x_wconf 85' lang='lat' dir='ltr'>y)</span> <span class='ocrx_word' id='word_1_307' title='bbox 352 4239 499 4306; x_wconf 79' lang='lat' dir='ltr'>Perapieue</span> <span class='ocrx_word' id='word_1_308' title='bbox 516 4242 608 4311; x_wconf 81' lang='lat' dir='ltr'>itaque</span> <span class='ocrx_word' id='word_1_309' title='bbox 625 4243 727 4297; x_wconf 77' lang='lat' dir='ltr'>fallitur</span> <span class='ocrx_word' id='word_1_310' title='bbox 739 4243 773 4294; x_wconf 87' lang='lat' dir='ltr'>V.</span> <span class='ocrx_word' id='word_1_311' title='bbox 788 4243 819 4294; x_wconf 81' lang='lat'>0.</span> <span class='ocrx_word' id='word_1_312' title='bbox 834 4243 966 4295; x_wconf 82' lang='lat' dir='ltr'>Claudius</span> <span class='ocrx_word' id='word_1_313' title='bbox 981 4243 1140 4307; x_wconf 82' lang='lat' dir='ltr'>Salmasius,</span> <span class='ocrx_word' id='word_1_314' title='bbox 1157 4244 1223 4296; x_wconf 91' lang='lat' dir='ltr'>dum</span> <span class='ocrx_word' id='word_1_315' title='bbox 1235 4237 1340 4294; x_wconf 79' lang='lat' dir='ltr'>Latinas</span> <span class='ocrx_word' id='word_1_316' title='bbox 1350 4218 1444 4300; x_wconf 73' lang='lat' dir='ltr'>⁰01on</span> 
     </span>
    </p>

    <p class='ocr_par' dir='ltr' id='par_1_12' title="bbox 230 4305 1443 4646">
     <span class='ocr_line' id='line_1_36' title="bbox 230 4305 1443 4396; baseline -0.007 -18"><span class='ocrx_word' id='word_1_317' title='bbox 230 4339 246 4374; x_wconf 87' lang='lat' dir='ltr'>e</span> <span class='ocrx_word' id='word_1_318' title='bbox 263 4322 396 4378; x_wconf 87' lang='lat' dir='ltr'>libertinis</span> <span class='ocrx_word' id='word_1_319' title='bbox 414 4325 576 4390; x_wconf 66' lang='lat' dir='ltr'>eonstitisse</span> <span class='ocrx_word' id='word_1_320' title='bbox 595 4327 735 4382; x_wconf 82' lang='lat' dir='ltr'>existimat</span> <span class='ocrx_word' id='word_1_321' title='bbox 759 4326 790 4376; x_wconf 82' lang='lat' dir='ltr'>de</span> <span class='ocrx_word' id='word_1_322' title='bbox 809 4329 885 4378; x_wconf 85' lang='lat' dir='ltr'>modo</span> <span class='ocrx_word' id='word_1_323' title='bbox 904 4344 977 4380; x_wconf 77' lang='lat' dir='ltr'>usur.</span> <span class='ocrx_word' id='word_1_324' title='bbox 996 4345 1020 4381; x_wconf 87' lang='lat' dir='ltr'>o.</span> <span class='ocrx_word' id='word_1_325' title='bbox 1040 4334 1081 4382; x_wconf 85' lang='lat'>19.</span> <span class='ocrx_word' id='word_1_326' title='bbox 1097 4345 1125 4396; x_wconf 86' lang='lat' dir='ltr'>p.</span> <span class='ocrx_word' id='word_1_327' title='bbox 1144 4331 1203 4382; x_wconf 75' lang='lat'><strong>870.</strong></span> <span class='ocrx_word' id='word_1_328' title='bbox 1220 4344 1258 4396; x_wconf 78' lang='lat' dir='ltr'>sq.</span> <span class='ocrx_word' id='word_1_329' title='bbox 1278 4317 1329 4376; x_wconf 74' lang='lat' dir='ltr'>Atii</span> <span class='ocrx_word' id='word_1_330' title='bbox 1349 4305 1443 4380; x_wconf 68' lang='lat' dir='ltr'>pr⁰f⁶⁰¹⁰</span> 
     </span>
     <span class='ocr_line' id='line_1_37' title="bbox 230 4393 1443 4480; baseline -0.013 -22"><span class='ocrx_word' id='word_1_331' title='bbox 230 4414 307 4460; x_wconf 83' lang='lat' dir='ltr'>crant</span> <span class='ocrx_word' id='word_1_332' title='bbox 324 4409 414 4462; x_wconf 87' lang='lat' dir='ltr'>Latini</span> <span class='ocrx_word' id='word_1_333' title='bbox 433 4409 607 4464; x_wconf 81' lang='lat' dir='ltr'>libertinive}</span> <span class='ocrx_word' id='word_1_334' title='bbox 625 4411 744 4474; x_wconf 77' lang='lat' dir='ltr'>Juniani,</span> <span class='ocrx_word' id='word_1_335' title='bbox 761 4410 808 4462; x_wconf 84' lang='lat' dir='ltr'>alii</span> <span class='ocrx_word' id='word_1_336' title='bbox 828 4412 919 4464; x_wconf 84' lang='lat' dir='ltr'>Latini</span> <span class='ocrx_word' id='word_1_337' title='bbox 937 4412 1073 4477; x_wconf 75' lang='lat' dir='ltr'>cotonei-ii,</span> <span class='ocrx_word' id='word_1_338' title='bbox 1092 4411 1194 4480; x_wconf 87' lang='lat' dir='ltr'>quippe</span> <span class='ocrx_word' id='word_1_339' title='bbox 1212 4403 1324 4476; x_wconf 87' lang='lat' dir='ltr'>ingenui,</span> <span class='ocrx_word' id='word_1_340' title='bbox 1341 4401 1364 4448; x_wconf 91' lang='lat' dir='ltr'>et</span> <span class='ocrx_word' id='word_1_341' title='bbox 1378 4393 1443 4475; x_wconf 61' lang='lat' dir='ltr'>bont·</span> 
     </span>
     <span class='ocr_line' id='line_1_38' title="bbox 230 4471 1442 4563; baseline -0.001 -19"><span class='ocrx_word' id='word_1_342' title='bbox 230 4510 290 4544; x_wconf 87' lang='lat' dir='ltr'>rum</span> <span class='ocrx_word' id='word_1_343' title='bbox 308 4493 336 4546; x_wconf 92' lang='lat' dir='ltr'>in</span> <span class='ocrx_word' id='word_1_344' title='bbox 354 4489 411 4547; x_wconf 86' lang='lat' dir='ltr'>suis</span> <span class='ocrx_word' id='word_1_345' title='bbox 430 4493 544 4547; x_wconf 87' lang='lat' dir='ltr'>coloniis</span> <span class='ocrx_word' id='word_1_346' title='bbox 562 4512 684 4562; x_wconf 85' lang='lat' dir='ltr'>capaces.</span> <span class='ocrx_word' id='word_1_347' title='bbox 704 4495 767 4547; x_wconf 90' lang='lat' dir='ltr'>Vid.</span> <span class='ocrx_word' id='word_1_348' title='bbox 786 4497 885 4549; x_wconf 86' lang='lat' dir='ltr'>Ezeeb.</span> <span class='ocrx_word' id='word_1_349' title='bbox 905 4477 1007 4563; x_wconf 70' lang='lat' dir='ltr'>Spdnb.</span> <span class='ocrx_word' id='word_1_350' title='bbox 1032 4495 1095 4549; x_wconf 75' lang='lat' dir='ltr'>orb.</span> <span class='ocrx_word' id='word_1_351' title='bbox 1113 4495 1192 4549; x_wconf 85' lang='lat' dir='ltr'>Rom.</span> <span class='ocrx_word' id='word_1_352' title='bbox 1213 4497 1234 4548; x_wconf 88' lang='grc' dir='ltr'>Ι.</span> <span class='ocrx_word' id='word_1_353' title='bbox 1252 4497 1275 4545; x_wconf 89' lang='grc'>8.</span> <span class='ocrx_word' id='word_1_354' title='bbox 1289 4490 1315 4556; x_wconf 70' lang='lat'>13·</span> <span class='ocrx_word' id='word_1_355' title='bbox 1332 4483 1368 4534; x_wconf 78' lang='lat'>4⁷·</span> <span class='ocrx_word' id='word_1_356' title='bbox 1383 4471 1442 4524; x_wconf 62' lang='lat' dir='ltr'>Hm·</span> 
     </span>
     <span class='ocr_line' id='line_1_39' title="bbox 230 4575 949 4646; baseline 0.011 -20"><span class='ocrx_word' id='word_1_357' title='bbox 230 4575 294 4628; x_wconf 78' lang='lat' dir='ltr'>Vin.</span> <span class='ocrx_word' id='word_1_358' title='bbox 313 4591 395 4642; x_wconf 85' lang='lat' dir='ltr'>supra</span> <span class='ocrx_word' id='word_1_359' title='bbox 413 4579 465 4632; x_wconf 80' lang='lat' dir='ltr'>Tit</span> <span class='ocrx_word' id='word_1_360' title='bbox 485 4581 518 4631; x_wconf 91' lang='lat' dir='ltr'>V.</span> <span class='ocrx_word' id='word_1_361' title='bbox 537 4585 563 4631; x_wconf 84' lang='lat' dir='ltr'>et</span> <span class='ocrx_word' id='word_1_362' title='bbox 581 4581 630 4632; x_wconf 77' lang='lat' dir='ltr'>vl.</span> <span class='ocrx_word' id='word_1_363' title='bbox 650 4579 671 4646; x_wconf 66' lang='grc' dir='ltr'>ξ.</span> <span class='ocrx_word' id='word_1_364' title='bbox 692 4585 731 4633; x_wconf 77' lang='lat'>12.</span> <span class='ocrx_word' id='word_1_365' title='bbox 750 4586 805 4633; x_wconf 86' lang='lat' dir='ltr'>not.</span> <span class='ocrx_word' id='word_1_366' title='bbox 824 4586 842 4632; x_wconf 90' lang='lat' dir='ltr'>t.</span> <span class='ocrx_word' id='word_1_367' title='bbox 863 4579 949 4634; x_wconf 80' lang='lat' dir='ltr'>Miild.</span> 
     </span>
    </p>
   </div>
   <div class='ocr_carea' id='block_1_8' title="bbox 0 0 1536 5164">
    <p class='ocr_par' dir='ltr' id='par_1_13' title="bbox 0 0 1536 5164">
     <span class='ocr_line' id='line_1_40' title="bbox 0 0 1536 5164; baseline 0 3"><span class='ocrx_word' id='word_1_368' title='bbox 0 0 1536 5164; x_wconf 95' lang='lat' dir='ltr'> </span> 
     </span>
    </p>
   </div>
  </div>
 </body>
</html>
