3058 5164
191 415 264 484 rst
610 409 684 476 lam.
711 377 771 476 iv,
796 407 876 478 ra.
902 387 1028 477 xuni

191 598 265 666 tur,
289 596 345 650 aut
359 587 503 668 judices,
529 593 565 648 ut
586 593 721 666 oportet,
737 585 901 667 judam,
933 587 982 646 ael
1001 587 1048 658 s's,
1076 588 1133 667 qui
1145 593 1340 667 polemeus
1362 589 1454 665 snpe-
1524 593 1525 608 *

191 700 311 758 numae
326 695 461 768 babebit,
483 713 576 774 quarn
595 696 627 754 el
636 695 695 780 jus
709 698 785 766 erit,
806 695 967 764 decernat,
988 695 1135 774 irreperet,
1147 693 1276 771 jacin:
1298 697 1360 774 qus·
1369 695 1455 756 ludos

187 805 392 885 pecuniamue
411 801 449 862 ab
472 802 576 882 aliquo
596 803 691 862 inm'to
709 803 831 882 publice
847 802 1033 880 prabalimae
1048 820 1110 880 per
1129 800 1281 881 iujuriam
1296 805 1456 882 exegerit.-

192 913 249 993 qur'
265 931 336 970 eum
359 911 419 970 telo
440 909 509 970 dolo
529 910 612 969 mala
632 911 665 968 ia
687 894 831 968 concione
844 905 968 982 suerit,
984 916 1058 982 aut,
1079 907 1136 968 ull
1148 908 1311 987 judicium
1329 908 1456 988 publice

191 1019 401 1094 exercebitur,
419 1025 549 1098 praeter
565 1035 654 1088 eum,
676 1018 733 1098 qui
739 1023 871 1096 propter
885 1018 1078 1075 cenationem
1100 1015 1213 1076 babeat
1228 1015 1387 1093 tamnes,
1407 1018 1455 1096 qui

191 1146 261 1186 eum
283 1125 387 1186 lestirb
401 1131 567 1204 pugnent.-
596 1125 653 1202 qui
670 1124 842 1183 coacoeatr's
864 1122 1035 1182 bominibus
1061 1101 1123 1182 cini
1132 1123 1269 1202 fecerat,
1301 1142 1367 1202 quo
1391 1123 1454 1202 quis

191 1234 373 1294 verberetur
388 1238 419 1292 et
436 1231 602 1314 pulsetur,
623 1249 723 1311 aeque
741 1233 861 1290 occisus
878 1229 965 1289 bomo
982 1232 1041 1290 sit:
1065 1232 1122 1309 qur·
1142 1229 1236 1289 aedes
1251 1231 1382 1289 alternas
1401 1235 1457 1289 aut
1525 1277 1526 1288 ,

191 1341 281 1402 uillas
311 1340 512 1420 expilaverat,
542 1337 720 1420 effregerit,
747 1339 993 1418 expugnaverit,
1022 1337 1173 1426 siquidem
1200 1340 1234 1396 irs
1264 1337 1365 1397 turba
1388 1357 1458 1396 cum

192 1447 253 1508 telo
266 1449 403 1526 fecerit:
416 1448 473 1526 qui
483 1466 564 1506 noca
578 1445 745 1525 uectigalia
759 1445 945 1505 exercuerit.
962 1443 1057 1505 Haec
1073 1453 1145 1505 sunt
1162 1443 1343 1526 praecipua
1359 1441 1458 1526 hujus

192 1553 278 1637 legis
300 1552 427 1636 capita,
442 1573 528 1636 quae
551 1550 646 1614 nobis
669 1555 840 1613 servarunt
860 1550 1102 1628 Jureconsulti,
1124 1560 1157 1614 ct
1180 1572 1223 1613 ex
1245 1551 1286 1612 iis
1310 1550 1456 1634 collegit

194 1661 267 1724 Gar.
289 1659 443 1744 Sigonius
465 1661 505 1721 ele
525 1659 655 1720 ludicris
670 1659 712 1719 II.
727 1657 778 1720 33.
799 1679 830 1740 p.
844 1657 917 1720 679.
939 1679 983 1740 sq.
1007 1658 1049 1744 [*
1070 1660 1147 1741 opp.
1164 1657 1296 1741 Sigonii
1317 1659 1407 1721 tum.
1423 1660 1457 1722 V.

197 1765 541 1848 (Mediolam'l736.s.)
558 1787 590 1847 p.
604 1764 675 1828 828.
690 1763 758 1852 sp]
781 1764 959 1848 Singulare
978 1765 1012 1828 id
1029 1767 1090 1829 fuit
1104 1767 1139 1828 in
1161 1766 1224 1830 hac
1245 1765 1346 1850 lege,
1365 1767 1457 1851 quod
1526 1741 1527 1812 b

193 1876 355 1956 Praetor,
378 1875 430 1938 cui
452 1872 537 1938 haec
558 1873 709 1957 quaestio
732 1874 930 1956 obvenerat,
947 1873 1211 1958 jurisdictionem
1236 1881 1374 1956 poterat
1397 1874 1458 1937 alii
1526 1847 1527 1888 ἢ

193 1980 366 2048 mandares
394 1981 431 2044 1¹·
456 1979 486 2044 1.
511 1985 613 2062 princ.
633 1981 674 2042 de
699 1981 789 2062 Offie.
809 1983 897 2062 ejus,
924 1985 979 2044 cari
996 1983 1102 2044 moad.
1115 1983 1234 2064 jursbd.
1262 1982 1386 2046 Poena
1406 1984 1457 2046 vis

194 2089 350 2176 publicae
371 2096 443 2154 erat
458 2109 564 2172 aquae
581 2097 615 2151 et
630 2067 716 2173 iguis
731 2088 939 2166 interdictio,
954 2097 1072 2173 postea
1088 2089 1296 2172 deportatio,
1318 2090 1457 2174 qualem

194 2217 336 2283 poenam
359 2197 459 2262 subiit
474 2197 594 2260 Vibius
615 2197 759 2261 Serenus
779 2196 869 2281 apud
884 2197 1036 2260 Tacitum
1059 2199 1177 2260 Annal.
1193 2197 1252 2260 IV.
1267 2197 1321 2261 30.
1345 2198 1457 2262 Deni-
1527 2203 1528 2208 ’

141 2335 147 2340 ·
195 2328 261 2393 que
283 2305 342 2370 sub
358 2305 617 2389 Imperatoribus
637 2304 852 2391 sequentibus
873 2304 1067 2370 humiliores
1088 2325 1131 2368 ex
1152 2305 1215 2368 bac
1237 2305 1319 2390 lege
1336 2308 1455 2391 capitis
1527 2291 1528 2294 ¹

196 2415 359 2492 demnati3
388 2414 595 2477 honestiores
624 2415 657 2477 in
679 2413 818 2478 insulam
842 2412 1009 2496 deportati
1032 2419 1120 2477 sunt:
1149 2411 1278 2477 Paulus
1301 2418 1453 2478 Seuteatt.

195 2525 335 2606 uscopu
363 2523 398 2586 V.
417 2522 468 2586 26.
490 2522 520 2584 1.

765 2640 793 2720 5.
814 2638 868 2702 ss.

691 2755 728 2807 u
745 2755 777 2808 de
794 2757 821 2808 ri
834 2756 951 2824 privata.

279 2854 381 2940 Legis
403 2871 447 2918 nn
469 2873 501 2918 vr
524 2868 670 2919 Pulvere
692 2856 743 2920 rei
764 2864 875 2935 erant,
896 2861 953 2940 qur·
970 2866 1091 2920 coetum
1112 2864 1144 2918 et
1162 2875 1356 2919 waeursam
1367 2859 1446 2936 seae-

197 2973 289 3043 raut,
311 2983 372 3045 qua
392 2967 495 3025 miaus
517 2967 586 3046 quis
607 2968 640 3026 ia
655 2966 714 3045 jus
730 2965 979 3046 produceretur,
1000 2967 1090 3047 quiue
1109 2967 1325 3045 quaestionem
1347 2967 1389 3027 de
1410 2967 1447 3024 al·
1484 2979 1485 2982 ’

199 3077 297 3135 terius
311 3092 401 3133 seraa
416 3072 613 3144 babueruntr
631 3075 688 3152 put
706 3093 796 3152 quera
816 3093 858 3135 ea
879 3093 957 3155 agre
978 3094 1036 3136 suo
1057 3073 1230 3134 bertandus
1252 3075 1451 3153 congregatas

197 3184 266 3243 stae
287 3183 383 3242 anais
406 3179 606 3259 dejecerant:
626 3183 683 3259 qur·
700 3180 869 3242 creditores
888 3184 956 3244 siae
978 3181 1163 3245 auctoritate
1171 3187 1180 3199 ·
1181 3179 1306 3259 judicis
1325 3199 1378 3242 ree
1397 3179 1452 3240 de-

198 3291 303 3351 Morti
325 3293 570 3366 occupauerants
586 3284 659 3350 Car.
676 3286 831 3370 Sigonius
852 3289 923 3350 usit
941 3309 973 3369 p.
985 3286 1057 3350 681,
1080 3284 1116 3372 [*
1128 3286 1206 3368 Opp-
1221 3284 1345 3370 Sigonii
1363 3284 1445 3344 tta.

205 3395 240 3456 V.
263 3392 409 3479 pesa]
432 3393 494 3456 His
517 3393 696 3474 damnatis,
719 3396 817 3458 tortis
841 3415 914 3478 pars
935 3387 1096 3458 bonorum
1119 3393 1367 3477 publicabatur,
1387 3410 1447 3452 ne-

200 3523 264 3587 que
288 3500 329 3566 ad
352 3501 565 3582 senatorium,
596 3521 706 3585 neque
734 3501 776 3566 ad
806 3502 1051 3566 decurionslem
1081 3500 1279 3585 dignitatem
1303 3498 1453 3564 adsensus

200 3609 356 3689 dabatur,
379 3627 488 3693 neque
504 3607 635 3692 judices
658 3627 729 3671 esse
750 3618 915 3693 poterant.
941 3612 1066 3676 Postea
1087 3607 1281 3673 humiliores
1304 3608 1349 3676 ob
1370 3607 1452 3670 baec

203 3717 384 3800 similiaque
414 3718 549 3780 crimina
577 3717 611 3780 in
635 3717 803 3781 metallum
825 3719 1083 3798 damnabantur,
1113 3715 1324 3780 honestiores
1345 3713 1454 3798 publi·

204 3835 274 3889 cata
289 3825 386 3902 tertia
402 3826 563 3889 bonorum
580 3835 674 3909 parte
689 3825 722 3888 in
739 3825 878 3891 insulam
892 3826 1148 3911 relegabunturs
1160 3821 1285 3887 Paulus
1299 3822 1453 3884 &sterit-

202 3935 339 4017 Ileaeptt.
367 3932 401 3994 V.
421 3931 471 3995 26.
493 3931 524 3994 3.

774 4043 803 4123 §.
822 4041 874 4104 70.

454 4155 559 4208 (brusa
572 4157 712 4224 peculatus
729 4158 790 4210 alim
810 4163 887 4210 aetra
901 4155 1020 4210 rrdt'rtm
1038 4155 1209 4208 muman..

284 4257 440 4342 Sequitur
461 4257 583 4320 crimen
607 4274 802 4322 ruouuu'rus
816 4263 861 4338 θ),
892 4258 935 4322 de
957 4278 1024 4342 quo
1046 4254 1262 4340 plerumque,
1291 4263 1458 4349 utsupra
1528 4278 1529 4303 ;

266 4510 296 4575 e)
314 4511 410 4564 Fraus.
429 4513 501 4564 Sam.
519 4512 600 4564 Halm
622 4485 697 4565 Diu:
712 4512 743 4562 de
762 4513 870 4564 crimine
887 4511 1037 4580 peculatus,
1065 4509 1299 4570 nuenarianae,
1320 4523 1388 4576 puae
1403 4506 1458 4556 eriri

204 4591 323 4644 uideatur
340 4592 459 4656 adstare,
484 4597 764 4664 respoaraMareiaai
780 4605 806 4647 et
824 4597 971 4666 Papiniani
989 4597 1019 4648 ia
1043 4598 1075 4650 L.
1092 4601 1117 4650 4.
1136 4595 1157 4663 ξ.
1175 4593 1224 4648 ult.
1239 4593 1274 4646 D.
1292 4590 1330 4644 ad
1346 4591 1378 4644 L.
1394 4589 1456 4643 rut
