3122 5162
500 387 555 472 Du
579 401 739 471 Punntcrs
763 401 927 475 Inurum,
1272 401 1344 472 179

94 577 195 640 Plura
206 576 343 639 fuerunt
358 576 452 661 hujus
467 576 552 662 legis
568 580 697 663 capita,
714 599 798 664 quae
820 575 978 661 singulari
994 621 1003 658 ,
1021 592 1131 660 eoque
1151 573 1346 660 peremditu

95 684 331 747 commentario
347 683 486 767 collegit
501 685 599 748 Barn.
615 686 817 767 Brissonius,
840 685 978 747 sednon
996 693 1115 748 exacto
1132 692 1242 758 tamen
1266 685 1345 748 satis
1392 687 1395 694 ’

95 791 222 854 ordine.
238 791 345 855 Multa
361 793 448 854 enim
470 792 555 876 legis
577 793 686 876 capita
706 793 816 856 ordini
837 813 896 855 suo
918 791 1094 854 restituere
1116 793 1295 876 potuisset,
1317 791 1345 854 si
1384 791 1388 802 ¹

95 895 232 961 vidit'sct
254 897 352 962 Pauli
369 898 548 962 Sententiae
563 902 715 982 Receptus
735 900 915 980 auctiores,
939 898 1053 983 quales
1070 898 1207 961 exhibet
1221 894 1346 962 Anton.

94 1005 320 1090 Schultihgius
335 1007 429 1070 Istro
444 1009 486 1068 II.
507 1012 551 1069 at.
569 1007 692 1069 XXVI.
715 1008 782 1070 Sed
805 1007 950 1069 confecit
972 1012 1088 1090 postea
1109 1026 1179 1070 rem
1194 1007 1346 1071 laudatus

92 1115 148 1178 Jo.
165 1113 254 1178 Guil.
272 1113 490 1178 Hoffmannus
513 1114 774 1177 elaboratissimo
797 1114 916 1178 libello
939 1115 978 1175 de
998 1117 1067 1196 tege
1087 1115 1173 1176 Jutta
1195 1116 1234 1176 de
1256 1116 1348 1176 adul·

94 1226 182 1283 teritis
205 1221 298 1284 edito
319 1223 529 1299 Blascofurti
546 1224 591 1283 ad
616 1223 704 1284 Vtad.
726 1221 817 1286 1732.
840 1223 870 1283 4.
898 1221 938 1307 [*
956 1229 989 1282 et
1011 1220 1045 1282 in
1068 1223 1281 1303 Felleabergis'
1291 1223 1368 1302 ju·-

94 1329 236 1410 rtsprud.
258 1333 354 1411 antiq.
380 1331 412 1390 T.
428 1331 453 1390 I.
463 1351 497 1411 p.
512 1327 703 1415 lot-302]
726 1329 782 1392 ubi
798 1330 908 1413 capita
930 1327 1049 1411 viginti
1074 1338 1108 1392 et
1130 1347 1229 1390 unum
1251 1328 1346 1412 hujus

92 1435 180 1518 legis
196 1435 305 1498 ordini
320 1435 571 1520 integritatique
586 1457 664 1498 suae
679 1438 824 1500 restituit
838 1443 883 1518 r).
906 1436 1023 1499 Primo
1044 1437 1154 1520 capite
1176 1435 1275 1499 variis
1296 1435 1348 1497 le⁴
1389 1445 1392 1452 ⁴

94 1543 191 1627 gibus
206 1543 425 1628 derogaverat
439 1543 618 1627 Augustus.
640 1543 794 1606 Secundo
817 1545 1011 1629 permiserat
1027 1545 1130 1627 patri,
1152 1551 1218 1606 tam
1242 1543 1349 1627 adop-

92 1651 183 1733 tivo,
206 1673 302 1736 quam
325 1649 484 1732 naturali,
519 1649 703 1713 adulterum
727 1673 798 1714 cum
821 1651 889 1714 tilia
912 1653 1143 1736 cujuscumque
1165 1652 1347 1736 dignitatis,

94 1759 184 1822 domi
207 1781 304 1839 suae,
335 1757 391 1822 vel
413 1759 530 1842 generi
553 1743 792 1844 deprehensum
822 1781 879 1824 sua
901 1780 997 1822 manu
1023 1760 1193 1822 occidere:
1225 1757 1347 1822 Paulus
1425 1753 1435 1770 ⁸

94 1867 249 1929 Santouta.
272 1864 411 1948 Recepit.
434 1868 476 1929 II.
506 1866 557 1928 26.
580 1866 609 1928 1.
640 1875 674 1929 et
697 1868 865 1929 Mosat'car.
887 1877 917 1929 et
939 1867 1110 1929 Romanor.
1132 1870 1214 1952 legg.
1239 1867 1348 1929 Cottas.

93 1975 152 2035 IV.
173 1974 203 2035 2.
232 1973 358 2050 Quinto
381 1975 490 2057 capite
520 1982 649 2038 cautum
679 1974 805 2056 luerat,
833 1979 870 2036 ut
899 1972 1083 2037 adulterum
1107 1974 1348 2058 deprehensum

96 2081 215 2162 viginti
236 2081 342 2163 horis,
366 2082 553 2145 attestando
576 2082 719 2162 vicinos,
743 2082 887 2144 retlnere
908 2082 1028 2145 liceret
1043 2087 1093 2161 ²):
1121 2081 1244 2145 Paulus
1268 2083 1348 2144 Sea·

95 2197 183 2249 tentt.
199 2189 336 2270 Receptt.
353 2190 393 2249 II.
408 2189 459 2250 26.
473 2187 504 2251 3.
526 2188 672 2272 Reliqua
695 2189 804 2272 capita
826 2209 869 2251 ex
884 2190 982 2252 Burn.
1005 2189 1175 2274 Brissonio
1186 2236 1196 2271 ,
1219 2197 1253 2251 ct
1275 2189 1348 2252 lau-

94 2294 174 2358 dato
192 2295 391 2358 Hoffmanno
407 2295 561 2380 petenda.
581 2295 622 2358 Id
645 2294 744 2358 modo
767 2294 820 2357 hic
843 2295 1029 2380 quaeritur,
1054 2317 1119 2380 qua
1142 2316 1251 2379 poena
1273 2296 1348 2357 vin-

47 2443 49 2450 ·
94 2402 238 2466 dicatum
261 2403 362 2466 fuerit
383 2403 601 2468 adulterium?
617 2401 839 2476 Tribonianus
861 2403 890 2484 §.
911 2404 941 2464 4.
963 2404 1041 2466 lust.
1065 2405 1093 2464 h.
1110 2412 1131 2464 t.
1147 2411 1348 2464 temeratores

94 2513 273 2572 alienarum
300 2516 483 2593 ustptiarum
511 2513 617 2593 gladic
639 2533 679 2574 ea
701 2513 757 2572 bac
780 2514 849 2593 lege
865 2514 980 2592 puas'rt
1005 2510 1070 2589 ait,
1100 2532 1166 2573 non
1194 2531 1294 2579 secus
1308 2531 1347 2572 ac

95 2637 172 2698 eos,
202 2617 351 2701 quicum
375 2617 720 2686 masculisnefandam
744 2617 916 2681 libidinem
941 2626 1107 2680 exercent.
1131 2617 1372 2701 Stupri-vero*

95 2723 276 2808 flagitium,
298 2725 324 2788 si
346 2741 507 2809 personae
529 2726 688 2788 honestae
712 2726 792 2807 sint,
815 2726 1041 2811 publicatione
1066 2725 1221 2789 dimidiae
1244 2727 1347 2810 partis

95 2831 274 2910 bonorum3
296 2833 345 2896 sin
368 2833 526 2914 humiles,
559 2835 704 2918 corporis
719 2821 931 2896 coercitione
954 2857 1025 2898 cum
1047 2835 1257 2918 relegatione
1279 2833 1348 2896 vin·

96 2941 210 3006 dicari.
233 2941 300 3004 Sed
315 2924 477 3004 rationbm
495 2941 548 3004 hic
564 2943 680 3026 fugere
698 2941 955 3021 Tribonianum,
973 2944 1042 3025 jam
1064 2943 1184 3004 dudum
1201 2942 1349 3005 animad-

95 3056 268 3111 verterunt
284 3048 421 3111 eruditi:
434 3048 551 3111 Jacob.
568 3050 720 3134 Cujacins
737 3051 910 3110 Observatt.
928 3049 1000 3111 XX.
1015 3048 1065 3110 18.
1079 3049 1168 3109 XXI.
1184 3049 1234 3111 17.
1250 3049 1347 3112 Barn.

95 3155 281 3220 Brissonius
299 3157 342 3218 ad
355 3157 430 3242 Leg.
447 3155 509 3218 Iul.
526 3159 563 3217 de
583 3160 681 3218 adesit.
698 3180 732 3240 p.
747 3157 797 3218 91.
817 3157 871 3219 Jo.
887 3155 1005 3220 Jacob.
1022 3155 1289 3218 Wissenbachius
1306 3157 1350 3218 ad

96 3267 249 3326 Instituta
265 3267 424 3346 Disputat.
434 3266 520 3326 LIII.
531 3264 634 3338 30.,et
649 3265 760 3348 Ejusd.
777 3267 962 3328 Eserct'tatt.
979 3264 1022 3323 ad
1035 3265 1187 3328 Pendeat.
1204 3267 1347 3328 etIastit.
1435 3323 1439 3332 ,

96 3374 192 3434 Part.
209 3373 252 3432 IL
266 3354 432 3452 Disputat.
448 3373 604 3433 XXXIV.
621 3372 670 3434 19.
693 3373 737 3436 Et
752 3381 842 3436 certe
865 3369 1039 3456 capitalem
1056 3392 1123 3435 non
1140 3371 1238 3434 fuisse
1255 3371 1349 3434 adul·

96 3635 177 3686 Haec
195 3633 238 3684 lca
257 3631 353 3688 abolita
372 3642 411 3686 cst
428 3635 483 3703 laps
502 3635 592 3695 Iulia,
614 3651 683 3704 vquatre
694 3635 779 3702 jussit
796 3636 920 3688 adulterii
945 3636 1117 3703 counitionem
1138 3636 1174 3687 ad
1182 3636 1289 3705 judices
1306 3653 1347 3687 rs·
1401 3683 1409 3696 ,

87 3719 178 3788 farri.
198 3719 271 3770 Num
289 3721 335 3771 Iex
349 3719 557 3772 Atheniensium
576 3723 634 3786 lege
651 3718 727 3771 Iulis
745 3718 865 3771 abolita?
882 3721 971 3772 Credo
990 3719 1066 3774 innui
1085 3721 1172 3786 legem
1185 3719 1304 3784 Romuli,
1323 3723 1347 3770 ct

96 3805 184 3857 verba
202 3804 370 3856 scholiastae
388 3812 515 3871 corrupta
534 3804 714 3870 circumferri,
734 3818 804 3871 quse
821 3803 886 3854 olim
907 3803 937 3869 [*
955 3807 991 3857 ad
1011 3805 1105 3858 Collat.
1123 3807 1180 3856 LL.
1200 3807 1281 3859 Mass.
1298 3811 1347 3857 etc.

95 3909 121 3942 a.
141 3891 184 3940 10.
199 3905 229 3954 p.
249 3889 326 3958 tutu]
346 3903 425 3942 ame
441 3889 565 3942 restituis
581 3890 707 3944 memini:
727 3890 772 3940 lex
791 3886 905 3940 Servilia
923 3890 957 3940 de
975 3897 1070 3956 stupro
1088 3891 1143 3940 lata
1161 3896 1211 3942 est.
1249 3890 1329 3941 Cana.

166 3975 200 4039 y)
220 3973 317 4038 Capita
335 3974 402 4040 legis
420 3974 511 4026 Iuliae
533 3976 569 4028 de
587 3974 745 4039 adulteriis,
765 3989 835 4042 quae
854 3972 1025 4028 Brissonium
1041 3979 1190 4036 latuerant,
1210 3971 1347 4024 c.Co'dice
1461 3999 1466 4010 .

93 4058 252 4112 Vesontino
273 4060 468 4112 Sententiarum
485 4068 652 4126 receptarum
672 4059 757 4112 Pauli
773 4058 877 4124 primus
896 4072 968 4113 anno
990 4065 1064 4112 1585.
1083 4059 1185 4125 publici
1199 4058 1269 4126 juris
1287 4055 1348 4109 lecit

94 4143 230 4210 Cujacius
253 4143 333 4196 otas..
345 4146 429 4197 XXI.
453 4163 475 4197 c.
497 4149 536 4198 17.
560 4149 587 4195 et
612 4150 651 4199 18.
676 4146 774 4213 quibus
793 4159 859 4196 mox
875 4132 962 4224 'Pauli
982 4157 1052 4207 opus
1069 4144 1162 4208 ipsum
1180 4149 1287 4196 auctum
1306 4145 1348 4192 est
1421 4147 1423 4152 “

91 4233 126 4285 in
149 4231 251 4282 Codicis
272 4228 454 4291 Theodosium,
472 4247 521 4282 seu
539 4227 631 4296 potius
649 4231 768 4283 universi
786 4231 863 4282 Iuris
883 4228 1103 4298 Antcjustiuiauet
1114 4227 1311 4282 ed.Parisiensi
1323 4241 1347 4278 a.

13 4365 21 4370 .
96 4319 177 4370 1586.
196 4317 228 4366 ln
246 4314 441 4368 recentioribus
470 4315 665 4368 Sententiarum
685 4317 768 4368 Pauli
793 4317 854 4367 edd.
877 4316 945 4366 baec
969 4313 1059 4378 cupite
1083 4317 1210 4380 leguntur
1232 4315 1290 4366 Lib.
1312 4313 1348 4365 ΙΙ.

91 4403 138 4455 tit.
158 4405 200 4453 26.
217 4401 239 4467 ξ.
259 4406 334 4453 1-6,
355 4405 464 4454 10-12.
483 4407 510 4452 et
530 4405 639 4454 14—16.
657 4400 747 4453 Haud.

168 4487 200 4550 u)
220 4486 284 4550 Ipsa
301 4485 420 4552 legitima
438 4486 519 4553 hujus
538 4485 635 4552 capitis
654 4487 735 4539 verba
753 4491 863 4538 exstant
879 4487 913 4537 L.
927 4491 966 4538 15.
980 4486 1014 4536 D.
1029 4485 1065 4536 ad
1078 4484 1141 4551 Lep.
1154 4484 1209 4536 Iul.
1229 4486 1259 4538 de
1274 4479 1348 4534 adul-

93 4585 148 4627 ter.
168 4569 247 4640 Hst'p.
704 4597 707 4608 ·

1547 4523 1549 4590 l

1548 4597 1549 4656 l
