<?xml version="1.0" encoding="UTF-8"?>
<!DOCTYPE html PUBLIC "-//W3C//DTD XHTML 1.0 Transitional//EN"
    "http://www.w3.org/TR/xhtml1/DTD/xhtml1-transitional.dtd">
<html xmlns="http://www.w3.org/1999/xhtml" xml:lang="en" lang="en">
 <head>
  <title>
</title>
<meta http-equiv="Content-Type" content="text/html;charset=utf-8" />
  <meta name='ocr-system' content='tesseract 3.04.00' />
  <meta name='ocr-capabilities' content='ocr_page ocr_carea ocr_par ocr_line ocrx_word'/>
</head>
<body>
  <div class='ocr_page' id='page_1' title='image "./jogottliebheine00haubgoog_0339.png"; bbox 0 0 3062 5164; ppageno 0'>
   <div class='ocr_carea' id='block_1_1' title="bbox 217 400 1108 471">
    <p class='ocr_par' dir='ltr' id='par_1_1' title="bbox 217 400 1108 471">
     <span class='ocr_line' id='line_1_1' title="bbox 217 400 1108 471; baseline 0.001 -1"><span class='ocrx_word' id='word_1_1' title='bbox 217 403 292 470; x_wconf 73' lang='lat'>298</span> <span class='ocrx_word' id='word_1_2' title='bbox 574 403 758 470; x_wconf 75' lang='lat' dir='ltr'>durarum</span> <span class='ocrx_word' id='word_1_3' title='bbox 781 401 857 470; x_wconf 71' lang='lat' dir='ltr'>lna</span> <span class='ocrx_word' id='word_1_4' title='bbox 881 403 910 469; x_wconf 92' lang='lat' dir='ltr'>I.</span> <span class='ocrx_word' id='word_1_5' title='bbox 934 401 1020 471; x_wconf 80' lang='lat' dir='ltr'>Cae.</span> <span class='ocrx_word' id='word_1_6' title='bbox 1044 400 1108 471; x_wconf 86' lang='lat' dir='ltr'>III.</span> 
     </span>
    </p>
   </div>
   <div class='ocr_carea' id='block_1_2' title="bbox 138 553 1525 4329">
    <p class='ocr_par' dir='ltr' id='par_1_2' title="bbox 138 553 1525 4329">
     <span class='ocr_line' id='line_1_2' title="bbox 217 553 1467 663; baseline 0.002 -23"><span class='ocrx_word' id='word_1_7' title='bbox 217 585 328 640; x_wconf 85' lang='lat' dir='ltr'>terrae</span> <span class='ocrx_word' id='word_1_8' title='bbox 344 583 485 640; x_wconf 89' lang='lat' dir='ltr'>tractum</span> <span class='ocrx_word' id='word_1_9' title='bbox 500 598 605 662; x_wconf 81' lang='lat' dir='ltr'>usque</span> <span class='ocrx_word' id='word_1_10' title='bbox 621 578 663 641; x_wconf 84' lang='lat' dir='ltr'>ad</span> <span class='ocrx_word' id='word_1_11' title='bbox 679 577 785 662; x_wconf 80' lang='lat' dir='ltr'>Alpes</span> <span class='ocrx_word' id='word_1_12' title='bbox 801 553 909 659; x_wconf 87' lang='lat' dir='ltr'>Galli,</span> <span class='ocrx_word' id='word_1_13' title='bbox 923 579 1076 663; x_wconf 76' lang='lat' dir='ltr'>Ligures,</span> <span class='ocrx_word' id='word_1_14' title='bbox 1091 579 1228 660; x_wconf 85' lang='lat' dir='ltr'>Veneti,</span> <span class='ocrx_word' id='word_1_15' title='bbox 1245 579 1356 661; x_wconf 85' lang='lat' dir='ltr'>Carni,</span> <span class='ocrx_word' id='word_1_16' title='bbox 1371 599 1467 643; x_wconf 88' lang='lat' dir='ltr'>occu·</span> 
     </span>
     <span class='ocr_line' id='line_1_3' title="bbox 217 684 1523 772; baseline 0.001 -25"><span class='ocrx_word' id='word_1_17' title='bbox 217 693 389 768; x_wconf 82' lang='lat' dir='ltr'>paverant.</span> <span class='ocrx_word' id='word_1_18' title='bbox 412 684 567 748; x_wconf 85' lang='lat' dir='ltr'>Ceterum</span> <span class='ocrx_word' id='word_1_19' title='bbox 583 687 714 749; x_wconf 89' lang='lat' dir='ltr'>Italiam</span> <span class='ocrx_word' id='word_1_20' title='bbox 736 688 825 749; x_wconf 91' lang='lat' dir='ltr'>inter</span> <span class='ocrx_word' id='word_1_21' title='bbox 838 707 874 750; x_wconf 85' lang='lat' dir='ltr'>se</span> <span class='ocrx_word' id='word_1_22' title='bbox 890 687 1072 750; x_wconf 78' lang='lat' dir='ltr'><strong>diviserant</strong></span> <span class='ocrx_word' id='word_1_23' title='bbox 1091 688 1209 772; x_wconf 93' lang='lat' dir='ltr'>populi</span> <span class='ocrx_word' id='word_1_24' title='bbox 1229 685 1466 772; x_wconf 73' lang='lat' dir='ltr'>quamplurimi,</span> <span class='ocrx_word' id='word_1_25' title='bbox 1522 703 1523 770; x_wconf 56' lang='lat' dir='ltr'>l</span> 
     </span>
     <span class='ocr_line' id='line_1_4' title="bbox 218 777 1523 879; baseline 0.002 -25"><span class='ocrx_word' id='word_1_26' title='bbox 218 801 253 855; x_wconf 91' lang='lat' dir='ltr'>et</span> <span class='ocrx_word' id='word_1_27' title='bbox 268 793 410 855; x_wconf 86' lang='lat' dir='ltr'>maxime</span> <span class='ocrx_word' id='word_1_28' title='bbox 425 793 598 874; x_wconf 83' lang='lat' dir='ltr'>Hetmsci,</span> <span class='ocrx_word' id='word_1_29' title='bbox 619 795 760 875; x_wconf 89' lang='lat' dir='ltr'>Lucani,</span> <span class='ocrx_word' id='word_1_30' title='bbox 783 795 910 876; x_wconf 90' lang='lat' dir='ltr'>Brutii,</span> <span class='ocrx_word' id='word_1_31' title='bbox 928 795 1164 879; x_wconf 78' lang='lat' dir='ltr'>Epizephyrii,</span> <span class='ocrx_word' id='word_1_32' title='bbox 1186 795 1302 876; x_wconf 81' lang='lat' dir='ltr'>locri,</span> <span class='ocrx_word' id='word_1_33' title='bbox 1324 794 1465 875; x_wconf 75' lang='lat' dir='ltr'>Calabri,</span> <span class='ocrx_word' id='word_1_34' title='bbox 1522 777 1523 816; x_wconf 59' lang='lat'>³</span> 
     </span>
     <span class='ocr_line' id='line_1_5' title="bbox 217 899 1465 986; baseline 0.002 -24"><span class='ocrx_word' id='word_1_35' title='bbox 217 901 391 984; x_wconf 79' lang='lat' dir='ltr'>Messapii,</span> <span class='ocrx_word' id='word_1_36' title='bbox 403 899 600 981; x_wconf 78' lang='lat' dir='ltr'>Sallentini,</span> <span class='ocrx_word' id='word_1_37' title='bbox 615 902 736 986; x_wconf 84' lang='lat' dir='ltr'>Apuli,</span> <span class='ocrx_word' id='word_1_38' title='bbox 751 903 904 986; x_wconf 90' lang='lat' dir='ltr'>Hirpini,</span> <span class='ocrx_word' id='word_1_39' title='bbox 919 904 1110 984; x_wconf 75' lang='lat' dir='ltr'>Ferentani,</span> <span class='ocrx_word' id='word_1_40' title='bbox 1128 905 1293 985; x_wconf 76' lang='lat' dir='ltr'>Picentes,</span> <span class='ocrx_word' id='word_1_41' title='bbox 1309 903 1465 982; x_wconf 88' lang='lat' dir='ltr'>Senones,</span> 
     </span>
     <span class='ocr_line' id='line_1_6' title="bbox 216 1007 1464 1094; baseline 0.001 -24"><span class='ocrx_word' id='word_1_42' title='bbox 216 1007 354 1090; x_wconf 90' lang='lat' dir='ltr'>Umbri,</span> <span class='ocrx_word' id='word_1_43' title='bbox 369 1008 496 1090; x_wconf 89' lang='lat' dir='ltr'>Sabini,</span> <span class='ocrx_word' id='word_1_44' title='bbox 511 1009 625 1091; x_wconf 82' lang='lat' dir='ltr'>Marsi,</span> <span class='ocrx_word' id='word_1_45' title='bbox 642 1011 791 1089; x_wconf 82' lang='lat' dir='ltr'>Vestini,</span> <span class='ocrx_word' id='word_1_46' title='bbox 811 1009 1004 1093; x_wconf 84' lang='lat' dir='ltr'>Marrucini,</span> <span class='ocrx_word' id='word_1_47' title='bbox 1020 1010 1156 1094; x_wconf 85' lang='lat' dir='ltr'>Peligni</span> <span class='ocrx_word' id='word_1_48' title='bbox 1171 1021 1206 1074; x_wconf 93' lang='lat' dir='ltr'>et</span> <span class='ocrx_word' id='word_1_49' title='bbox 1220 1012 1397 1092; x_wconf 79' lang='lat' dir='ltr'>Samnites,</span> <span class='ocrx_word' id='word_1_50' title='bbox 1412 1011 1464 1094; x_wconf 91' lang='lat' dir='ltr'>qui</span> 
     </span>
     <span class='ocr_line' id='line_1_7' title="bbox 216 1113 1464 1203; baseline 0.002 -25"><span class='ocrx_word' id='word_1_51' title='bbox 216 1116 355 1178; x_wconf 85' lang='lat' dir='ltr'>diversis</span> <span class='ocrx_word' id='word_1_52' title='bbox 374 1113 474 1179; x_wconf 89' lang='lat' dir='ltr'>bellis</span> <span class='ocrx_word' id='word_1_53' title='bbox 488 1117 683 1200; x_wconf 84' lang='lat' dir='ltr'>perdomiti,</span> <span class='ocrx_word' id='word_1_54' title='bbox 704 1118 845 1182; x_wconf 81' lang='lat' dir='ltr'>foedere</span> <span class='ocrx_word' id='word_1_55' title='bbox 865 1137 932 1181; x_wconf 92' lang='lat' dir='ltr'>uon</span> <span class='ocrx_word' id='word_1_56' title='bbox 955 1139 1023 1181; x_wconf 88' lang='lat' dir='ltr'>uno</span> <span class='ocrx_word' id='word_1_57' title='bbox 1038 1119 1073 1181; x_wconf 91' lang='lat' dir='ltr'>in</span> <span class='ocrx_word' id='word_1_58' title='bbox 1098 1120 1292 1184; x_wconf 89' lang='lat' dir='ltr'>societatem</span> <span class='ocrx_word' id='word_1_59' title='bbox 1309 1139 1329 1181; x_wconf 87' lang='lat' dir='ltr'>a</span> <span class='ocrx_word' id='word_1_60' title='bbox 1344 1117 1464 1203; x_wconf 92' lang='lat' dir='ltr'>populo</span> 
     </span>
     <span class='ocr_line' id='line_1_8' title="bbox 215 1223 1464 1311; baseline 0 -24"><span class='ocrx_word' id='word_1_61' title='bbox 215 1223 370 1287; x_wconf 88' lang='lat' dir='ltr'>Romano</span> <span class='ocrx_word' id='word_1_62' title='bbox 388 1225 518 1308; x_wconf 87' lang='lat' dir='ltr'>accepti</span> <span class='ocrx_word' id='word_1_63' title='bbox 533 1233 617 1287; x_wconf 75' lang='lat' dir='ltr'>sunt.</span> <span class='ocrx_word' id='word_1_64' title='bbox 638 1225 737 1289; x_wconf 89' lang='lat' dir='ltr'>Bella</span> <span class='ocrx_word' id='word_1_65' title='bbox 757 1247 829 1288; x_wconf 91' lang='lat' dir='ltr'>cum</span> <span class='ocrx_word' id='word_1_66' title='bbox 851 1233 910 1288; x_wconf 79' lang='lat' dir='ltr'>tot</span> <span class='ocrx_word' id='word_1_67' title='bbox 925 1225 1058 1310; x_wconf 90' lang='lat' dir='ltr'>populis</span> <span class='ocrx_word' id='word_1_68' title='bbox 1073 1237 1167 1311; x_wconf 86' lang='lat' dir='ltr'>gesta</span> <span class='ocrx_word' id='word_1_69' title='bbox 1181 1227 1340 1290; x_wconf 80' lang='lat' dir='ltr'>adamate</span> <span class='ocrx_word' id='word_1_70' title='bbox 1355 1247 1464 1289; x_wconf 89' lang='lat' dir='ltr'>recen·</span> 
     </span>
     <span class='ocr_line' id='line_1_9' title="bbox 216 1331 1464 1420; baseline 0.002 -27"><span class='ocrx_word' id='word_1_71' title='bbox 216 1340 267 1395; x_wconf 91' lang='lat' dir='ltr'>set</span> <span class='ocrx_word' id='word_1_72' title='bbox 282 1331 356 1397; x_wconf 86' lang='lat' dir='ltr'>Car.</span> <span class='ocrx_word' id='word_1_73' title='bbox 372 1332 529 1417; x_wconf 81' lang='lat' dir='ltr'>Sigonius</span> <span class='ocrx_word' id='word_1_74' title='bbox 544 1335 585 1395; x_wconf 87' lang='lat' dir='ltr'>de</span> <span class='ocrx_word' id='word_1_75' title='bbox 601 1339 730 1416; x_wconf 72' lang='lat' dir='ltr'>antiquo</span> <span class='ocrx_word' id='word_1_76' title='bbox 742 1337 821 1416; x_wconf 83' lang='lat' dir='ltr'>jure</span> <span class='ocrx_word' id='word_1_77' title='bbox 839 1335 911 1394; x_wconf 84' lang='lat' dir='ltr'>Ital.</span> <span class='ocrx_word' id='word_1_78' title='bbox 922 1333 989 1396; x_wconf 65' lang='grc' dir='ltr'>[ἃ</span> <span class='ocrx_word' id='word_1_79' title='bbox 1004 1355 1051 1416; x_wconf 76' lang='lat' dir='ltr'>aq.</span> <span class='ocrx_word' id='word_1_80' title='bbox 1076 1333 1145 1398; x_wconf 91' lang='lat' dir='ltr'>Sed</span> <span class='ocrx_word' id='word_1_81' title='bbox 1160 1335 1279 1420; x_wconf 89' lang='lat' dir='ltr'>quibus</span> <span class='ocrx_word' id='word_1_82' title='bbox 1300 1335 1396 1396; x_wconf 89' lang='lat' dir='ltr'>aunis</span> <span class='ocrx_word' id='word_1_83' title='bbox 1405 1334 1464 1397; x_wconf 86' lang='lat' dir='ltr'>sin·</span> 
     </span>
     <span class='ocr_line' id='line_1_10' title="bbox 216 1439 1465 1527; baseline -0.001 -23"><span class='ocrx_word' id='word_1_84' title='bbox 216 1440 296 1524; x_wconf 88' lang='lat' dir='ltr'>gula</span> <span class='ocrx_word' id='word_1_85' title='bbox 309 1441 376 1504; x_wconf 90' lang='lat' dir='ltr'>icta</span> <span class='ocrx_word' id='word_1_86' title='bbox 390 1442 456 1504; x_wconf 87' lang='lat' dir='ltr'>sint</span> <span class='ocrx_word' id='word_1_87' title='bbox 472 1439 622 1523; x_wconf 85' lang='lat' dir='ltr'>foedera,</span> <span class='ocrx_word' id='word_1_88' title='bbox 638 1441 757 1526; x_wconf 86' lang='lat' dir='ltr'>quibus</span> <span class='ocrx_word' id='word_1_89' title='bbox 776 1441 901 1526; x_wconf 92' lang='lat' dir='ltr'>quique</span> <span class='ocrx_word' id='word_1_90' title='bbox 919 1442 1165 1506; x_wconf 87' lang='lat' dir='ltr'>conditionibus</span> <span class='ocrx_word' id='word_1_91' title='bbox 1181 1443 1299 1527; x_wconf 90' lang='lat' dir='ltr'>populi</span> <span class='ocrx_word' id='word_1_92' title='bbox 1313 1443 1349 1505; x_wconf 91' lang='lat' dir='ltr'>iu</span> <span class='ocrx_word' id='word_1_93' title='bbox 1365 1443 1465 1504; x_wconf 87' lang='lat' dir='ltr'>socie-</span> 
     </span>
     <span class='ocr_line' id='line_1_11' title="bbox 214 1547 1463 1632; baseline 0 -20"><span class='ocrx_word' id='word_1_94' title='bbox 214 1558 319 1613; x_wconf 88' lang='lat' dir='ltr'>tatem</span> <span class='ocrx_word' id='word_1_95' title='bbox 344 1547 473 1632; x_wconf 84' lang='lat' dir='ltr'>recepti</span> <span class='ocrx_word' id='word_1_96' title='bbox 491 1549 574 1630; x_wconf 88' lang='lat' dir='ltr'>sint,</span> <span class='ocrx_word' id='word_1_97' title='bbox 594 1550 629 1612; x_wconf 91' lang='lat' dir='ltr'>in</span> <span class='ocrx_word' id='word_1_98' title='bbox 650 1557 746 1613; x_wconf 90' lang='lat' dir='ltr'>tanto</span> <span class='ocrx_word' id='word_1_99' title='bbox 768 1558 918 1613; x_wconf 86' lang='lat' dir='ltr'>veterum</span> <span class='ocrx_word' id='word_1_100' title='bbox 940 1551 1077 1615; x_wconf 75' lang='lat' dir='ltr'>silentio</span> <span class='ocrx_word' id='word_1_101' title='bbox 1095 1554 1266 1615; x_wconf 83' lang='lat' dir='ltr'>obscurum</span> <span class='ocrx_word' id='word_1_102' title='bbox 1290 1559 1353 1613; x_wconf 85' lang='lat' dir='ltr'>est.</span> <span class='ocrx_word' id='word_1_103' title='bbox 1382 1549 1463 1614; x_wconf 92' lang='lat' dir='ltr'>Illud</span> 
     </span>
     <span class='ocr_line' id='line_1_12' title="bbox 215 1649 1524 1740; baseline -0.002 -20"><span class='ocrx_word' id='word_1_104' title='bbox 215 1663 357 1737; x_wconf 89' lang='lat' dir='ltr'>certum,</span> <span class='ocrx_word' id='word_1_105' title='bbox 382 1665 418 1719; x_wconf 89' lang='lat' dir='ltr'>et</span> <span class='ocrx_word' id='word_1_106' title='bbox 433 1679 453 1719; x_wconf 87' lang='lat' dir='ltr'>a</span> <span class='ocrx_word' id='word_1_107' title='bbox 471 1657 514 1720; x_wconf 89' lang='lat' dir='ltr'>V.</span> <span class='ocrx_word' id='word_1_108' title='bbox 534 1656 571 1719; x_wconf 94' lang='lat' dir='ltr'>C.</span> <span class='ocrx_word' id='word_1_109' title='bbox 592 1657 711 1721; x_wconf 88' lang='lat' dir='ltr'>Christ.</span> <span class='ocrx_word' id='word_1_110' title='bbox 736 1657 842 1721; x_wconf 88' lang='lat' dir='ltr'>Cottl.</span> <span class='ocrx_word' id='word_1_111' title='bbox 865 1659 1055 1723; x_wconf 84' lang='lat' dir='ltr'>Sebwarzio</span> <span class='ocrx_word' id='word_1_112' title='bbox 1082 1665 1116 1722; x_wconf 81' lang='lat' dir='ltr'>in</span> <span class='ocrx_word' id='word_1_113' title='bbox 1135 1661 1222 1722; x_wconf 74' lang='lat' dir='ltr'>Dira.</span> <span class='ocrx_word' id='word_1_114' title='bbox 1244 1662 1378 1740; x_wconf 83' lang='lat' dir='ltr'>dejure</span> <span class='ocrx_word' id='word_1_115' title='bbox 1399 1659 1463 1718; x_wconf 81' lang='lat' dir='ltr'>Ital.</span> <span class='ocrx_word' id='word_1_116' title='bbox 1523 1649 1524 1726; x_wconf 61' lang='grc' dir='ltr'>ζ</span> 
     </span>
     <span class='ocr_line' id='line_1_13' title="bbox 213 1765 1463 1850; baseline -0.001 -22"><span class='ocrx_word' id='word_1_117' title='bbox 213 1775 306 1829; x_wconf 89' lang='lat' dir='ltr'>recte</span> <span class='ocrx_word' id='word_1_118' title='bbox 325 1765 534 1827; x_wconf 87' lang='lat' dir='ltr'>observatum</span> <span class='ocrx_word' id='word_1_119' title='bbox 554 1774 619 1846; x_wconf 93' lang='lat' dir='ltr'>est,</span> <span class='ocrx_word' id='word_1_120' title='bbox 640 1766 890 1850; x_wconf 90' lang='lat' dir='ltr'>distinguendas</span> <span class='ocrx_word' id='word_1_121' title='bbox 913 1789 985 1830; x_wconf 90' lang='lat' dir='ltr'>esse</span> <span class='ocrx_word' id='word_1_122' title='bbox 1002 1769 1108 1830; x_wconf 86' lang='lat' dir='ltr'>varias</span> <span class='ocrx_word' id='word_1_123' title='bbox 1124 1767 1209 1850; x_wconf 89' lang='lat' dir='ltr'>juris</span> <span class='ocrx_word' id='word_1_124' title='bbox 1230 1766 1342 1830; x_wconf 89' lang='lat' dir='ltr'>Italici</span> <span class='ocrx_word' id='word_1_125' title='bbox 1360 1765 1463 1850; x_wconf 90' lang='lat' dir='ltr'>perio·</span> 
     </span>
     <span class='ocr_line' id='line_1_14' title="bbox 216 1871 1462 1960; baseline 0 -25"><span class='ocrx_word' id='word_1_126' title='bbox 216 1873 285 1935; x_wconf 92' lang='lat' dir='ltr'>dos.</span> <span class='ocrx_word' id='word_1_127' title='bbox 313 1872 396 1934; x_wconf 92' lang='lat' dir='ltr'>Post</span> <span class='ocrx_word' id='word_1_128' title='bbox 421 1871 527 1955; x_wconf 93' lang='lat' dir='ltr'>prima</span> <span class='ocrx_word' id='word_1_129' title='bbox 551 1875 638 1936; x_wconf 91' lang='lat' dir='ltr'>enim</span> <span class='ocrx_word' id='word_1_130' title='bbox 663 1873 723 1936; x_wconf 86' lang='lat' dir='ltr'>illa</span> <span class='ocrx_word' id='word_1_131' title='bbox 748 1883 783 1936; x_wconf 90' lang='lat' dir='ltr'>et</span> <span class='ocrx_word' id='word_1_132' title='bbox 807 1875 1031 1960; x_wconf 88' lang='lat' dir='ltr'>antiquissima</span> <span class='ocrx_word' id='word_1_133' title='bbox 1051 1875 1191 1937; x_wconf 83' lang='lat' dir='ltr'>foedera</span> <span class='ocrx_word' id='word_1_134' title='bbox 1224 1874 1336 1959; x_wconf 91' lang='lat' dir='ltr'>plures</span> <span class='ocrx_word' id='word_1_135' title='bbox 1361 1873 1462 1938; x_wconf 87' lang='lat' dir='ltr'>Italici</span> 
     </span>
     <span class='ocr_line' id='line_1_15' title="bbox 215 1977 1459 2066; baseline -0.001 -24"><span class='ocrx_word' id='word_1_136' title='bbox 215 1979 332 2065; x_wconf 93' lang='lat' dir='ltr'>populi</span> <span class='ocrx_word' id='word_1_137' title='bbox 355 1977 397 2042; x_wconf 91' lang='lat' dir='ltr'>ad</span> <span class='ocrx_word' id='word_1_138' title='bbox 418 1979 643 2044; x_wconf 88' lang='lat' dir='ltr'>Hannibalem</span> <span class='ocrx_word' id='word_1_139' title='bbox 672 1981 881 2064; x_wconf 79' lang='lat' dir='ltr'>deiecerant,</span> <span class='ocrx_word' id='word_1_140' title='bbox 909 2004 1047 2066; x_wconf 87' lang='lat' dir='ltr'>quorum</span> <span class='ocrx_word' id='word_1_141' title='bbox 1070 1982 1127 2045; x_wconf 91' lang='lat' dir='ltr'>alii</span> <span class='ocrx_word' id='word_1_142' title='bbox 1149 1982 1236 2045; x_wconf 89' lang='lat' dir='ltr'>ultro</span> <span class='ocrx_word' id='word_1_143' title='bbox 1261 1983 1303 2046; x_wconf 91' lang='lat' dir='ltr'>ad</span> <span class='ocrx_word' id='word_1_144' title='bbox 1330 1981 1459 2044; x_wconf 88' lang='lat' dir='ltr'>officium</span> 
     </span>
     <span class='ocr_line' id='line_1_16' title="bbox 214 2085 1462 2174; baseline 0.001 -24"><span class='ocrx_word' id='word_1_145' title='bbox 214 2088 402 2169; x_wconf 87' lang='lat' dir='ltr'>redierunt,</span> <span class='ocrx_word' id='word_1_146' title='bbox 425 2085 483 2150; x_wconf 87' lang='lat' dir='ltr'>alii</span> <span class='ocrx_word' id='word_1_147' title='bbox 502 2089 599 2152; x_wconf 84' lang='lat' dir='ltr'>armis</span> <span class='ocrx_word' id='word_1_148' title='bbox 617 2089 746 2173; x_wconf 87' lang='lat' dir='ltr'>recepti</span> <span class='ocrx_word' id='word_1_149' title='bbox 769 2101 853 2154; x_wconf 90' lang='lat' dir='ltr'>sunt.</span> <span class='ocrx_word' id='word_1_150' title='bbox 881 2091 971 2153; x_wconf 90' lang='lat' dir='ltr'>Hinc</span> <span class='ocrx_word' id='word_1_151' title='bbox 989 2089 1031 2153; x_wconf 89' lang='lat' dir='ltr'>A.</span> <span class='ocrx_word' id='word_1_152' title='bbox 1052 2091 1094 2154; x_wconf 90' lang='lat' dir='ltr'>U.</span> <span class='ocrx_word' id='word_1_153' title='bbox 1113 2089 1152 2153; x_wconf 93' lang='lat' dir='ltr'>C.</span> <span class='ocrx_word' id='word_1_154' title='bbox 1170 2110 1225 2153; x_wconf 80' lang='lat' dir='ltr'>ur..</span> <span class='ocrx_word' id='word_1_155' title='bbox 1248 2092 1286 2153; x_wconf 89' lang='lat' dir='ltr'>P.</span> <span class='ocrx_word' id='word_1_156' title='bbox 1307 2089 1462 2174; x_wconf 86' lang='lat' dir='ltr'>Sulpicius</span> 
     </span>
     <span class='ocr_line' id='line_1_17' title="bbox 216 2194 1462 2286; baseline -0.002 -26"><span class='ocrx_word' id='word_1_157' title='bbox 216 2196 328 2286; x_wconf 84' lang='lat' dir='ltr'>Galba</span> <span class='ocrx_word' id='word_1_158' title='bbox 340 2194 496 2259; x_wconf 87' lang='lat' dir='ltr'>Dictator</span> <span class='ocrx_word' id='word_1_159' title='bbox 509 2195 642 2260; x_wconf 92' lang='lat' dir='ltr'>Italiam</span> <span class='ocrx_word' id='word_1_160' title='bbox 658 2200 859 2282; x_wconf 87' lang='lat' dir='ltr'>peragravit,</span> <span class='ocrx_word' id='word_1_161' title='bbox 875 2207 911 2262; x_wconf 91' lang='lat' dir='ltr'>et</span> <span class='ocrx_word' id='word_1_162' title='bbox 926 2198 1067 2282; x_wconf 89' lang='lat' dir='ltr'>cognitis</span> <span class='ocrx_word' id='word_1_163' title='bbox 1083 2199 1282 2284; x_wconf 86' lang='lat' dir='ltr'>singularum</span> <span class='ocrx_word' id='word_1_164' title='bbox 1300 2199 1462 2261; x_wconf 84' lang='lat' dir='ltr'>civitatum</span> 
     </span>
     <span class='ocr_line' id='line_1_18' title="bbox 215 2304 1462 2387; baseline -0.001 -20"><span class='ocrx_word' id='word_1_165' title='bbox 215 2305 351 2378; x_wconf 80' lang='lat' dir='ltr'>caussis,</span> <span class='ocrx_word' id='word_1_166' title='bbox 374 2304 465 2384; x_wconf 88' lang='lat' dir='ltr'>aliis,</span> <span class='ocrx_word' id='word_1_167' title='bbox 486 2313 520 2367; x_wconf 90' lang='lat' dir='ltr'>et</span> <span class='ocrx_word' id='word_1_168' title='bbox 542 2305 576 2367; x_wconf 93' lang='lat' dir='ltr'>in</span> <span class='ocrx_word' id='word_1_169' title='bbox 598 2305 648 2368; x_wconf 88' lang='lat' dir='ltr'>bis</span> <span class='ocrx_word' id='word_1_170' title='bbox 672 2307 866 2370; x_wconf 89' lang='lat' dir='ltr'>nominatim</span> <span class='ocrx_word' id='word_1_171' title='bbox 889 2307 1029 2387; x_wconf 88' lang='lat' dir='ltr'>Brutiis,</span> <span class='ocrx_word' id='word_1_172' title='bbox 1051 2307 1244 2370; x_wconf 91' lang='lat' dir='ltr'>Picentibus</span> <span class='ocrx_word' id='word_1_173' title='bbox 1268 2315 1304 2369; x_wconf 92' lang='lat' dir='ltr'>et</span> <span class='ocrx_word' id='word_1_174' title='bbox 1329 2307 1462 2370; x_wconf 89' lang='lat' dir='ltr'>Lucanis</span> 
     </span>
     <span class='ocr_line' id='line_1_19' title="bbox 215 2412 1462 2500; baseline -0.002 -25"><span class='ocrx_word' id='word_1_175' title='bbox 215 2412 327 2476; x_wconf 92' lang='lat' dir='ltr'>durius</span> <span class='ocrx_word' id='word_1_176' title='bbox 340 2415 457 2498; x_wconf 89' lang='lat' dir='ltr'>jugum</span> <span class='ocrx_word' id='word_1_177' title='bbox 477 2413 644 2497; x_wconf 90' lang='lat' dir='ltr'>imposuit,</span> <span class='ocrx_word' id='word_1_178' title='bbox 660 2413 733 2477; x_wconf 91' lang='lat' dir='ltr'>aliis</span> <span class='ocrx_word' id='word_1_179' title='bbox 749 2414 886 2498; x_wconf 89' lang='lat' dir='ltr'>pristina</span> <span class='ocrx_word' id='word_1_180' title='bbox 898 2417 977 2500; x_wconf 86' lang='lat' dir='ltr'>jura</span> <span class='ocrx_word' id='word_1_181' title='bbox 990 2415 1149 2478; x_wconf 88' lang='lat' dir='ltr'>restituit:</span> <span class='ocrx_word' id='word_1_182' title='bbox 1172 2413 1260 2478; x_wconf 87' lang='lat' dir='ltr'>Gell.</span> <span class='ocrx_word' id='word_1_183' title='bbox 1278 2417 1386 2476; x_wconf 79' lang='lat' dir='ltr'>Nocet.</span> <span class='ocrx_word' id='word_1_184' title='bbox 1401 2417 1462 2476; x_wconf 83' lang='lat' dir='ltr'>Art.</span> 
     </span>
     <span class='ocr_line' id='line_1_20' title="bbox 214 2519 1525 2610; baseline 0 -28"><span class='ocrx_word' id='word_1_185' title='bbox 214 2519 256 2582; x_wconf 84' lang='lat' dir='ltr'>X.</span> <span class='ocrx_word' id='word_1_186' title='bbox 269 2520 298 2585; x_wconf 88' lang='grc'>3.</span> <span class='ocrx_word' id='word_1_187' title='bbox 316 2520 442 2582; x_wconf 86' lang='lat' dir='ltr'>Postea</span> <span class='ocrx_word' id='word_1_188' title='bbox 460 2519 502 2582; x_wconf 84' lang='lat' dir='ltr'>A.</span> <span class='ocrx_word' id='word_1_189' title='bbox 519 2519 560 2583; x_wconf 88' lang='lat' dir='ltr'>U.</span> <span class='ocrx_word' id='word_1_190' title='bbox 580 2520 616 2583; x_wconf 88' lang='lat' dir='ltr'>C.</span> <span class='ocrx_word' id='word_1_191' title='bbox 636 2541 772 2586; x_wconf 79' lang='lat' dir='ltr'>ncnxrv.</span> <span class='ocrx_word' id='word_1_192' title='bbox 794 2522 873 2587; x_wconf 91' lang='lat' dir='ltr'>Itali</span> <span class='ocrx_word' id='word_1_193' title='bbox 892 2524 970 2608; x_wconf 91' lang='lat' dir='ltr'>jura</span> <span class='ocrx_word' id='word_1_194' title='bbox 987 2523 1129 2586; x_wconf 85' lang='lat' dir='ltr'>civitatis</span> <span class='ocrx_word' id='word_1_195' title='bbox 1148 2523 1366 2607; x_wconf 88' lang='lat' dir='ltr'>impetrarunt</span> <span class='ocrx_word' id='word_1_196' title='bbox 1383 2520 1463 2604; x_wconf 89' lang='lat' dir='ltr'>legi·</span> <span class='ocrx_word' id='word_1_197' title='bbox 1524 2596 1525 2610; x_wconf 11' lang='grc' dir='ltr'>χ</span> 
     </span>
     <span class='ocr_line' id='line_1_21' title="bbox 214 2626 1504 2715; baseline -0.001 -24"><span class='ocrx_word' id='word_1_198' title='bbox 214 2629 275 2691; x_wconf 91' lang='lat' dir='ltr'>bus</span> <span class='ocrx_word' id='word_1_199' title='bbox 292 2628 385 2691; x_wconf 88' lang='lat' dir='ltr'>Julia</span> <span class='ocrx_word' id='word_1_200' title='bbox 403 2634 437 2689; x_wconf 87' lang='lat' dir='ltr'>et</span> <span class='ocrx_word' id='word_1_201' title='bbox 462 2626 586 2691; x_wconf 92' lang='lat' dir='ltr'>Plotia.</span> <span class='ocrx_word' id='word_1_202' title='bbox 607 2629 687 2694; x_wconf 91' lang='lat' dir='ltr'>Vid.</span> <span class='ocrx_word' id='word_1_203' title='bbox 707 2653 803 2715; x_wconf 87' lang='lat' dir='ltr'>supra</span> <span class='ocrx_word' id='word_1_204' title='bbox 822 2633 851 2712; x_wconf 85' lang='lat'>§.</span> <span class='ocrx_word' id='word_1_205' title='bbox 870 2631 901 2692; x_wconf 94' lang='grc'>9.</span> <span class='ocrx_word' id='word_1_206' title='bbox 923 2631 976 2692; x_wconf 86' lang='lat' dir='ltr'>Ex</span> <span class='ocrx_word' id='word_1_207' title='bbox 1001 2651 1043 2692; x_wconf 89' lang='lat' dir='ltr'>eo</span> <span class='ocrx_word' id='word_1_208' title='bbox 1070 2629 1164 2694; x_wconf 86' lang='lat' dir='ltr'>Sulla</span> <span class='ocrx_word' id='word_1_209' title='bbox 1188 2631 1224 2694; x_wconf 92' lang='lat' dir='ltr'>id</span> <span class='ocrx_word' id='word_1_210' title='bbox 1241 2631 1296 2714; x_wconf 91' lang='lat' dir='ltr'>jus</span> <span class='ocrx_word' id='word_1_211' title='bbox 1318 2629 1359 2691; x_wconf 86' lang='lat' dir='ltr'>iis</span> <span class='ocrx_word' id='word_1_212' title='bbox 1380 2627 1459 2690; x_wconf 89' lang='lat' dir='ltr'>baud</span> <span class='ocrx_word' id='word_1_213' title='bbox 1496 2633 1504 2654; x_wconf 73' lang='lat'>⁸</span> 
     </span>
     <span class='ocr_line' id='line_1_22' title="bbox 138 2721 1525 2822; baseline -0.001 -24"><span class='ocrx_word' id='word_1_214' title='bbox 138 2765 148 2774; x_wconf 92' lang='lat'>·</span> <span class='ocrx_word' id='word_1_215' title='bbox 214 2757 329 2820; x_wconf 90' lang='lat' dir='ltr'>parum</span> <span class='ocrx_word' id='word_1_216' title='bbox 346 2735 519 2817; x_wconf 89' lang='lat' dir='ltr'>imminuit,</span> <span class='ocrx_word' id='word_1_217' title='bbox 536 2738 614 2821; x_wconf 91' lang='lat' dir='ltr'>quia</span> <span class='ocrx_word' id='word_1_218' title='bbox 632 2738 712 2802; x_wconf 91' lang='lat' dir='ltr'>Itali</span> <span class='ocrx_word' id='word_1_219' title='bbox 733 2747 844 2822; x_wconf 89' lang='lat' dir='ltr'>partes</span> <span class='ocrx_word' id='word_1_220' title='bbox 862 2740 1016 2802; x_wconf 89' lang='lat' dir='ltr'>adversas</span> <span class='ocrx_word' id='word_1_221' title='bbox 1034 2739 1165 2822; x_wconf 92' lang='lat' dir='ltr'>sequuti</span> <span class='ocrx_word' id='word_1_222' title='bbox 1180 2738 1321 2801; x_wconf 75' lang='lat' dir='ltr'>fuerant.</span> <span class='ocrx_word' id='word_1_223' title='bbox 1344 2735 1462 2812; x_wconf 91' lang='lat' dir='ltr'>Quam·</span> <span class='ocrx_word' id='word_1_224' title='bbox 1524 2721 1525 2790; x_wconf 82' lang='lat' dir='ltr'>l</span> 
     </span>
     <span class='ocr_line' id='line_1_23' title="bbox 213 2833 1462 2928; baseline -0.002 -22"><span class='ocrx_word' id='word_1_225' title='bbox 213 2844 263 2906; x_wconf 87' lang='lat' dir='ltr'>vis</span> <span class='ocrx_word' id='word_1_226' title='bbox 279 2843 364 2906; x_wconf 91' lang='lat' dir='ltr'>banc</span> <span class='ocrx_word' id='word_1_227' title='bbox 383 2842 493 2927; x_wconf 87' lang='lat' dir='ltr'>legem</span> <span class='ocrx_word' id='word_1_228' title='bbox 512 2867 578 2907; x_wconf 93' lang='lat' dir='ltr'>non</span> <span class='ocrx_word' id='word_1_229' title='bbox 605 2833 691 2910; x_wconf 89' lang='lat' dir='ltr'>adeo</span> <span class='ocrx_word' id='word_1_230' title='bbox 711 2845 767 2909; x_wconf 93' lang='lat' dir='ltr'>diu</span> <span class='ocrx_word' id='word_1_231' title='bbox 785 2845 943 2928; x_wconf 90' lang='lat' dir='ltr'>valuisse,</span> <span class='ocrx_word' id='word_1_232' title='bbox 965 2854 1105 2910; x_wconf 87' lang='lat' dir='ltr'>testatur</span> <span class='ocrx_word' id='word_1_233' title='bbox 1124 2845 1244 2908; x_wconf 87' lang='lat' dir='ltr'>Cicero</span> <span class='ocrx_word' id='word_1_234' title='bbox 1258 2866 1321 2926; x_wconf 86' lang='lat' dir='ltr'>pro</span> <span class='ocrx_word' id='word_1_235' title='bbox 1339 2845 1427 2906; x_wconf 80' lang='grc' dir='ltr'><em>ᾱοπιο</em></span> <span class='ocrx_word' id='word_1_236' title='bbox 1441 2864 1462 2904; x_wconf 88' lang='lat' dir='ltr'>c.</span> 
     </span>
     <span class='ocr_line' id='line_1_24' title="bbox 213 2951 1463 3040; baseline -0.002 -26"><span class='ocrx_word' id='word_1_237' title='bbox 213 2951 264 3014; x_wconf 84' lang='lat'>30.</span> <span class='ocrx_word' id='word_1_238' title='bbox 284 2951 386 3014; x_wconf 88' lang='lat' dir='ltr'>Varia</span> <span class='ocrx_word' id='word_1_239' title='bbox 402 2951 478 3014; x_wconf 92' lang='lat' dir='ltr'>binc</span> <span class='ocrx_word' id='word_1_240' title='bbox 490 2975 590 3036; x_wconf 89' lang='lat' dir='ltr'>porro</span> <span class='ocrx_word' id='word_1_241' title='bbox 609 2953 703 3017; x_wconf 90' lang='lat' dir='ltr'>Italis</span> <span class='ocrx_word' id='word_1_242' title='bbox 721 2954 857 3018; x_wconf 90' lang='lat' dir='ltr'>indulsit</span> <span class='ocrx_word' id='word_1_243' title='bbox 867 2954 1047 3040; x_wconf 85' lang='lat' dir='ltr'>Augustus,</span> <span class='ocrx_word' id='word_1_244' title='bbox 1067 2959 1242 3037; x_wconf 69' lang='lat' dir='ltr'>excogitato</span> <span class='ocrx_word' id='word_1_245' title='bbox 1257 2974 1337 3014; x_wconf 82' lang='lat' dir='ltr'>nouo</span> <span class='ocrx_word' id='word_1_246' title='bbox 1353 2972 1463 3033; x_wconf 83' lang='lat' dir='ltr'>genere</span> 
     </span>
     <span class='ocr_line' id='line_1_25' title="bbox 213 3061 1463 3144; baseline -0.002 -24"><span class='ocrx_word' id='word_1_247' title='bbox 213 3061 456 3143; x_wconf 59' lang='lat' dir='ltr'>suffragiorum,</span> <span class='ocrx_word' id='word_1_248' title='bbox 477 3083 557 3143; x_wconf 77' lang='lat' dir='ltr'>qrcoe</span> <span class='ocrx_word' id='word_1_249' title='bbox 575 3064 614 3124; x_wconf 85' lang='lat' dir='ltr'>de</span> <span class='ocrx_word' id='word_1_250' title='bbox 628 3065 867 3144; x_wconf 82' lang='lat' dir='ltr'>magistratibus</span> <span class='ocrx_word' id='word_1_251' title='bbox 884 3064 998 3124; x_wconf 79' lang='lat' dir='ltr'>urbicis</span> <span class='ocrx_word' id='word_1_252' title='bbox 1014 3063 1198 3124; x_wconf 67' lang='lat' dir='ltr'>decursiones</span> <span class='ocrx_word' id='word_1_253' title='bbox 1214 3063 1344 3122; x_wconf 82' lang='lat' dir='ltr'>colom&#39;ci</span> <span class='ocrx_word' id='word_1_254' title='bbox 1357 3063 1390 3120; x_wconf 80' lang='lat' dir='ltr'>t&#39;n</span> <span class='ocrx_word' id='word_1_255' title='bbox 1409 3079 1463 3119; x_wconf 82' lang='lat' dir='ltr'>auo</span> 
     </span>
     <span class='ocr_line' id='line_1_26' title="bbox 214 3169 1464 3250; baseline -0.002 -21"><span class='ocrx_word' id='word_1_256' title='bbox 214 3173 345 3250; x_wconf 82' lang='lat' dir='ltr'>quisque</span> <span class='ocrx_word' id='word_1_257' title='bbox 359 3171 478 3240; x_wconf 66' lang='lat' dir='ltr'>odonia,</span> <span class='ocrx_word' id='word_1_258' title='bbox 490 3169 634 3246; x_wconf 74' lang='lat' dir='ltr'>ferrent,</span> <span class='ocrx_word' id='word_1_259' title='bbox 650 3181 682 3232; x_wconf 85' lang='lat' dir='ltr'>et</span> <span class='ocrx_word' id='word_1_260' title='bbox 695 3173 752 3232; x_wconf 81' lang='lat' dir='ltr'>sud</span> <span class='ocrx_word' id='word_1_261' title='bbox 770 3171 850 3232; x_wconf 66' lang='lat' dir='ltr'>dien</span> <span class='ocrx_word' id='word_1_262' title='bbox 865 3173 1056 3232; x_wconf 76' lang='lat' dir='ltr'>comitiorum</span> <span class='ocrx_word' id='word_1_263' title='bbox 1070 3172 1236 3250; x_wconf 77' lang='lat' dir='ltr'>obsignata</span> <span class='ocrx_word' id='word_1_264' title='bbox 1249 3170 1384 3240; x_wconf 79' lang='lat' dir='ltr'>Romam</span> <span class='ocrx_word' id='word_1_265' title='bbox 1401 3169 1464 3226; x_wconf 81' lang='lat' dir='ltr'>mit·</span> 
     </span>
     <span class='ocr_line' id='line_1_27' title="bbox 213 3268 1462 3361; baseline -0.001 -26"><span class='ocrx_word' id='word_1_266' title='bbox 213 3282 333 3336; x_wconf 83' lang='lat' dir='ltr'>terent:</span> <span class='ocrx_word' id='word_1_267' title='bbox 355 3275 446 3339; x_wconf 86' lang='lat' dir='ltr'>Suet.</span> <span class='ocrx_word' id='word_1_268' title='bbox 465 3281 550 3360; x_wconf 85' lang='lat' dir='ltr'>Aug.</span> <span class='ocrx_word' id='word_1_269' title='bbox 568 3301 594 3340; x_wconf 91' lang='lat' dir='ltr'>c.</span> <span class='ocrx_word' id='word_1_270' title='bbox 611 3275 662 3338; x_wconf 91' lang='grc'>46.</span> <span class='ocrx_word' id='word_1_271' title='bbox 684 3275 779 3338; x_wconf 90' lang='lat' dir='ltr'>Idem</span> <span class='ocrx_word' id='word_1_272' title='bbox 801 3276 989 3361; x_wconf 87' lang='lat' dir='ltr'>Imperator</span> <span class='ocrx_word' id='word_1_273' title='bbox 1008 3277 1106 3338; x_wconf 91' lang='lat' dir='ltr'>etiam</span> <span class='ocrx_word' id='word_1_274' title='bbox 1128 3275 1266 3339; x_wconf 91' lang='lat' dir='ltr'>militiae</span> <span class='ocrx_word' id='word_1_275' title='bbox 1289 3268 1462 3336; x_wconf 89' lang='lat' dir='ltr'>necessita-</span> 
     </span>
     <span class='ocr_line' id='line_1_28' title="bbox 214 3383 1462 3466; baseline -0.002 -22"><span class='ocrx_word' id='word_1_276' title='bbox 214 3389 280 3444; x_wconf 89' lang='lat' dir='ltr'>tem</span> <span class='ocrx_word' id='word_1_277' title='bbox 303 3383 428 3447; x_wconf 89' lang='lat' dir='ltr'>remisit</span> <span class='ocrx_word' id='word_1_278' title='bbox 449 3384 557 3449; x_wconf 88' lang='lat' dir='ltr'>Italis:</span> <span class='ocrx_word' id='word_1_279' title='bbox 582 3385 766 3447; x_wconf 89' lang='lat' dir='ltr'>Herodian.</span> <span class='ocrx_word' id='word_1_280' title='bbox 785 3386 871 3447; x_wconf 71' lang='lat' dir='ltr'>Has.</span> <span class='ocrx_word' id='word_1_281' title='bbox 889 3387 932 3447; x_wconf 94' lang='grc' dir='ltr'>ΙΙ.</span> <span class='ocrx_word' id='word_1_282' title='bbox 950 3384 1000 3447; x_wconf 96' lang='grc'>11.</span> <span class='ocrx_word' id='word_1_283' title='bbox 1033 3384 1223 3447; x_wconf 87' lang='lat' dir='ltr'>Hadrianus</span> <span class='ocrx_word' id='word_1_284' title='bbox 1249 3404 1310 3466; x_wconf 91' lang='lat' dir='ltr'>per</span> <span class='ocrx_word' id='word_1_285' title='bbox 1337 3400 1462 3443; x_wconf 90' lang='lat' dir='ltr'>omnem</span> 
     </span>
     <span class='ocr_line' id='line_1_29' title="bbox 208 3489 1463 3578; baseline -0.006 -25"><span class='ocrx_word' id='word_1_286' title='bbox 208 3490 344 3562; x_wconf 64' lang='lat' dir='ltr'>,ltaliam</span> <span class='ocrx_word' id='word_1_287' title='bbox 364 3499 506 3574; x_wconf 90' lang='lat' dir='ltr'>quatuor</span> <span class='ocrx_word' id='word_1_288' title='bbox 528 3507 746 3556; x_wconf 69' lang='lat' dir='ltr'>consummas</span> <span class='ocrx_word' id='word_1_289' title='bbox 768 3493 899 3578; x_wconf 87' lang='lat' dir='ltr'>judices</span> <span class='ocrx_word' id='word_1_290' title='bbox 920 3492 1151 3556; x_wconf 80' lang='lat' dir='ltr'>constituerat:</span> <span class='ocrx_word' id='word_1_291' title='bbox 1177 3490 1342 3574; x_wconf 87' lang='lat' dir='ltr'>Spartian.</span> <span class='ocrx_word' id='word_1_292' title='bbox 1364 3489 1463 3550; x_wconf 79' lang='lat' dir='ltr'>Hadr.</span> 
     </span>
     <span class='ocr_line' id='line_1_30' title="bbox 214 3593 1464 3684; baseline -0.004 -26"><span class='ocrx_word' id='word_1_293' title='bbox 214 3619 241 3659; x_wconf 91' lang='lat' dir='ltr'>c.</span> <span class='ocrx_word' id='word_1_294' title='bbox 250 3596 301 3659; x_wconf 77' lang='lat'>22.</span> <span class='ocrx_word' id='word_1_295' title='bbox 314 3599 403 3662; x_wconf 91' lang='lat' dir='ltr'>Hinc</span> <span class='ocrx_word' id='word_1_296' title='bbox 415 3615 633 3666; x_wconf 70' lang='lat' dir='ltr'>consumes</span> <span class='ocrx_word' id='word_1_297' title='bbox 646 3615 841 3666; x_wconf 71' lang='lat' dir='ltr'>cauraurau</span> <span class='ocrx_word' id='word_1_298' title='bbox 857 3608 931 3664; x_wconf 89' lang='lat' dir='ltr'>sunt</span> <span class='ocrx_word' id='word_1_299' title='bbox 942 3601 1028 3684; x_wconf 88' lang='lat' dir='ltr'>apud</span> <span class='ocrx_word' id='word_1_300' title='bbox 1041 3599 1218 3664; x_wconf 87' lang='lat' dir='ltr'>Gruterum</span> <span class='ocrx_word' id='word_1_301' title='bbox 1229 3620 1262 3680; x_wconf 89' lang='lat' dir='ltr'>p.</span> <span class='ocrx_word' id='word_1_302' title='bbox 1271 3593 1464 3657; x_wconf 78' lang='lat' dir='ltr'>COGGXLI.</span> 
     </span>
     <span class='ocr_line' id='line_1_31' title="bbox 214 3701 1463 3787; baseline -0.002 -21"><span class='ocrx_word' id='word_1_303' title='bbox 214 3727 245 3766; x_wconf 84' lang='lat' dir='ltr'>n.</span> <span class='ocrx_word' id='word_1_304' title='bbox 257 3705 287 3766; x_wconf 88' lang='lat'>6.</span> <span class='ocrx_word' id='word_1_305' title='bbox 294 3727 328 3787; x_wconf 84' lang='lat' dir='ltr'>p.</span> <span class='ocrx_word' id='word_1_306' title='bbox 347 3707 539 3771; x_wconf 72' lang='lat' dir='ltr'>ccccm.</span> <span class='ocrx_word' id='word_1_307' title='bbox 556 3731 587 3770; x_wconf 88' lang='lat' dir='ltr'>n.</span> <span class='ocrx_word' id='word_1_308' title='bbox 599 3707 628 3768; x_wconf 94' lang='lat' dir='ltr'>l.</span> <span class='ocrx_word' id='word_1_309' title='bbox 645 3716 713 3774; x_wconf 90' lang='lat' dir='ltr'>AN</span> <span class='ocrx_word' id='word_1_310' title='bbox 716 3716 929 3777; x_wconf 79' lang='grc' dir='ltr'><em>ΘΤΠΑΤΟΣ</em></span> <span class='ocrx_word' id='word_1_311' title='bbox 950 3711 1236 3773; x_wconf 88' lang='grc' dir='ltr'><em>ΚΑΜΠΑΝῙΑΣ</em></span> <span class='ocrx_word' id='word_1_312' title='bbox 1260 3701 1349 3786; x_wconf 86' lang='lat' dir='ltr'>apud</span> <span class='ocrx_word' id='word_1_313' title='bbox 1376 3723 1463 3764; x_wconf 90' lang='lat' dir='ltr'>eum·</span> 
     </span>
     <span class='ocr_line' id='line_1_32' title="bbox 214 3807 1464 3898; baseline -0.006 -21"><span class='ocrx_word' id='word_1_314' title='bbox 214 3813 289 3877; x_wconf 90' lang='lat' dir='ltr'>dem</span> <span class='ocrx_word' id='word_1_315' title='bbox 311 3836 343 3896; x_wconf 83' lang='lat' dir='ltr'>p.</span> <span class='ocrx_word' id='word_1_316' title='bbox 365 3815 470 3876; x_wconf 78' lang='lat' dir='ltr'>MXc.</span> <span class='ocrx_word' id='word_1_317' title='bbox 493 3836 525 3875; x_wconf 85' lang='lat' dir='ltr'>n.</span> <span class='ocrx_word' id='word_1_318' title='bbox 544 3815 595 3876; x_wconf 74' lang='lat'>20.</span> <span class='ocrx_word' id='word_1_319' title='bbox 618 3816 674 3898; x_wconf 92' lang='lat' dir='ltr'>qui</span> <span class='ocrx_word' id='word_1_320' title='bbox 699 3826 734 3880; x_wconf 91' lang='lat' dir='ltr'>et</span> <span class='ocrx_word' id='word_1_321' title='bbox 757 3832 893 3880; x_wconf 80' lang='lat' dir='ltr'>rRocos.</span> <span class='ocrx_word' id='word_1_322' title='bbox 914 3823 1052 3879; x_wconf 88' lang='lat' dir='ltr'>vocatur</span> <span class='ocrx_word' id='word_1_323' title='bbox 1075 3816 1109 3878; x_wconf 89' lang='lat' dir='ltr'>in</span> <span class='ocrx_word' id='word_1_324' title='bbox 1133 3831 1294 3876; x_wconf 89' lang='lat' dir='ltr'>marmore</span> <span class='ocrx_word' id='word_1_325' title='bbox 1316 3807 1464 3873; x_wconf 89' lang='lat' dir='ltr'>Reinesii</span> 
     </span>
     <span class='ocr_line' id='line_1_33' title="bbox 218 3918 1464 4007; baseline -0.002 -25"><span class='ocrx_word' id='word_1_326' title='bbox 218 3921 315 3986; x_wconf 81' lang='lat' dir='ltr'>Closs.</span> <span class='ocrx_word' id='word_1_327' title='bbox 334 3921 619 4004; x_wconf 65' lang='lat' dir='ltr'>Vipitenum</span> <span class='ocrx_word' id='word_1_328' title='bbox 639 3922 854 3987; x_wconf 85' lang='lat' dir='ltr'>Consularem</span> <span class='ocrx_word' id='word_1_329' title='bbox 865 3943 927 4007; x_wconf 89' lang='lat' dir='ltr'>per</span> <span class='ocrx_word' id='word_1_330' title='bbox 938 3923 1090 3987; x_wconf 85' lang='lat' dir='ltr'>Tusciam</span> <span class='ocrx_word' id='word_1_331' title='bbox 1111 3931 1145 3985; x_wconf 88' lang='lat' dir='ltr'>et</span> <span class='ocrx_word' id='word_1_332' title='bbox 1156 3919 1352 3984; x_wconf 86' lang='lat' dir='ltr'>Flaminiam</span> <span class='ocrx_word' id='word_1_333' title='bbox 1369 3918 1464 3980; x_wconf 78' lang='lat' dir='ltr'>luisse</span> 
     </span>
     <span class='ocr_line' id='line_1_34' title="bbox 214 4013 1463 4114; baseline -0.005 -22"><span class='ocrx_word' id='word_1_334' title='bbox 214 4013 340 4114; x_wconf 76' lang='lat' dir='ltr'>patrem</span> <span class='ocrx_word' id='word_1_335' title='bbox 360 4050 468 4108; x_wconf 86' lang='lat' dir='ltr'>suum,</span> <span class='ocrx_word' id='word_1_336' title='bbox 489 4038 599 4093; x_wconf 86' lang='lat' dir='ltr'>narrat</span> <span class='ocrx_word' id='word_1_337' title='bbox 616 4030 721 4094; x_wconf 91' lang='lat' dir='ltr'>Rutil.</span> <span class='ocrx_word' id='word_1_338' title='bbox 736 4032 870 4094; x_wconf 89' lang='lat' dir='ltr'>Numat.</span> <span class='ocrx_word' id='word_1_339' title='bbox 888 4031 995 4092; x_wconf 79' lang='lat' dir='ltr'>itiner.</span> <span class='ocrx_word' id='word_1_340' title='bbox 1010 4033 1036 4091; x_wconf 91' lang='lat' dir='ltr'>I.</span> <span class='ocrx_word' id='word_1_341' title='bbox 1052 4052 1080 4092; x_wconf 89' lang='lat' dir='ltr'>o.</span> <span class='ocrx_word' id='word_1_342' title='bbox 1099 4029 1171 4091; x_wconf 79' lang='lat'>575.</span> <span class='ocrx_word' id='word_1_343' title='bbox 1187 4027 1259 4092; x_wconf 78' lang='lat'>593.</span> <span class='ocrx_word' id='word_1_344' title='bbox 1284 4028 1417 4089; x_wconf 91' lang='lat' dir='ltr'>Horum</span> <span class='ocrx_word' id='word_1_345' title='bbox 1436 4025 1463 4086; x_wconf 90' lang='lat' dir='ltr'>iu</span> 
     </span>
     <span class='ocr_line' id='line_1_35' title="bbox 213 4134 1465 4220; baseline -0.006 -21"><span class='ocrx_word' id='word_1_346' title='bbox 213 4136 323 4200; x_wconf 90' lang='lat' dir='ltr'>locum</span> <span class='ocrx_word' id='word_1_347' title='bbox 345 4154 520 4202; x_wconf 80' lang='lat' dir='ltr'>Jumurcos</span> <span class='ocrx_word' id='word_1_348' title='bbox 542 4139 670 4202; x_wconf 87' lang='lat' dir='ltr'>suffecit</span> <span class='ocrx_word' id='word_1_349' title='bbox 697 4139 827 4201; x_wconf 88' lang='lat' dir='ltr'>Marcus</span> <span class='ocrx_word' id='word_1_350' title='bbox 845 4137 1051 4200; x_wconf 81' lang='lat' dir='ltr'>Antoninus:</span> <span class='ocrx_word' id='word_1_351' title='bbox 1075 4136 1143 4200; x_wconf 88' lang='lat' dir='ltr'>Jul.</span> <span class='ocrx_word' id='word_1_352' title='bbox 1165 4134 1347 4220; x_wconf 84' lang='lat' dir='ltr'>Capitolia.</span> <span class='ocrx_word' id='word_1_353' title='bbox 1367 4135 1465 4194; x_wconf 81' lang='lat' dir='ltr'>Moru.</span> 
     </span>
     <span class='ocr_line' id='line_1_36' title="bbox 213 4244 1463 4329; baseline -0.003 -24"><span class='ocrx_word' id='word_1_354' title='bbox 213 4265 240 4305; x_wconf 83' lang='lat' dir='ltr'>e.</span> <span class='ocrx_word' id='word_1_355' title='bbox 258 4245 309 4306; x_wconf 90' lang='grc'>11.</span> <span class='ocrx_word' id='word_1_356' title='bbox 327 4245 496 4329; x_wconf 90' lang='lat' dir='ltr'>Sequente</span> <span class='ocrx_word' id='word_1_357' title='bbox 515 4254 666 4329; x_wconf 89' lang='lat' dir='ltr'>tempore</span> <span class='ocrx_word' id='word_1_358' title='bbox 684 4246 784 4309; x_wconf 84' lang='lat' dir='ltr'>Italia</span> <span class='ocrx_word' id='word_1_359' title='bbox 804 4245 985 4328; x_wconf 88' lang='lat' dir='ltr'>aliquando</span> <span class='ocrx_word' id='word_1_360' title='bbox 1001 4244 1124 4308; x_wconf 83' lang='lat' dir='ltr'>subfuit</span> <span class='ocrx_word' id='word_1_361' title='bbox 1142 4255 1421 4306; x_wconf 74' lang='lat' dir='ltr'>comcrouruus</span> <span class='ocrx_word' id='word_1_362' title='bbox 1435 4247 1463 4302; x_wconf 90' lang='lat' dir='ltr'>et</span> 
     </span>
    </p>
   </div>
   <div class='ocr_carea' id='block_1_3' title="bbox 215 4389 1463 4663">
    <p class='ocr_par' dir='ltr' id='par_1_3' title="bbox 215 4389 1463 4663">
     <span class='ocr_line' id='line_1_37' title="bbox 221 4389 1460 4494; baseline -0.004 -19"><span class='ocrx_word' id='word_1_363' title='bbox 221 4423 398 4477; x_wconf 71' lang='lat' dir='ltr'>Vottssettm</span> <span class='ocrx_word' id='word_1_364' title='bbox 416 4389 465 4477; x_wconf 67' lang='lat' dir='ltr'>der</span> <span class='ocrx_word' id='word_1_365' title='bbox 485 4427 565 4494; x_wconf 79' lang='lat' dir='ltr'>Tasci</span> <span class='ocrx_word' id='word_1_366' title='bbox 580 4443 630 4477; x_wconf 84' lang='lat' dir='ltr'>uon</span> <span class='ocrx_word' id='word_1_367' title='bbox 648 4426 797 4486; x_wconf 77' lang='lat' dir='ltr'>Heracleo5</span> <span class='ocrx_word' id='word_1_368' title='bbox 820 4427 849 4478; x_wconf 89' lang='lat' dir='ltr'>iu</span> <span class='ocrx_word' id='word_1_369' title='bbox 868 4426 894 4477; x_wconf 88' lang='lat' dir='ltr'>d.</span> <span class='ocrx_word' id='word_1_370' title='bbox 913 4423 1042 4476; x_wconf 79' lang='lat' dir='ltr'>Zeitsclrr.</span> <span class='ocrx_word' id='word_1_371' title='bbox 1059 4421 1116 4491; x_wconf 80' lang='lat' dir='ltr'>fair</span> <span class='ocrx_word' id='word_1_372' title='bbox 1130 4423 1217 4492; x_wconf 65' lang='lat' dir='ltr'>pescli.</span> <span class='ocrx_word' id='word_1_373' title='bbox 1237 4423 1273 4474; x_wconf 85' lang='lat' dir='ltr'>R.</span> <span class='ocrx_word' id='word_1_374' title='bbox 1298 4419 1338 4473; x_wconf 84' lang='lat' dir='ltr'>W.</span> <span class='ocrx_word' id='word_1_375' title='bbox 1358 4421 1391 4472; x_wconf 83' lang='grc' dir='ltr'>Τ.</span> <span class='ocrx_word' id='word_1_376' title='bbox 1411 4417 1460 4471; x_wconf 86' lang='grc' dir='ltr'>ΙΧ.</span> 
     </span>
     <span class='ocr_line' id='line_1_38' title="bbox 215 4504 1463 4577; baseline -0.006 -15"><span class='ocrx_word' id='word_1_377' title='bbox 215 4523 289 4562; x_wconf 87' lang='lat' dir='ltr'>num.</span> <span class='ocrx_word' id='word_1_378' title='bbox 308 4510 369 4572; x_wconf 82' lang='lat' dir='ltr'>XL,</span> <span class='ocrx_word' id='word_1_379' title='bbox 382 4509 429 4561; x_wconf 92' lang='lat' dir='ltr'>ubi</span> <span class='ocrx_word' id='word_1_380' title='bbox 447 4511 524 4561; x_wconf 90' lang='lat' dir='ltr'>etde</span> <span class='ocrx_word' id='word_1_381' title='bbox 540 4511 603 4577; x_wconf 86' lang='lat' dir='ltr'>jure</span> <span class='ocrx_word' id='word_1_382' title='bbox 620 4509 736 4562; x_wconf 84' lang='lat' dir='ltr'>civitatis</span> <span class='ocrx_word' id='word_1_383' title='bbox 754 4525 817 4562; x_wconf 89' lang='lat' dir='ltr'>oum</span> <span class='ocrx_word' id='word_1_384' title='bbox 836 4509 912 4561; x_wconf 85' lang='lat' dir='ltr'>Italis</span> <span class='ocrx_word' id='word_1_385' title='bbox 930 4506 1046 4576; x_wconf 82' lang='lat' dir='ltr'>aliisque</span> <span class='ocrx_word' id='word_1_386' title='bbox 1064 4508 1174 4575; x_wconf 85' lang='lat' dir='ltr'>populis</span> <span class='ocrx_word' id='word_1_387' title='bbox 1192 4505 1405 4568; x_wconf 83' lang='lat' dir='ltr'>communicato,</span> <span class='ocrx_word' id='word_1_388' title='bbox 1423 4504 1463 4554; x_wconf 88' lang='lat' dir='ltr'>de-</span> 
     </span>
     <span class='ocr_line' id='line_1_39' title="bbox 216 4585 1463 4663; baseline -0.006 -17"><span class='ocrx_word' id='word_1_389' title='bbox 216 4611 270 4663; x_wconf 88' lang='lat' dir='ltr'>que</span> <span class='ocrx_word' id='word_1_390' title='bbox 288 4592 368 4660; x_wconf 86' lang='lat' dir='ltr'>Latii,</span> <span class='ocrx_word' id='word_1_391' title='bbox 385 4592 595 4662; x_wconf 89' lang='lat' dir='ltr'>municipiorum</span> <span class='ocrx_word' id='word_1_392' title='bbox 613 4601 640 4647; x_wconf 89' lang='lat' dir='ltr'>ct</span> <span class='ocrx_word' id='word_1_393' title='bbox 654 4595 827 4648; x_wconf 82' lang='lat' dir='ltr'>coloniarum</span> <span class='ocrx_word' id='word_1_394' title='bbox 837 4595 901 4660; x_wconf 89' lang='lat' dir='ltr'>jure</span> <span class='ocrx_word' id='word_1_395' title='bbox 917 4596 1056 4662; x_wconf 79' lang='lat' dir='ltr'>praeclare</span> <span class='ocrx_word' id='word_1_396' title='bbox 1071 4597 1158 4647; x_wconf 84' lang='lat' dir='ltr'>multe</span> <span class='ocrx_word' id='word_1_397' title='bbox 1174 4596 1359 4659; x_wconf 82' lang='lat' dir='ltr'>exponuntur.</span> <span class='ocrx_word' id='word_1_398' title='bbox 1385 4585 1463 4642; x_wconf 77' lang='lat' dir='ltr'>Milli.</span> 
     </span>
    </p>
   </div>
   <div class='ocr_carea' id='block_1_4' title="bbox 0 0 1536 5164">
    <p class='ocr_par' dir='ltr' id='par_1_4' title="bbox 0 0 1536 5164">
     <span class='ocr_line' id='line_1_40' title="bbox 0 0 1536 5164; baseline 0 1"><span class='ocrx_word' id='word_1_399' title='bbox 0 0 1536 5164; x_wconf 95' lang='lat' dir='ltr'> </span> 
     </span>
    </p>
   </div>
  </div>
 </body>
</html>
