3062 5156
191 423 195 435 '
221 409 293 475 226
597 403 780 468 Anrnnnm
805 401 881 467 Lm
906 401 933 469 l.
959 403 1045 470 Gar.
1072 403 1097 469 1.

221 599 304 664 ergo
315 577 533 662 municipibus
545 585 616 639 erat
632 577 754 659 patria:
770 577 885 655 altera,
903 576 936 638 in
952 597 1017 660 qua
1032 577 1118 652 nati3
1135 577 1253 656 altera,
1265 596 1331 660 qua
1344 576 1487 659 excepti

223 694 334 766 erant,
355 687 503 768 quamvis
518 685 601 748 baec
618 682 722 747 veluti
737 685 843 768 major
859 691 961 766 esset,
982 693 1017 747 et
1034 684 1093 746 illa
1113 685 1149 746 in
1167 685 1230 746 hac
1249 682 1424 746 contineri
1440 684 1488 744 vi-

222 796 368 874 deretur,
393 800 429 855 ut
452 791 623 876 praeclare
645 791 792 854 ostendit
812 790 931 854 Cicero
956 794 995 854 de
1016 793 1118 874 Legg.
1137 794 1180 853 II.
1198 791 1229 855 2.
1248 811 1349 875 quem
1372 790 1488 852 Iocum

221 910 327 967 tntum
350 900 538 964 adscribere
555 899 680 962 licebit
703 899 973 981 Interrogaverat
992 899 1140 980 Atticus,
1164 920 1221 964 cnr
1244 899 1367 962 Cicero
1384 897 1488 980 Arpi·

223 1032 298 1073 num
314 1028 499 1090 germanam
505 1011 647 1088 patriam
662 1028 753 1068 suam
769 1004 966 1089 adpellaritl
986 1007 1049 1070 Cui
1066 1007 1202 1070 Cicero:
1218 1009 1291 1090 Ego
1306 1007 1494 1076 mahermale,

223 1128 256 1180 et
269 1120 322 1190 illi,
338 1115 492 1195 (Catoni)
507 1122 539 1175 et
553 1114 693 1174 amadus
707 1115 912 1194 munimntum
926 1115 1090 1175 duasesse
1104 1135 1216 1178 censeo
1225 1118 1372 1196 patrias:
1388 1133 1489 1173 unam

222 1243 396 1293 amusan,
413 1221 761 1291 alteramcrrrr1r1s‚·
784 1227 820 1280 nt
834 1222 885 1280 ille
905 1217 990 1294 Octo,
1012 1241 1107 1304 quum
1129 1233 1212 1283 esset
1230 1218 1364 1282 tusculi
1379 1229 1488 1290 natur,

223 1334 256 1392 θη
274 1329 533 1410 pupub'Romani
550 1329 703 1387 ciuitatem
725 1335 888 1406 sstsceptus
904 1336 960 1388 est.
988 1329 1053 1399 Ita,
1076 1338 1170 1410 quum
1191 1339 1263 1390 ortu
1283 1327 1489 1390 tusculanus

223 1445 319 1509 esset,
342 1438 466 1495 civitate
487 1435 664 1504 Romanus,
687 1434 796 1494 babuit
818 1435 950 1495 alterum
981 1436 1042 1494 laci
1052 1439 1210 1515 patriam,
1233 1438 1373 1496 alteram
1388 1436 1488 1515 juria.

224 1546 270 1607 Et
286 1542 478 1634 quibusdam
493 1540 693 1624 interjectis:
708 1544 754 1602 sia
768 1562 824 1601 nos
840 1549 870 1601 et
887 1561 957 1601 eam
967 1544 1108 1620 patriam
1124 1543 1268 1615 dromus,
1287 1543 1344 1602 nbi
1357 1545 1447 1614 nati,
1462 1551 1489 1602 ct

225 1656 328 1722 illam,
343 1670 406 1729 qua
421 1651 539 1730 excepti
551 1669 661 1709 sumus
669 1694 678 1729 ,
695 1648 753 1708 sed
770 1667 895 1708 necesse
908 1656 971 1720 est,
991 1650 1124 1709 caritate
1138 1658 1414 1730 compressum,
1431 1670 1489 1731 qua

225 1747 411 1839 republicae
434 1777 544 1817 nornen
562 1759 728 1816 uniuersae
742 1757 876 1815 civitatis
891 1763 953 1816 est:
966 1775 1025 1836 pro
1041 1777 1103 1836 quc
1122 1761 1245 1817 marist
1266 1759 1396 1818 cni-nos
1413 1765 1489 1819 totos

226 1867 358 1936 dedere,
380 1867 455 1924 ett'n
476 1882 538 1943 qua
553 1871 661 1923 nostra
676 1865 780 1923 omnia
795 1877 934 1940 ponere,
958 1871 990 1924 et
1011 1865 1105 1944 quasi
1121 1881 1306 1925 consecrare
1329 1865 1488 1926 debemus.

227 1974 339 2033 Dulcis
354 1980 458 2032 autem
473 1990 534 2030 non
553 1971 651 2030 multo
669 1960 758 2029 secus
773 1977 822 2029 est
836 1990 884 2042 eu,
899 1991 980 2051 quae
997 1973 1122 2050 genuit,
1138 1989 1231 2049 quam
1247 1973 1316 2044 illa,
1332 1993 1423 2052 quae
1441 1991 1488 2032 ex-

228 2083 317 2160 cepit.
334 2078 446 2159 Itaque
461 2097 517 2158 ego
532 2079 614 2137 bunc
629 2097 730 2136 meam
741 2097 809 2136 esse
818 2081 959 2157 patriam
970 2098 1106 2157 prorsus
1120 2098 1290 2158 numquam
1306 2073 1436 2159 negabo
1449 2077 1488 2156 ἆ),

229 2165 303 2248 duab
324 2187 379 2246 illa
400 2189 441 2246 ait
458 2203 584 2257 masan,
601 2195 631 2246 et
652 2183 730 2244 baec
743 2187 775 2244 in
794 2205 832 2245 ea
854 2188 1060 2245 enutrirentur.
1089 2183 1180 2244 Hinc
1197 2204 1297 2268 saepe
1314 2184 1442 2268 fiebat,
1457 2194 1489 2247 ut

230 2314 310 2357 unus
323 2293 480 2376 idemque
500 2301 534 2354 et
551 2277 681 2353 Romae
698 2290 782 2352 etin
799 2290 976 2374 municipio
993 2312 1051 2353 suo
1068 2310 1209 2353 summos
1227 2290 1375 2354 bonores
1392 2314 1490 2376 gere-

229 2410 291 2465 ret.
313 2401 365 2462 Ita
385 2398 488 2480 Milo,
509 2398 584 2461 dum
600 2399 672 2482 jam
686 2397 815 2460 Romae
834 2397 1047 2461 Consulatum
1070 2400 1223 2480 petebat,
1239 2399 1400 2464 Dictator
1422 2408 1491 2464 erat

230 2508 373 2572 Lanuvii
387 2507 421 2568 in
435 2505 544 2589 patria
559 2503 719 2567 naturali:
735 2504 854 2569 Cicero
870 2526 931 2588 pro
948 2507 1066 2568 Milone
1080 2527 1105 2566 c.
1117 2504 1168 2568 34.
1183 2505 1234 2568 37.
1254 2506 1299 2569 Et
1316 2505 1490 2570 Ciceronis

230 2616 316 2678 filius
332 2612 465 2686 Aedilis
479 2611 566 2695 apud
585 2613 766 2697 municipes
790 2633 864 2676 suos
880 2612 1058 2696 Arpinates
1074 2611 1175 2695 patris
1190 2612 1368 2678 voluntate
1385 2615 1489 2679 factus

233 2729 293 2803 est,
310 2729 395 2784 teste
412 2719 531 2782 eodem
548 2718 711 2784 Cicerone
726 2723 826 2804 Epist.
842 2723 887 2784 cd
901 2723 971 2782 Dt'v.
987 2720 1081 2781 XIII.
1095 2719 1146 2782 ll.
1168 2721 1240 2784 Imo
1256 2721 1328 2804 ipse
1341 2723 1490 2786 Hadria-

232 2851 292 2894 nus
317 2830 386 2912 jam
417 2827 603 2911 Imperator
628 2829 736 2892 veteri
764 2828 830 2891 ritu
853 2829 887 2890 in
913 2827 1024 2912 patria
1052 2848 1109 2890 sua
1133 2825 1430 2912 Quinquennalem
1458 2852 1488 2894 se

232 2937 337 3001 creari
359 2957 471 3020 passus
494 2938 559 3000 est:
575 2936 739 3020 Spartian.
754 2941 806 2998 vit.
823 2937 926 2998 Hadr.
941 2958 967 2998 c.
982 2934 1033 2996 19.
1060 2934 1153 2998 Inter
1174 2936 1357 3020 municipes
1380 2946 1488 3002 tamen

233 3053 268 3106 et
295 3044 383 3106 cives
405 3043 568 3126 ingenuos
592 3044 735 3128 aliquam
760 3042 860 3105 fuisse
883 3043 1005 3126 privati
1025 3041 1110 3126 juris
1129 3041 1347 3126 varietatem,
1372 3045 1487 3129 paullo

233 3160 310 3238 post
334 3150 533 3214 docebimus.

819 3267 849 3347 §-
869 3265 900 3327 6.
945 3293 949 3299 ’

321 3383 393 3436 Hinc
406 3399 492 3452 porro
511 3382 612 3434 audate
631 3381 721 3432 donati
740 3381 818 3433 etiam
836 3382 927 3434 Latini
943 3382 1063 3450 quidam,
1083 3382 1201 3434 sednon
1220 3382 1311 3434 eodem
1320 3382 1400 3450 jure.

317 3484 459 3559 Postea,
477 3482 534 3546 ubi
558 3481 662 3564 major
681 3480 852 3564 paullatim
877 3483 1027 3566 dignatio
1049 3482 1222 3546 Romanae
1245 3484 1392 3546 civitatis
1420 3503 1488 3545 esse

237 3595 365 3678 coepit:
376 3594 432 3677 jus
450 3589 593 3653 civitatis
607 3588 736 3672 parcius
755 3589 875 3672 datum,
896 3599 929 3653 et
945 3591 1002 3653 vix
1017 3612 1089 3652 cum
1109 3590 1303 3674 quibusdam
1318 3590 1410 3653 Latii
1430 3612 1490 3673 po-

238 3702 324 3787 pulis
349 3700 405 3765 vel
431 3698 474 3762 ad
503 3695 687 3781 augendam
714 3717 784 3758 rem
809 3697 1072 3778 Romanam,vel
1099 3697 1234 3762 honoris
1261 3718 1376 3760 caussa
1400 3719 1490 3760 com-

237 3811 435 3873 municatum
456 3812 521 3868 est:
541 3804 613 3866 Liv.
637 3804 722 3867 VIII.
741 3804 792 3867 13.
810 3813 845 3868 et
859 3804 909 3865 14.
935 3806 1015 3889 Ejus
1034 3804 1190 3868 beneficii
1212 3805 1408 3867 Latinorum
1431 3824 1490 3887 po-

237 3916 322 4000 pulis
351 3938 389 3978 ac
405 3912 561 3976 Hernicis
585 3911 655 3974 dati
679 3911 799 3994 primus
823 3918 938 3974 auctor
959 3911 1014 3995 Sp.
1034 3911 1183 3992 Cassiae,
1205 3911 1338 3974 tertium
1365 3910 1489 3974 Consul

237 4024 323 4087 circa
338 4042 457 4086 annum
473 4019 514 4082 U.
529 4018 565 4082 C.
581 4036 740 4082 boumn:
760 4018 899 4100 Dionys.
916 4017 994 4080 Hal.
1016 4019 1102 4080 VIII.
1117 4018 1168 4080 69.
1187 4018 1235 4080 At
1249 4038 1346 4102 quum
1366 4015 1490 4080 Consul

236 4155 533 4176 ιιι--ι-ι--ι--ὓ-

306 4232 338 4296 (1)
359 4232 396 4284 At
411 4233 476 4294 post
491 4226 591 4297 arpalo
612 4231 744 4293 punctum
766 4225 939 4290 ponendum,
967 4229 994 4276 et
1018 4226 1115 4278 verba:
1140 4227 1202 4281 dam
1219 4223 1490 4277 illc-contineater

237 4315 395 4370 omittenda.
414 4315 521 4368 Absnnt
538 4312 610 4366 enim
627 4326 682 4364 non
701 4311 791 4362 solnm
810 4325 826 4360 a
843 4311 994 4374 Bruxiano‚
1013 4311 1161 4364 Casselano
1179 4317 1207 4363 et
1220 4308 1370 4363 Viennensi
1386 4307 1489 4367 codice,

237 4401 287 4452 sed
303 4399 422 4452 inustam
440 4398 522 4452 etiam
539 4394 756 4460 interpolationis
771 4401 863 4446 notam
877 4409 942 4460 prae
959 4395 1098 4446 scierunt.
1118 4398 1159 4449 Cs.
1171 4397 1215 4448 Jo.
1231 4397 1301 4461 Aug.
1317 4396 1443 4454 Goerenz
1455 4392 1488 4443 ad

240 4483 266 4535 b.
284 4486 301 4537 Ι.
320 4502 355 4536 ex
372 4485 483 4537 editione
509 4483 549 4536 Μ.
571 4481 602 4533 Τ.
628 4479 760 4532 Ciceronis
781 4477 1027 4546 philosophicorum
1049 4482 1177 4542 amnium,
1200 4497 1282 4548 quam
1303 4478 1349 4530 ille
1375 4478 1487 4533 curavit,

243 4570 297 4622 Vol.
315 4571 339 4622 1.
359 4569 478 4638 (Llpsiae
497 4575 522 4618 et
539 4565 655 4619 Londitu
675 4565 810 4631 1809.·8.)-
823 4583 853 4632 p.
875 4569 931 4617 lll.
952 4563 1035 4615 Cana.
