3122 5162
468 359 707 433 ursmarus
732 359 895 434 daurons.
938 359 946 368 '
1241 368 1314 436 767

69 543 173 626 senius
186 539 371 620 desonam.
390 537 426 600 V.
438 558 474 620 p.
487 536 559 603 480.
581 535 878 605 condemnationis
894 535 1093 618 sententiam
1114 539 1316 620 pronuncia·-

68 661 152 716 turus
166 649 317 728 Praetor,
340 651 545 730 praetextam
561 665 689 728 ponere
711 643 859 725 solebat,
875 651 960 710 teste
976 643 1156 708 Plutarcho
1177 645 1210 708 in
1229 647 1314 710 Cice·

67 780 142 822 torre
158 779 182 820 c.
195 755 226 819 9.
247 775 310 820 nec
335 753 444 818 verba·
461 750 566 818 solum
590 733 688 816 antea
708 751 815 816 relata
840 751 1056 835 proferebat,
1079 772 1191 816 verum
1215 754 1314 818 etiam

66 882 190 952 poenae
225 870 260 952 et
290 859 446 945 supplicii
471 879 714 952 nonnumquam
743 860 888 925 faciebat
915 859 1137 941 mentionem,
1168 861 1315 944 quamvis

67 973 162 1040 etiam
177 969 356 1054 aliquando
374 989 447 1032 eam
466 968 759 1056 praetermitteret,
776 976 811 1033 et
826 969 868 1032 ad
884 967 986 1052 ipsam
1001 989 1036 1032 se
1047 966 1189 1031 referret
1202 967 1314 1051 legem
1398 951 1408 974 ⁸

65 1082 103 1144 h.
118 1080 145 1144 1.
159 1079 186 1162 5.
200 1077 231 1140 4.
245 1079 287 1140 D.
303 1077 346 1154 od
362 1075 481 1140 sotum
500 1076 738 1158 luminatum.

491 1337 616 1407 Repetite
634 1355 742 1393 casurae
760 1341 879 1409 coynitio.

145 1440 325 1507 Absolutus
340 1461 415 1508 rous
434 1437 565 1504 domum
581 1461 616 1504 se
631 1441 828 1526 recipiebat,
844 1440 1020 1526 positoque
1036 1439 1170 1506 sordido
1187 1441 1314 1522 habitu,

64 1551 248 1618 resumebat
269 1557 382 1632 togam
404 1547 513 1610 albam
528 1551 573 1630 ι),
594 1556 632 1611 ut
643 1542 780 1632 adparet
797 1568 840 1611 ex
862 1548 1017 1632 exemplo
1034 1549 1205 1613 Ciceronis
1227 1549 1315 1633 apud
1391 1591 1394 1597 -

64 1656 273 1724 Plutarchum
295 1657 328 1718 in
347 1656 492 1718 Oieerone
511 1677 536 1716 e.
551 1654 582 1717 9.
604 1655 640 1746 Si
666 1678 733 1719 non
752 1655 987 1738 absolutionis,
1010 1657 1069 1719 sed
1092 1657 1316 1741 ampliationis

65 1775 189 1831 tantum
209 1762 427 1850 pronunciata
444 1771 530 1826 esset
545 1763 727 1826 sententia:
750 1762 860 1827 denuo
883 1765 1040 1848 cognosci
1063 1786 1175 1828 caussa
1200 1763 1241 1827 ab
1264 1765 1316 1829 in-

66 1884 161 1958 tegro
184 1869 316 1936 solebat
331 1869 398 1933 alio
415 1868 482 1952 die,
498 1892 595 1954 quem
611 1869 754 1935 Praetor
770 1872 930 1936 arbitratu
946 1893 1004 1936 suo
1020 1873 1196 1937 statuebat.
1219 1871 1316 1935 Tunc

65 1983 181 2046 iterum
206 1978 332 2065 primus
352 1976 484 2041 dicebat
510 1977 701 2070 adcusator,
726 1987 761 2044 et
783 1979 905 2042 deinde
933 1989 1109 2064 patronus,
1136 2001 1202 2065 quo
1225 1979 1315 2044 sacto

68 2089 174 2152 denuo
187 2088 221 2151 in
232 2085 403 2150 consilium
415 2085 631 2148 mittebantur
639 2087 781 2170 judices,
793 2088 894 2172 idque
906 2109 947 2150 eo
963 2109 1067 2172 usque
1084 2087 1196 2170 fiebat,
1208 2087 1316 2151 donec

66 2218 177 2261 caussa
198 2195 237 2258 ad
259 2193 421 2278 liquidum
446 2192 604 2278 perducta
627 2203 714 2258 esset
728 2193 772 2274 l³).
801 2193 977 2278 Denique,
1001 2195 1222 2277 condemnato
1245 2215 1315 2276 reo,

62 2315 121 2371 aut
137 2303 355 2368 Tribunorum
378 2299 616 2384 implorabatur
631 2299 807 2382 auxilium,
824 2304 914 2387 anus
936 2301 985 2364 rei
1010 2301 1165 2386 exempla
1185 2308 1316 2365 exstant
1419 2327 1425 2334 ·

61 2413 151 2500 apud
166 2409 378 2476 Plutarchum
392 2409 425 2472 in
444 2407 580 2472 Caesare
590 2431 615 2470 c.
626 2409 657 2472 2.
667 2430 729 2492 sqq.
744 2409 850 2471 Cicer.
870 2410 958 2471 Orat.
968 2431 1028 2490 pro
1038 2411 1078 2471 P.
1094 2411 1220 2485 Quintio
1230 2407 1315 2471 020.
1390 2491 1392 2498 .

60 2529 119 2586 aut
140 2518 263 2583 Consul
285 2518 374 2603 ipse,
393 2516 449 2581 vel
470 2516 553 2580 alius
573 2518 716 2581 Praetor
736 2515 983 2596 intercedebat,
1005 2517 1053 2580 uti
1076 2524 1169 2602 patet
1191 2536 1233 2578 ex
1255 2537 1315 2578 ex-

59 2630 179 2715 emplis
195 2625 283 2713 apud
301 2624 474 2700 Valerium
490 2625 579 2690 Max.
605 2628 673 2689 VII.
688 2626 718 2688 7.
733 2625 764 2689 6.
780 2633 835 2688 aut
855 2623 895 2687 lis
920 2625 952 2689 ei
974 2623 1220 2705 aestimabatur,
1242 2623 1316 2687 vel-

57 2739 109 2800 uti
132 2735 308 2821 injudicio
328 2732 600 2818 repetundarum,
622 2725 678 2797 aut
696 2735 768 2818 ipsa
789 2734 990 2820 sequebatur
1006 2733 1257 2817 animadversio,
1280 2742 1314 2796 et
1410 2774 1421 2784 -

55 2866 135 2910 reus
150 2844 184 2906 in
206 2864 348 2927 poenam
371 2839 514 2924 aliquam
531 2839 820 2906 condemnabatur.
842 2841 917 2904 Lite
934 2841 1118 2924 aestimata,
1135 2851 1191 2905 aut
1213 2862 1315 2926 pecu·
1338 2831 1342 2836 ⁸

54 2953 115 3017 nia
132 2949 293 3015 solvenda
314 2957 401 3030 erat,
417 2956 473 3012 aut
489 2968 561 3010 eam
584 2969 756 3030 summam,
779 2948 968 3032 proscriptis
985 2947 1054 3034 ejus
1075 2950 1183 3031 bonis,
1205 2958 1315 3012 secto-

53 3082 111 3124 res
135 3059 309 3122 curabant:
331 3055 453 3121 Ascon.
468 3052 636 3118 Pedianus
653 3061 685 3118 trs
709 3051 851 3118 Prooem.
867 3058 1007 3119 Actionis
1027 3063 1060 3120 r'rr
1081 3058 1210 3121 Verrem
1224 3079 1250 3119 o.
1262 3055 1313 3122 13.

45 3191 85 3252 p.
104 3167 158 3230 60.
181 3165 234 3230 De
250 3165 385 3250 poenis,
404 3152 519 3250 quales
540 3162 665 3228 fuerint
683 3162 772 3248 apud
795 3172 924 3227 veteres
932 3211 942 3248 ,
958 3163 1028 3248 jam
1051 3185 1149 3250 supra
1163 3167 1240 3231 satis
1261 3188 1313 3230 su-

50 3295 188 3360 perque
204 3274 324 3339 dictum
342 3281 401 3336 est.

636 3397 665 3478 ς.
687 3395 738 3459 34.

458 3512 556 3572 Qualia
565 3511 676 3579 suerint
683 3513 789 3581 judicio
802 3513 918 3582 populi?

142 3615 315 3680 Sufficiant
331 3613 415 3679 haec
431 3613 472 3676 de
489 3613 624 3699 judiciis
646 3613 795 3698 publicis.
816 3614 984 3680 Addenda
1006 3613 1166 3680 nonnulla
1189 3614 1231 3679 de
1254 3631 1311 3680 Ju-

45 3737 163 3787 nrcns
186 3727 371 3804 soponit),
395 3745 479 3807 quae
505 3729 540 3785 et
566 3722 637 3807 ipsa
666 3722 859 3807 plerumque
889 3724 930 3787 ad
953 3723 1150 3788 vindicanda
1176 3723 1312 3810 crimina
1371 3759 1373 3764 ·

43 3840 248 3916 comparata
271 3825 413 3902 fuerunt.
434 3829 574 3894 Publica
590 3831 678 3894 enirn
693 3829 822 3917 judicia
843 3830 892 3894 de
907 3831 947 3896 iis
969 3831 1225 3898 instituebantur
1247 3834 1310 3898 cri-

123 4037 160 4105 a)
181 4038 294 4090 Licebat
309 4043 374 4090 tunc
390 4050 438 4088 rao
456 4033 583 4088 absoluto
596 4042 690 4090 eontra
704 4038 896 4092 adcusatorem
913 4038 956 4090 vel
973 4037 1124 4092 nalrmrniae
1141 4039 1183 4092 vel
1198 4055 1310 4106 praeva-

36 4121 198 4178 ricationis
220 4122 362 4176 instituere
380 4118 529 4183 actionem,
553 4121 587 4173 de
605 4123 704 4190 quibus
722 4125 808 4177 multa
825 4122 1024 4198 iureconsulti.=
1046 4123 1126 4176 Adde
1144 4123 1205 4176 Car.
1229 4124 1309 4192 Sipo-
1418 4168 1423 4174 .

31 4208 130 4266 mum
151 4208 185 4260 de
202 4207 315 4261 Juds'es's's
333 4207 374 4260 IL
392 4211 434 4261 26.
448 4225 478 4276 p.
495 4209 556 4259 600.
573 4223 610 4274 sq.
628 4208 708 4276 Herm
726 4211 798 4264 Add.
815 4210 924 4278 Frepm.
942 4209 1005 4276 Lep.
1019 4206 1114 4262 Seruii.
1132 4223 1190 4274 esp.
1204 4214 1247 4264 22.
1265 4226 1307 4277 ap.

34 4297 162 4348 chnze
181 4309 208 4361 p.
226 4297 268 4348 89.
286 4297 328 4348 90.
347 4298 374 4346 ct
391 4292 457 4348 ibid.
476 4309 503 4357 p.
522 4295 546 4344 6.
564 4297 620 4344 not.
641 4296 681 4344 16.
699 4310 726 4359 p.
745 4299 788 4348 67.
806 4301 861 4348 not.
878 4299 905 4348 4.
925 4293 1010 4348 meu.

120 4380 159 4447 b)
180 4381 224 4432 De
241 4377 296 4432 reis
313 4377 450 4446 ampliatis
467 4376 521 4430 vid.
540 4376 650 4430 Perellii
668 4377 685 4430 t.
698 4377 715 4429 t.
729 4383 757 4430 ct
774 4379 890 4432 Erhasdi
902 4381 973 4433 Dim.
993 4379 1064 4434 laud
1077 4379 1113 4432 ad
1123 4379 1144 4446 t.
1161 4383 1204 4434 ³0.
1217 4377 1308 4435 Haut.

118 4464 155 4534 c)
176 4465 221 4517 De
240 4465 335 4519 ordine
349 4463 517 4534 judiciorum
534 4462 631 4530 pepuli
642 4463 772 4516 Dukerus
784 4464 821 4515 ed
833 4465 890 4516 Lis.
905 4464 1017 4520 XXVI.
1035 4482 1058 4518 o.
1075 4469 1100 4518 3.
1112 4466 1133 4541 ς.
1150 4470 1175 4520 8.
1192 4469 1217 4520 9.
1230 4467 1306 4518 Tom.

32 4551 95 4603 ΙΙΙ.
116 4566 148 4616 p.
170 4555 247 4604 1056.
266 4550 353 4606 Haut.
371 4546 559 4605 Schmiedicke
577 4549 649 4604 Dias.
669 4547 740 4601 laud.
757 4567 780 4602 c.
794 4552 819 4602 4.
837 4563 864 4614 p.
881 4552 923 4602 54.
941 4564 1002 4617 sqq.
1021 4548 1108 4604 Miihl.
