3056 5154
517 385 822 458 'liadorrosmua
1227 397 1298 470 aa}

25 561 208 632 Tribunal
222 563 255 646 ¹¹)
275 572 346 628 erat
364 561 457 628 locus
481 561 698 648 amplissimus
720 573 755 628 et
776 563 967 648 spectabilis
990 564 1024 628 in
1043 566 1129 649 iero,
1142 568 1223 632 'iere
1238 567 1300 632 be-

25 673 176 758 micycli
194 674 305 758 specie
327 674 502 737 introrsum
518 680 691 753 susumus,
710 672 745 735 in
762 694 828 757 quo
846 672 878 736 in
904 671 988 736 sella
1004 673 1107 738 curuli
1123 675 1154 756 ¹)
1172 677 1300 760 pracsi-

25 783 124 844 dens
145 782 289 846 Praetor
309 801 437 844 caussas
463 782 694 864 cognoscebat.
717 778 888 844 Vitruvius
908 782 947 842 de
968 784 1191 844 Architectura
1215 784 1250 846 V.
1270 783 1299 847 l.

25 891 58 971 §-
79 889 116 950 8.
141 890 218 950 Item
239 890 379 951 tribuual
401 897 448 950 est
468 891 501 949 iu
523 909 561 949 ea
586 889 664 949 aede
686 887 848 968 hemicycli
861 889 1025 951 schematis
1046 895 1165 952 minore
1187 911 1300 952 curua-

25 1007 118 1058 tura
127 997 326 1074 somatum:
345 997 414 1078 ejus
433 1004 539 1056 autem
556 995 717 1074 bernicycli
729 998 762 1055 in
771 995 884 1072 fronte
902 1005 948 1057 est
970 999 1169 1058 intervallum
1181 998 1298 1078 pedam

25 1105 258 1184 quandraginta
275 1123 345 1181 sea,
364 1106 520 1164 introrsus
537 1111 712 1163 curvatura
726 1101 841 1182 pedum
861 1091 1049 1183 quindecim,
1067 1107 1129 1175 uti,
1147 1105 1203 1182 qui
1214 1105 1302 1184 apud

25 1213 253 1292 magistratus
278 1219 417 1278 starent,
440 1212 635 1290 negotiantes
655 1213 687 1283 iu
706 1210 834 1271 basilica
853 1229 894 1270 ne
914 1209 1106 1291 riripedirent.
1130 1209 1229 1272 Unde
1247 1209 1299 1273 la-

27 1325 113 1379 tera
130 1315 187 1378 vel
203 1325 351 1379 extrema
367 1317 462 1400 hujus
478 1326 671 1378 curvaturae
689 1336 809 1377 cornua
824 1315 1162 1399 adpellanturTacito
1179 1319 1298 1380 Anaol.

29 1427 57 1484 I.
74 1423 132 1486 ¹75.
150 1423 239 1487 Hinc
255 1423 417 1486 Martialis
433 1423 663 1506 Epigrammata
680 1424 737 1486 XI.
751 1421 802 1484 98.
818 1444 845 1484 a.
861 1424 911 1486 10.
927 1443 991 1506 sqq.

281 1547 354 1609 Nou
377 1557 408 1608 te
428 1547 558 1608 cucullis
580 1547 708 1608 adseret
727 1557 821 1628 caput
843 1556 968 1621 tectum,

281 1653 405 1716 bactrica
427 1675 484 1714 nee
505 1663 535 1715 te
557 1664 627 1715 tuta
644 1655 739 1734 pelle,
761 1655 896 1734 veloque,

281 1759 349 1824 Nec
368 1739 536 1824 erudicabit
554 1763 633 1822 sella
653 1763 779 1842 saepius
801 1763 899 1822 cluse.

234 1889 237 1896 ⁴
280 1869 391 1930 librtas
408 1889 468 1950 per
489 1889 593 1930 omnes
615 1869 751 1930 basiator
773 1868 921 1930 intrabit.-

280 1975 568 2038 Nouuonsutauu
589 1979 664 2056 ipse,
686 1995 748 2036 aaa
773 1975 973 2050 l'ribursalua

281 2083 436 2164 Saeeique
448 2083 568 2160 fasces,
591 2103 648 2143 nec
669 2083 805 2162 superba
825 2084 956 2145 clamosi

281 2191 413 2251 Lictoris
436 2191 537 2270 abiget
559 2192 651 2270 uirga
672 2189 868 2250 basiatorem.

277 2297 399 2360 ’Sedeas
422 2301 455 2358 irs
477 2317 559 2358 aare
581 2305 617 2356 tu
638 2297 708 2356 licet
731 2313 936 2367 resonarunt,

279 2402 325 2467 Iit
345 2427 363 2466 e
383 2407 516 2466 cusunr'
525 2405 608 2485 jure
628 2403 773 2484 gentibus
794 2401 930 2462 reddas:

280 2512 460 2574 Adscendet
480 2513 534 2573 illa
555 2511 703 2582 basiator,
725 2511 903 2590 atque'illu.

38 2637 142 2716 Quod
162 2634 308 2699 tribunal
328 2617 414 2700 adeb
439 2635 607 2719 proprium
629 2642 700 2698 erat
719 2631 964 2718 magistratibus
983 2632 1144 2697 Romanis
1162 2635 1295 2721 majori·

39 2747 118 2826 bus,
134 2751 171 2806 ut
186 2745 228 2808 ab
245 2764 286 2806 co
301 2742 401 2826 plane
417 2741 646 2806 abstinendum
665 2750 753 2805 esset
769 2741 1012 2825 magistratibus
1032 2741 1294 2826 municipiorum,

38 2854 121 2940 quin
138 2861 173 2915 et
187 2851 366 2914 minoribus
379 2849 622 2932 magistratibus
636 2847 872 2930 Romanorum,
885 2847 988 2914 voluti
1001 2848 1157 2913 Tribunis
1172 2849 1293 2933 plebis,

38 2959 247 3040 Triumviris,
263 2955 513 3038 Quaestoribus,
531 2955 654 3040 quippe
671 2955 775 3040 quiin
792 2955 956 3018 subselliis
973 2964 1098 3020 tanturn
1109 2957 1163 3040 jus
1180 2956 1307 3043 dicere¹

38 3067 210 3132 solebant:
235 3065 405 3152 [*Ascon.
422 3063 589 3128 Pedianus
604 3065 637 3124 in
656 3063 716 3126 Cic.
734 3061 872 3126 Diviuat.
892 3085 917 3124 c.
934 3061 984 3124 15.
998 3086 1030 3146 p.
1047 3063 1098 3127 321.
1117 3067 1164 3128 ed.
1183 3071 1217 3128 L.
1237 3065 1292 3152 B.]

38 3177 130 3240 unde
155 3183 188 3238 et
213 3173 428 3259 municipales
451 3172 659 3256 magistratus
677 3171 817 3252 perlauei
829 3170 954 3250 judices
973 3180 1132 3236 vocantur
1148 3196 1167 3234 a
1184 3173 1291 3236 Paulo

39 3286 78 3346 L.
96 3281 146 3345 38.
164 3283 193 3364 §.
211 3281 262 3343 10.
280 3285 322 3345 D.
339 3285 378 3345 de
393 3285 490 3344 Poen.
512 3281 565 3342 Ex
580 3299 646 3362 quo
667 3275 761 3340 simul
778 3275 931 3359 adparet,
947 3295 1011 3360 pro
1027 3277 1190 3341 subselliis
1206 3281 1293 3342 acci-

113 3553 144 3620 b)
164 3551 294 3606 Tribunal
316 3552 375 3620 jam
393 3553 541 3607 Romulum
566 3552 678 3606 terroris
704 3549 853 3604 incutiendi
877 3565 976 3602 caussa
1001 3548 1154 3612 invenisse,
1178 3555 1291 3604 testatur

40 3638 193 3706 Dionysius
210 3637 349 3690 Habeam.
370 3640 509 3707 Antiquitt.
528 3640 607 3693 Rom.
620 3638 661 3690 ΙΙ.
679 3641 721 3690 29.
740 3637 820 3688 Heia.
845 3635 907 3688 Gur.
925 3637 1004 3689 Ferd.
1022 3635 1171 3689 Hommelii
1189 3637 1241 3688 Pr.
1260 3636 1292 3686 cle

31 3727 130 3794 forma
149 3721 288 3775 tribunalis
305 3731 331 3774 et
352 3725 487 3793 mrp'sslats
507 3724 657 3777 Prsietoris.
676 3721 750 3788 Lips.
769 3725 845 3776 1763.
863 3726 889 3774 4.
907 3725 934 3772 et
951 3723 986 3774 ad
1009 3723 1111 3774 calcem
1128 3721 1190 3774 edd.
1209 3721 1291 3774 xlii.

41 3815 69 3863 et
87 3809 166 3863 XIV.
184 3809 291 3877 Autiqq.
311 3808 426 3860 Itomae.
447 3809 520 3862 Guil.
538 3809 623 3862 chr.
643 3805 923 3873 Nicopoorti.1iaub.
949 3807 992 3860 Cf.
1011 3807 1138 3871 Hollueg
1158 3805 1292 3857 Gericlsu-

41 3894 199 3962 nerfassuup
216 3894 261 3945 der
279 3893 421 3946 autentim
440 3893 519 3946 Ilbm.
539 3895 638 3948 lteiclss
655 3894 676 3961 ἓ.
697 3897 737 3966 lb.
755 3890 843 3945 Mill.
1299 3917 1304 3924 ·

111 3978 135 4045 i)
155 3979 318 4044 Augustum,
336 3979 442 4030 adiecta
460 3979 613 4032 valetudine
619 4018 628 4045 ,
646 3978 674 4032 in
692 3979 787 4033 lectica
803 3995 820 4030 e
837 3977 966 4032 tribunali
980 3976 1028 4044 jus
1046 3976 1158 4040 dixisse,
1178 3979 1291 4027 testatur
1389 3969 1392 3974 ’
1457 3959 1459 3964 ’

42 4061 190 4118 Suetonius
213 4062 303 4116 Oetae.
321 4065 432 4132 August.
450 4081 473 4116 c.
491 4066 535 4114 33.
561 4065 659 4117 Forma
676 4065 759 4118 sellae
776 4063 877 4116 carobs
896 4063 925 4115 in
949 4062 1038 4116 numis
1056 4061 1205 4113 innumeris
1226 4075 1291 4112 con-

42 4149 163 4217 spicitur.
195 4149 263 4202 Erat
286 4165 319 4202 ca
336 4147 488 4202 eommunis
506 4147 707 4213 magistratibus
726 4149 889 4216 majoribus,
907 4152 1096 4217 praeterquam
1115 4147 1190 4213 quod
1206 4146 1291 4197 Prae-

42 4238 129 4288 fectus
156 4234 292 4300 practorio
316 4239 445 4300 carpento
471 4249 522 4300 pro
549 4235 616 4286 sella
640 4233 727 4286 curuli
744 4240 888 4287 'uteretors
914 4231 1090 4304 [*Ammian.
1105 4229 1290 4308 ,Masccliinns

44 4324 111 4375 Rer.
129 4326 227 4389 pestes.
246 4319 327 4372 XVI.
347 4318 400 4390 10.]
429 4320 468 4392 Cf.
487 4318 563 4372 Petri
580 4319 662 4371 Fabri
683 4319 805 4372 Semestr.
823 4320 847 4372 Ι.
864 4323 889 4371 3.
904 4337 934 4388 p.
955 4323 995 4372 lb.
1018 4319 1081 4371 lam
1104 4322 1165 4370 ante
1183 4315 1294 4376 Messa2

43 4407 113 4461 linae
136 4401 296 4470 permiserat
320 4411 444 4469 senatus,
464 4413 493 4458 nt
512 4409 641 4473 carpento
665 4409 799 4457 curetur:
826 4404 973 4458 Suetonius
995 4403 1089 4457 Claud.
1108 4423 1129 4457 c.
1150 4408 1190 4456 11.
1208 4403 1247 4454 1⁷.
1266 4405 1292 4450 ct
1363 4428 1366 4436 ·

42 4489 217 4559 Agrippinae,
235 4496 304 4544 teste
321 4491 420 4544 Dione.
447 4492 520 4546 Olim
534 4496 562 4545 et
580 4488 729 4558 virginibus
744 4490 901 4544 Vestalibus
919 4489 947 4543 id
962 4489 1010 4555 jus
1028 4495 1093 4552 erat,
1112 4495 1179 4542 teste
1197 4485 1309 4553 Lipsie-

43 4580 74 4630 de
101 4577 193 4630 Vestal.
216 4576 271 4632 ΧΙ.
289 4577 367 4630 Helu.
758 4593 760 4596 ·
1281 4574 1285 4587 ’
