3080 5154
205 409 252 474 72
677 397 751 465 Lm.
778 396 805 462 l.
830 395 911 462 Tm.
937 393 981 462 ll.
1070 433 1072 438 ,

206 579 264 640 III.
284 576 333 638 15.
359 575 394 638 V.
410 576 441 636 4.
462 575 550 637 VIII.
562 574 613 636 11.
636 573 695 634 IX.
715 570 746 632 7.
770 579 805 634 et
827 572 917 656 apud
939 571 1069 634 Livium
1089 571 1218 654 passim.
1240 569 1314 632 Nec
1333 567 1462 633 licebat

206 684 403 748 Consulibus
419 683 635 766 interpellare
651 679 971 764 dicentes,quamvis
985 678 1096 741 aliena
1112 678 1214 741 multa
1224 677 1461 758 immiscerent,

206 793 296 878 quod
312 794 390 856 data
408 813 511 875 opera
526 811 772 874 nonnumquam
784 789 962 870 faciebant,
977 769 1033 873 qui
1048 785 1375 850 Senatusconsultum
1386 785 1461 848 lieri

205 901 336 964 nollent
349 904 397 980 ¹f).
420 899 640 977 Quumenim
660 905 738 960 ante
762 905 796 960 et
820 903 895 981 post
920 915 1069 960 occasum
1093 893 1174 957 solis
1195 893 1280 957 illud
1302 894 1375 956 fieri
1391 915 1461 957 non

205 1017 336 1094 posset:
363 1007 452 1071 Gell.
469 1007 559 1068 XIV.
572 1005 603 1067 7.
625 1004 779 1068 solebant
793 1007 873 1066 diem
891 1006 1020 1068 dicendo
1035 1007 1182 1086 camere,
1196 1002 1252 1066 vel
1270 1012 1391 1066 noctem
1401 1023 1463 1084 po-

206 1120 338 1190 stulare,
364 1124 400 1180 ut
415 1115 462 1178 ita
481 1136 518 1176 re
541 1113 667 1177 infecta
688 1113 923 1178 discedendum
943 1119 1028 1175 esset
1047 1111 1202 1174 Senatui:
1227 1110 1346 1174 Cicero
1358 1111 1463 1192 Epr'st.

205 1225 250 1285 ad
266 1225 370 1300 Quiet.
389 1225 498 1285 marr.
515 1223 557 1283 II.
573 1221 602 1282 l.
624 1223 725 1304 Epist.
745 1222 790 1283 ad
810 1223 877 1284 Art.
899 1219 1000 1282 IV.2.
1026 1219 1114 1282 Gell.
1128 1219 1185 1281 IV.
1203 1218 1253 1282 10.
1283 1219 1349 1297 Qui
1364 1217 1464 1302 plura

206 1330 316 1414 capita
336 1352 401 1394 uua
422 1331 573 1393 oratione
589 1329 884 1415 complectebatur,
898 1327 925 1390 is
937 1325 1120 1410 jubebatur
1131 1344 1292 1391 nwtnnnn
1311 1341 1463 1390 scurnu-

148 1461 150 1466 ·
205 1455 307 1502 riam:
328 1437 396 1500 Cic.
418 1439 462 1500 ad
479 1439 550 1500 Dia.
565 1440 590 1499 I.
605 1438 635 1500 2.
651 1459 713 1520 pro
729 1438 845 1499 Milone
860 1436 890 1500 6.
909 1435 1027 1498 Senec.
1045 1437 1145 1516 lopiac.
1164 1434 1215 1497 21.
1241 1434 1308 1512 Qui
1325 1433 1463 1497 alterius

206 1547 402 1610 sententiam
420 1547 653 1629 sequebantur,
671 1560 854 1609 nnsunrnu
872 1565 907 1606 se
921 1543 1020 1606 unico
1036 1544 1141 1606 verbo
1157 1543 1301 1627 ajebant.
1330 1543 1377 1606 Et
1397 1542 1464 1604 hoc

206 1662 279 1718 erat
290 1657 381 1718 aerbo
395 1656 557 1728 adsentiri,
579 1653 668 1740 quod
688 1652 868 1737 opponitur
893 1650 990 1714 alteri
1008 1659 1100 1715 muto
1116 1650 1280 1734 adsensul,
1305 1672 1372 1736 quo
1390 1650 1465 1736 quis

201 1764 335 1846 pedibas
351 1764 413 1823 ibat
426 1765 459 1824 r'rr
471 1765 602 1839 alterius
617 1764 810 1833 sententiam.
832 1759 1016 1843 Utramque
1028 1757 1258 1844 loquutionem
1264 1758 1380 1844 jungit
1390 1758 1466 1822 Liv.

142 1866 151 1872 ”
205 1845 362 1934 XXVII.
377 1869 428 1932 34.
442 1869 480 1930 L.
503 1867 653 1931 Veturius
667 1878 699 1930 et
714 1870 753 1930 P.
765 1868 905 1930 Lr‘cr‘rrius
922 1869 1071 1930 Censores
1088 1889 1157 1930 eum
1176 1870 1307 1940 tonderi,
1322 1876 1354 1929 et
1367 1887 1468 1947 squa-

206 1981 300 2040 lorem
316 1978 478 2058 deponere,
491 1986 520 2040 et
534 1981 565 2038 r'rr
574 1977 736 2052 ,Senatum
751 1981 865 2050 venr‘re,
874 1977 1036 2058 fungique
1051 1979 1122 2038 altis
1133 1977 1266 2059 publicis
1281 1961 1469 2038 muneratas

206 2092 384 2166 coegerant.
407 2085 472 2146 Sed
487 2095 552 2146 tum
567 2105 688 2166 qaoque
707 2093 765 2145 aut
778 2084 870 2146 aerbo
885 2084 1129 2158 adsentiebatur,
1141 2093 1199 2146 aet
1207 2084 1338 2166 pedibas
1350 2085 1384 2142 r'n
1395 2104 1469 2156 serr·

207 2196 337 2254 tentiam
352 2193 425 2254 ibat.
447 2191 702 2275 Nonnumquam
726 2213 792 2254 non
810 2191 944 2255 omnino
969 2192 1219 2255 adsentiebatur
1239 2191 1311 2279 quis
1328 2199 1471 2254 senten-

207 2300 261 2363 tiis
283 2309 382 2364 antea
400 2301 506 2383 dictis,
522 2300 580 2364 sed
600 2299 727 2386 aliquid
743 2310 920 2384 praeterea
941 2300 1129 2364 addendum
1151 2301 1319 2382 censebat,
1339 2307 1376 2363 et
1387 2307 1471 2363 tunc

207 2411 363 2472 utebatur
388 2408 548 2473 formula:
583 2424 737 2472 snavmro
758 2425 963 2491 Ansnurron,
991 2426 1035 2471 nr
1058 2407 1127 2472 noc
1149 2399 1299 2474 suenrus
1325 2423 1471 2472 censae.

210 2516 329 2580 Cicero
347 2518 483 2598 Philipp.
501 2517 593 2578 XIII.
602 2515 653 2578 21.
669 2519 698 2597 ⁸)

786 2647 815 2730 ἓ.
836 2647 887 2708 ao.

494 2763 688 2816 Proncaciats'o
705 2764 893 2816 sententiarum
903 2762 1036 2834 factaque
1056 2764 1186 2818 dr'scersa‘o.

294 2864 403 2930 Dictis
416 2865 561 2950 denique
573 2865 754 2949 sententiis,
770 2865 921 2928 Consulis
935 2873 1008 2929 erat
1019 2866 1073 2930 vel
1086 2865 1307 2950 pronunciare
1320 2864 1474 2950 aliquam

210 2973 266 3038 vel
290 2995 345 3036 eas
371 2975 586 3058 supprimere.
618 2975 758 3038 Licebat
787 2973 819 3035 ei
846 2974 880 3036 in
907 2981 1001 3040 tanta
1024 2974 1187 3038 varietate
1215 2973 1473 3056 sententiarum,

211 3104 323 3146 earum
339 3091 490 3146 auctores
511 3092 546 3146 et
567 3084 733 3168 principes
756 3081 869 3164 edere,
886 3082 1049 3167 simulque
1061 3083 1193 3167 jubere,
1216 3082 1410 3167 utquisque
1429 3104 1476 3148 ex

211 3191 437 3276 pronunciatis
453 3193 626 3256 sententiis
644 3213 742 3255 unam
759 3189 1024 3274 amplecteretur.
1045 3192 1090 3255 Et
1109 3191 1143 3255 id
1162 3191 1225 3254 sibi
1242 3190 1314 3253 vult
1332 3189 1476 3254 sollem÷

212 3301 262 3362 nis
279 3298 339 3363 illa
357 3300 525 3386 loquutio:
552 3316 791 3364 PRONUNcmRn
808 3288 1044 3381 SENTENTIAM,
1062 3298 1149 3383 apud
1171 3298 1322 3361 Ciceron.
1336 3301 1382 3360 ad
1396 3300 1476 3362 Die.

213 3409 255 3479 X.
269 3407 320 3469 12.
336 3409 359 3468 I.
375 3408 405 3471 2.
427 3408 595 3491 Formula,
610 3429 676 3492 qua
694 3416 772 3471 tunc
786 3410 940 3472 utebatur
958 3406 1096 3489 Consul,
1108 3407 1192 3478 baec
1204 3415 1292 3470 erat:
1307 3424 1367 3483 Qur
1382 3423 1482 3471 Hanc

195 3517 199 3525 ’
214 3531 383 3599 susurris,
402 3533 438 3578 IN
460 3531 553 3579 Hane
570 3532 719 3597 rsn'rnm,
738 3507 1285 3599 QU1AL1AOMN1A,1N11.LAM1TR,
1305 3531 1373 3591 Qun
1391 3531 1483 3580 surt-

283 3738 312 3805 r)
329 3739 415 3789 Erant
432 3741 459 3789 ct
477 3737 547 3789 aliae
564 3741 644 3803 artes,
658 3739 758 3807 quibus
777 3741 849 3794 sce
865 3738 1049 3807 impediebant
1067 3741 1220 3792 Senatores.
1238 3739 1385 3792 Posbrlare
1402 3739 1485 3793 enlm

215 3827 355 3889 poterant,
372 3831 403 3876 at
419 3823 618 3876 consulerentur
635 3825 744 3893 sinyalr',
758 3828 813 3890 vel,
831 3825 856 3878 si
873 3831 914 3878 tot
930 3833 987 3878 nou
1004 3826 1130 3878 adessent
1147 3829 1294 3889 senatores,
1309 3830 1379 3893 quot
1395 3841 1486 3891 prae·

152 3937 156 3944 ·
217 3908 338 3960 sentibus
357 3907 455 3960 licebat
465 3909 596 3974 perscribi
609 3910 660 3963 SC.
680 3907 846 3962 clamabant:
864 3928 975 3963 numera
989 3909 1123 3966 Senamm.
1149 3913 1247 3964 Festus
1265 3910 1317 3962 sub
1335 3909 1387 3960 hac
1409 3925 1487 3964 voce

215 4011 243 4062 p.
261 3996 320 4044 338.
336 3992 446 4045 Coelius
465 3994 539 4059 apud
557 3995 613 4048 Cic.
631 3997 716 4064 Epist.
738 3995 816 4048 VIII.
836 4002 876 4049 ll.
895 3997 946 4050 SC.
964 3996 1036 4048 enim
1053 3996 1162 4064 ajusto
1179 3994 1354 4062 paucioribus
1372 3995 1485 4049 factum

217 4096 267 4145 per
285 4093 502 4135 rsrnaeusurmrr
519 4096 626 4134 sacrun
645 4080 793 4143 dicebatur,
812 4086 839 4133 et
855 4081 962 4134 irritum
979 4087 1044 4134 erat.
1063 4082 1121 4133 Liv.
1139 4095 1260 4134 xxxvru.
1277 4085 1320 4133 44.
1338 4081 1487 4146 Tempore

219 4165 359 4218 Ciceronis
378 4163 486 4216 ducenti
504 4173 641 4218 senatores
661 4169 827 4234 frequentem
851 4175 975 4222 senatum
992 4167 1156 4222 constituere
1173 4166 1350 4219 videbantur:
1378 4164 1486 4220 Cicero

219 4251 255 4302 ad
266 4251 309 4308 Q.
327 4249 419 4303 Fratr.
440 4252 523 4321 Epist.
543 4251 584 4305 II.
604 4259 626 4304 l.
645 4253 747 4304 Postea
764 4264 840 4318 cccc,
860 4256 934 4322 quod
953 4255 1090 4306 sublatum
1113 4252 1148 4303 ab
1165 4253 1304 4318 Anguste:
1322 4249 1379 4302 Dio
1398 4252 1487 4306 Cass.

219 4335 296 4388 LIV.
307 4339 349 4388 35.
367 4336 415 4404 qui
433 4343 522 4390 tamen
541 4343 670 4404 sequente
681 4336 751 4389 libro
761 4355 783 4390 c.
795 4342 820 4390 3.
831 4339 966 4390 eumdem
983 4340 1138 4404 Augustam
1152 4337 1314 4390 Senatorum
1331 4350 1488 4392 numerum

221 4422 371 4474 secundum
390 4423 510 4489 singulas
530 4421 596 4475 scti
612 4423 713 4474 formas
732 4422 887 4478 definivisse
904 4424 950 4478 ait.
967 4417 1048 4478 Heia.

156 4501 160 4506 ’
290 4507 319 4574 s)
339 4507 495 4575 Aliquando
520 4507 602 4559 etiam
619 4507 648 4560 in
665 4509 867 4562 altercationem
892 4509 1003 4562 abibant
1024 4513 1182 4564 senatorum
1203 4506 1361 4560 sententiae.
1389 4506 1488 4575 Cujus

222 4588 262 4642 rei
280 4594 407 4658 exempla
424 4591 533 4658 collegit
549 4592 672 4646 Brisson.
691 4595 723 4646 de
741 4596 833 4649 Farm.
850 4595 892 4648 II.
906 4613 934 4664 p.
955 4599 1012 4650 184.
1030 4614 1068 4665 sq.
1086 4581 1166 4646 Heia.
