3062 5164
397 447 404 454 .
434 411 488 484 lin
515 411 632 482 Snnru
658 413 948 483 Panncnmonnn.
1245 421 1312 489 831
1410 441 1417 452 ·

27 675 38 692 ·
57 587 182 673 πλήθει
194 595 324 672 μεγίστῳ
337 593 388 654 καὶ
399 591 537 674 ποικίλῳ,
550 587 729 673 συγκλύδων
743 615 776 653 τε
791 589 973 674 ἀνθρώπων,
982 588 1063 657 πολὺ
1075 596 1125 656 καὶ
1141 593 1248 682 ῥᾴδιον
1259 597 1318 678 ἔχει

58 694 99 761 τὸ
115 701 174 778 τῆς
191 694 311 780 γνώμης
324 697 491 782 εὐκίνητον.
512 699 598 760 Nam
617 703 679 760 etsi
695 699 807 778 uds'que
821 701 936 781 vulgus
952 721 1073 782 semper
1094 701 1138 760 od
1153 720 1204 761 res
1220 721 1318 763 novos

59 807 271 866 levissimum:
290 817 394 868 tamen
415 809 560 870 Romanu
573 807 663 887 plebs
677 799 712 868 'in
728 811 858 888 primis,
879 829 959 888 quoe
973 829 1014 870 ea
1031 829 1149 888 magna
1168 812 1319 890 aurataque

60 917 158 974 etiam
174 918 420 995 peregrinorum
436 915 636 977 multitudine
650 921 781 985 constat,
804 916 894 996 longe
915 918 1025 986 cetenis
1040 916 1176 977 mobs'lsor
1195 925 1251 977 est.
1274 915 1319 980 Et

61 1042 144 1084 sane
167 1027 221 1082 tot
234 1020 364 1084 Romae
384 1021 475 1106 Syri,
498 1021 700 1101 Phoenices,
717 1020 895 1106 Aegyptii,
907 1020 1001 1103 Afri,
1024 1019 1163 1101 Graeci,
1179 1021 1318 1086 Asiatici

61 1151 131 1192 non
146 1127 250 1192 modo
266 1129 354 1193 inter
366 1129 519 1215 plebejos
543 1139 652 1212 erant,
667 1129 726 1193 sed
742 1137 777 1192 et
792 1130 921 1194 summis
939 1130 1113 1214 fulgebant
1126 1127 1319 1212 honoribus,

64 1245 101 1298 ut
114 1236 200 1300 nihil
212 1236 285 1300 fere
293 1237 438 1302 Romani
453 1238 619 1324 sanguinis
631 1237 761 1302 Romae
777 1258 946 1323 superesse
961 1237 1141 1320 videretur,
1153 1247 1188 1302 et
1204 1239 1318 1302 urbem

65 1343 180 1408 incolis
196 1347 384 1430 privaturus
399 1347 524 1430 fuisset,
543 1345 600 1432 qui
608 1347 758 1432 jussisset
773 1347 855 1411 urbe
872 1346 1037 1412 excedere
1053 1347 1255 1440 peregrinos.

633 1547 662 1630 g.
682 1545 753 1609 137.

343 1677 413 1732 Jure
435 1679 577 1737 Quinam
597 1687 623 1730 et
639 1679 750 1731 civitatis
768 1677 894 1732 carebant
907 1682 1053 1749 peregrini.

150 1795 252 1873 Quod
274 1795 317 1860 ad
333 1796 411 1880 jura
432 1797 681 1880 peregrinorum
697 1796 831 1860 attinet:
853 1798 965 1881 paucis
981 1799 1091 1860 omnia
1118 1798 1319 1884 complecte-

69 1925 146 1986 mur,
162 1905 188 1967 si
208 1925 269 1968 eos
284 1912 353 1967 turn
362 1904 491 1989 juribus
508 1903 702 1986 Qniritium,
718 1916 787 1967 tum
796 1906 873 1990 jure
889 1905 1026 1989 publico
1049 1907 1202 1988 civitatis,
1218 1906 1318 1990 plane

68 2012 206 2078 caruisse
233 2011 422 2075 dixerimus.
447 2011 527 2074 Non
548 2031 630 2097 ergo
652 2011 751 2076 liberi
775 2021 870 2076 erant
887 2015 965 2100 jure
993 2014 1173 2092 Quiritium
1194 2015 1259 2094 ita,
1283 2021 1319 2076 ut

67 2119 176 2204 flagris
199 2120 368 2204 virgisque
392 2118 488 2184 caedi
509 2139 577 2186 non
593 2128 737 2203 possent.
759 2121 880 2204 Neque
903 2131 975 2186 erat
993 2123 1072 2206 ipsis
1090 2123 1145 2206 jus
1161 2120 1318 2185 connubii

65 2249 136 2291 cum
162 2228 306 2292 civibus:
325 2227 460 2312 Ulpian.
481 2229 612 2310 Fragm.
634 2228 669 2288 V.
684 2231 714 2289 4.
736 2229 905 2312 (quamvis
929 2238 1015 2293 esset
1033 2231 1088 2315 jus
1106 2229 1319 2310 matrimonii,

64 2336 158 2421 quod
185 2333 381 2401 vocabulum
401 2336 486 2420 juris
510 2334 658 2419 gentium
691 2355 761 2400 esse
788 2336 957 2400 docuimus
984 2337 1020 2400 in
1048 2339 1145 2400 Elem
1171 2337 1241 2398 Jur.
1263 2341 1319 2398 cio.

63 2443 203 2526 §.1503
224 2463 330 2528 neque
345 2444 400 2527 jus
422 2442 550 2526 patriae
571 2443 759 2526 potestatis:
777 2444 815 2506 1..
837 2443 869 2509 3.
885 2445 926 2506 D.
941 2446 981 2508 de
994 2445 1074 2519 His,
1097 2448 1153 2528 qut
1170 2453 1246 2506 sunt
1270 2447 1324 2506 ειη·

64 2555 114 2614 oet
133 2553 308 2632 olsens'jur.
330 2571 440 2634 neque
456 2550 536 2635 jura
557 2559 764 2635 patronatus:
789 2551 1047 2634 L.10.§.2.1).
1068 2553 1107 2614 de
1124 2554 1164 2614 In
1182 2554 1241 2634 jue
1257 2571 1319 2614 ooo.

66 2659 151 2722 Plin.
166 2660 270 2741 prt.
287 2658 327 2722 X.
346 2659 397 2722 22.
419 2679 528 2743 neque
553 2659 846 2726 testamentifactio
861 2663 905 2740 t),
920 2668 978 2723 aut
987 2661 1042 2745 jus
1062 2679 1105 2722 ex
1121 2665 1319 2724 testamento

73 2767 245 2851 quidquam
263 2765 434 2849 capiundi:
450 2766 488 2828 L.
501 2767 532 2828 1.
548 2787 598 2848 pr.
613 2768 653 2828 Ι).
669 2768 713 2828 ad
726 2768 764 2830 1..
780 2769 867 2830 Folo.
885 2767 1019 2852 Ulpian.
1035 2771 1166 2850 Fiam.
1182 2768 1257 2828 XX.
1268 2766 1320 2829 14.

70 2875 103 2936 L.
116 2874 146 2936 l.
167 2875 202 2936 0.
217 2875 259 2936 de
275 2874 354 2935 Her.
372 2878 444 2938 inst.
459 2875 498 2936 J..
512 2874 543 2938 6.
558 2875 587 2956 S.
601 2873 631 2936 2.
646 2876 688 2936 Ι).
703 2877 769 2938 eod.
799 2876 870 2938 lmo
887 2894 951 2937 nec
969 2877 1107 2940 testibus
1125 2875 1172 2938 eis
1188 2893 1260 2938 esse
1278 2872 1321 2935 li·

69 2985 162 3046 cebat
180 2983 216 3044 in
236 2988 434 3045 testamento
453 2981 549 3046 civis:
566 2983 605 3045 L.
622 2981 674 3046 30.
691 2983 724 3043 C.
743 2983 854 3046 llreod.
872 2984 911 3044 da
927 2984 1057 3052 Haeret.
1084 2981 1241 3067 Denique
1258 3003 1321 3044 nee

67 3092 120 3175 jus
138 3089 309 3156 habebant
326 3088 469 3172 legitimi
484 3088 638 3171 dominii,
661 3109 780 3171 nexus,
797 3089 970 3173 mancipii,
990 3092 1155 3174 (quamvis
1171 3099 1263 3154 recte
1279 3092 1320 3154 ab

70 3199 107 3262 iis
128 3199 205 3264 iniri
227 3206 264 3263 et
287 3196 446 3280 explicari
470 3207 605 3281 possent
628 3205 814 3264 contractus
838 3206 873 3262 et
894 3197 1032 3280 negotia
1051 3198 1136 3282 juris
1162 3198 1321 3281 gentium,

67 3308 184 3392 quibus
208 3305 311 3372 etiam
328 3306 551 3390 acceptilatio,
567 3327 634 3370 non
650 3306 783 3396 quidem
800 3307 931 3392 ratione
947 3305 1095 3391 originis,
1118 3304 1176 3369 sed
1190 3305 1321 3368 ratione

66 3437 137 3478 usus
162 3414 377 3480 adcensetnr:
399 3415 436 3477 L.
451 3414 481 3478 8.
500 3415 528 3496 §.
546 3415 575 3476 4.
597 3416 637 3476 Ι).
657 3416 695 3476 de
714 3415 920 3496 Acoepts'lot.)
945 3435 1008 3478 nec
1022 3416 1078 3499 jus
1103 3411 1321 3497 usucapionis,

66 3524 106 3586 de
136 3545 207 3609 quo
229 3522 301 3606 jam
328 3522 363 3585 in
392 3522 467 3586 XII
495 3521 634 3586 Tabulis
666 3522 774 3586 fuerat
803 3531 950 3586 cautum:
981 3539 1156 3588 Anvnnsus
1184 3537 1322 3586 Hosrnu

65 3648 228 3695 suranna
247 3646 463 3694 ancnonmns
482 3646 576 3694 nsno.
599 3628 677 3692 Vid.
699 3631 785 3693 infra
802 3630 869 3693 Lo.
886 3633 928 3691 II.
950 3631 1007 3692 ll't.
1034 3619 1088 3692 Vl.
1112 3631 1221 3708 Quum
1240 3649 1321 3714 ergo

61 3742 112 3824 jus
130 3738 314 3818 Quiritium
337 3735 430 3800 nullo
450 3737 549 3800 modo
569 3737 745 3801 haberent:
767 3738 867 3802 facile
890 3745 1000 3822 patet,
1019 3759 1076 3800 eos
1095 3736 1198 3800 multo
1218 3739 1322 3800 minus

67 3848 198 3932 gavisos
209 3847 341 3930 juribus
357 3865 487 3921 census,
510 3843 669 3929 legionis,
688 3845 900 3921 tributorum,
920 3844 1083 3928 suffragii,
1104 3844 1321 3929 petendorum

68 3955 245 4030 bonorum,
260 3951 400 4037 aliisque
415 3950 510 4038 hujus
526 3952 666 4036 generis.

132 4229 160 4295 t)
181 4209 258 4280 Hinc
275 4231 385 4278 mortuo
401 4223 553 4292 peregrino,
572 4225 643 4277 bona
662 4232 711 4279 aut
727 4231 865 4294 tamquam
884 4224 1008 4280 vacantia
1025 4224 1053 4277 in
1071 4226 1167 4277 fiscum
1188 4224 1322 4290 cogeban-

65 4317 117 4376 tur,
135 4317 185 4365 aut
201 4311 311 4377 privato
329 4310 550 4378 adquirebantur,
569 4311 593 4364 si
610 4310 809 4376 peregrinasse
822 4312 857 4363 ad
874 4311 993 4378 aliquem
1010 4311 1093 4364 veluti
1112 4315 1256 4376 patronum
1274 4309 1322 4360 ad-

65 4397 222 4463 plicuisset,
241 4396 321 4464 eique
338 4395 366 4448 in
385 4385 537 4448 clientelam
557 4396 778 4464 dedissetnune
798 4395 884 4459 enim,
903 4397 951 4450 illo
969 4403 1091 4462 mortuo,
1108 4401 1240 4462 patronus
1257 4407 1323 4449 June

65 4497 273 4538 lnrnrcrsroms
290 4482 319 4536 in
336 4481 416 4536 istius
433 4481 569 4550 peregrini
587 4482 658 4534 bona
676 4481 850 4534 succedebat:
869 4481 927 4533 Cic.
947 4482 981 4554 de·
1001 4482 1075 4534 Orat.
1094 4483 1117 4534 I.
1135 4485 1178 4534 39.
1196 4480 1276 4532 Heia
1365 4533 1368 4541 .
