3040 5164
291 365 347 434 Da
372 365 477 434 Sunv.
503 366 613 437 llusr.
639 368 762 452 Areua
789 369 881 438 Une.
906 371 1039 440 Panno.
1125 377 1129 382 ’
1220 378 1289 445 371

38 545 217 609 Enimvero
232 564 329 629 quum
341 543 377 606 id
387 544 576 628 prospectui
588 543 830 630 luminibusque
843 545 1001 628 officeret,
1015 567 1138 632 aerque
1153 549 1293 614 liberior

38 653 188 737 bocipso
205 652 320 716 vicinis
341 651 612 734 interciperetur:
636 672 736 736 saepe
761 652 847 716 alter
867 654 908 716 ab
933 654 1040 718 altero
1060 655 1288 740 stipulabatur,

39 783 75 824 ne
91 743 193 824 altius
209 760 356 824 tolleret.
378 759 491 844 Atque
506 757 583 822 inde
600 760 798 824 nascebatur
813 761 950 824 servitus
972 779 1096 827 sumus
1115 781 1186 828 ιιοιι
1206 783 1290 828 vou—
1346 819 1350 823 .

40 887 145 933 uuum.
168 869 220 932 At
244 875 360 952 postea
381 879 488 932 certus
511 869 645 952 quidam
662 868 1113 934 aedium-altitudini'modus
1127 870 1206 955 lege
1222 879 1289 935 sta·

39 987 118 1040 tutus
143 986 209 1039 est.
236 976 324 1038 Sane
344 978 415 1061 J'arn
437 975 545 1040 libera
577 985 612 1039 et
631 975 771 1040 florente
797 976 968 1059 republica
991 999 1031 1040 ea
1057 979 1101 1040 de
1128 999 1164 1040 re
1188 979 1288 1042 fuisse

42 1086 233 1168 cogitatum,
251 1083 351 1146 docet
367 1083 486 1146 Rutilii
509 1085 621 1148 nescio
638 1085 728 1168 cujus
749 1084 855 1146 oratio
873 1084 915 1147 de
937 1086 1035 1149 modo
1052 1086 1288 1168 aedificiorum,

41 1216 125 1277 quam
143 1195 188 1256 ab
210 1193 361 1280 August-o
386 1192 557 1256 recitatam
583 1213 652 1255 esse
674 1194 708 1256 in
731 1193 872 1274 Senatu,
895 1200 931 1255 ut
954 1214 1026 1256 eam
1043 1214 1111 1255 rem
1134 1216 1201 1258 non
1218 1217 1237 1256 a
1252 1215 1287 1256 se

43 1302 134 1384 primo
159 1301 443 1382 animadversam,
470 1301 529 1364 sed
554 1300 705 1386 antiquis
720 1300 790 1383 jam
816 1320 911 1364 curae
939 1301 1055 1384 fuisse,
1083 1300 1287 1383 ostenderet,

43 1409 184 1472 discimus
211 1430 254 1470 ex
279 1408 416 1472 Sueten.
439 1410 525 1492 Aug.
548 1432 573 1470 c.
588 1408 638 1470 89.
662 1408 729 1472 Sed
750 1416 785 1472 et
806 1407 877 1491 ipse
900 1408 1086 1494 Augustus,
1108 1420 1145 1474 ut
1166 1411 1288 1474 crebris

43 1518 130 1580 ruinis
149 1517 363 1599 subveniret,
382 1515 460 1600 lege
483 1516 551 1579 lata
568 1517 695 1597 statuit,
714 1523 750 1578 ut
768 1519 899 1602 nequis
923 1517 1132 1602 septuaginta
1147 1517 1289 1604 pedibus

46 1625 168 1688 tolleret
190 1623 307 1687 altius:
331 1624 452 1688 Strabo
476 1625 591 1706 Geogr
612 1625 647 1684 V.
668 1647 692 1686 c.
708 1623 738 1687 3.
753 1625 787 1715 §.
803 1625 833 1686 7.
858 1622 943 1708 Πρὸς
964 1624 1059 1689 δὲ
1022 1653 1075 1698 τας
1097 1623 1289 1718 συμπτώσεις

47 1763 78 1798 ιιι
63 1727 148 1818 abqq
163 1737 229 1798 τιδι
245 1736 360 1798 ιιοιιώι
377 1733 625 1816 οἰκοδομημάτων
642 1729 792 1809 euastata,
812 1759 862 1796 ιιαι
856 1731 1019 1832 κοιλδοας
1038 1737 1166 1816 ἐξαίρειν
1183 1731 1290 1801 ποδῶν

51 1839 106 1906 tiro
122 1839 195 1921 πρὸς
210 1853 276 1914 ταῖς
296 1838 378 1914 ὁδοῖς
395 1853 463 1914 ταῖς
476 1839 644 1922 δημοσίοις.
665 1841 779 1902 Ruim's
795 1859 914 1922 qnoque
928 1843 1148 1916 subventurus,
1164 1844 1290 1902 ιιίιιιίοιιι

48 1951 244 2030 artificiorum
261 1949 455 2008 altitudinem
471 1950 614 2021 sustulit,
631 1952 788 2028 vetuitque
804 1949 847 2008 ad
859 1952 940 2010 orbos
958 1949 1095 2028 publicos
1111 1949 1204 2010 altius
1221 1967 1289 2030 sep·
1356 2005 1360 2016 ,

48 2061 179 2138 tringinta
191 2056 325 2138 pedibus
343 2058 459 2118 tollere.
477 2055 616 2118 Incensa
633 2055 755 2118 deinde
771 2055 870 2138 urbo,
890 2056 990 2118 etiam
1008 2055 1100 2118 Nero
1119 2054 1290 2120 aedificio-

48 2185 103 2226 rum
121 2163 335 2226 altitudinem
347 2157 506 2244 cohibuit,
523 2171 607 2226 teste
625 2162 845 2228 Tacito‘Arm.
862 2164 934 2226 XV.
949 2162 1000 2225 43.
1017 2164 1174 2247 quamvis,
1191 2175 1297 2248 quem‘

48 2293 81 2334 ea
94 2272 125 2334 in
140 2293 177 2334 re
197 2271 329 2334 modum
353 2271 509 2352 servarit,
533 2293 599 2332 non
621 2269 663 2333 sit
683 2270 860 2333 memoriae
883 2269 1058 2353 proditum.
1080 2271 1236 2358 Denique
1255 2280 1290 2334 et

47 2377 200 2462 Trajanus
215 2379 343 2441 aedium
361 2378 569 2442 altitudinem
593 2377 767 2460 sexaginta
789 2377 891 2460 pedes
915 2398 1069 2460 superare
1094 2379 1217 2460 vetuit,
1245 2379 1288 2440 ob

47 2487 149 2548 ruinas
171 2485 293 2569 faciles,
313 2495 347 2550 et
360 2495 492 2568 sumtuS,
511 2487 537 2547 si
556 2486 636 2570 quid
653 2485 962 2570 talecontingeret,
979 2485 1153 2548 exitiosos:
1172 2485 1289 2550 Aurel.

48 2593 162 2656 Victor.
178 2597 274 2676 λΙιῖιιίι.
289 2599 342 2657 or't.
368 2594 496 2675 trajan.
518 2615 543 2654 e.
558 2592 608 2654 13.
638 2595 682 2656 Et
706 2615 784 2656 sane
809 2593 893 2656 haec
915 2615 1048 2677 quoque
1074 2592 1216 2656 altitudo
1239 2601 1289 2656 est

52 2702 194 2784 maxima,
213 2702 301 2764 unde
321 2722 388 2764 non
411 2700 542 2779 mirum,
564 2700 607 2762 de
627 2722 666 2762 ea
689 2703 847 2786 conqueri
864 2701 1024 2764 Senecam
1044 2701 1186 2764 Contrua.
1202 2704 1244 2763 II.
1259 2701 1290 2764 9.

57 2809 182 2890 quamvis
202 2831 274 2871 earn
294 2810 365 2894 ipsa
383 2809 581 2872 necessitate
598 2809 783 2894 civiumque
803 2810 992 2894 frequentia
1011 2808 1159 2872 excusari
1175 2808 1291 2870 existi-

55 2925 107 2980 met
118 2919 248 2982 Vitruv.
264 2920 434 2980 Arebr'tect.
446 2919 488 2978 ΙΙ.
498 2916 528 2978 9.
552 2916 738 3002 Utcumque
756 2939 790 2980 se
806 2939 858 2980 res
876 2915 988 2998 habet,
1004 2937 1082 2980 sane
1101 2925 1143 2980 et·
1150 2916 1290 3000 posteris

54 3024 160 3105 placuit
178 3027 206 3089 is
224 3023 449 3088 aedificiorum
467 3007 691 3106 modus,unde
708 3026 749 3088 ad
768 3025 861 3088 illum
876 3025 1057 3107 respiciunt
1067 3025 1289 3107 Imperatores

55 3131 176 3197 Severus
197 3141 232 3196 et
251 3133 455 3196 Antoninus:
478 3131 561 3194 1..1.
581 3131 613 3195 0.
630 3133 668 3194 de
687 3135 772 3195 Aedi
795 3155 819 3194 c.
831 3136 914 3216 preb.
937 3130 1027 3208 Quin
1048 3138 1082 3193 et
1099 3131 1290 3194 Constanti-

54 3241 150 3324 nopoli
172 3242 335 3328 ejusmodi
352 3240 463 3326 legem
488 3240 695 3304 observatam
718 3261 807 3321 esse,
823 3239 922 3304 docet
939 3240 1010 3302 Jac.
1032 3237 1134 3302 Oisel.
1154 3240 1198 3300 ad
1217 3241 1294 3320 Gajr'

53 3349 114 3411 last.
130 3352 172 3412 II.
189 3351 221 3412 1.
239 3349 270 3412 3.
294 3349 578 3426 Quemadmodum
599 3370 693 3431 ergo,
706 3370 791 3431 quae
804 3349 846 3412 sit
862 3370 928 3411 non
946 3347 1043 3410 altius
1063 3344 1205 3409 tollendi
1221 3366 1290 3407 ser-

52 3457 135 3534 vitus,
151 3479 201 3521 ex‘
214 3458 287 3541 ipso
304 3455 467 3521 vocabulo
487 3457 593 3541 iisque
603 3504 613 3538 ,
634 3478 720 3539 quae
744 3457 834 3519 dicta
851 3455 1008 3519 hactenus
1029 3462 1118 3538 sunt,
1140 3451 1217 3516 satis
1238 3453 1290 3516 in-

53 3562 219 3650 telligitur:
235 3565 282 3628 ita
294 3587 335 3628 eo
353 3566 523 3629 obscurior
535 3572 585 3628 est
599 3565 738 3628 servitus
756 3565 787 3626 ei
800 3565 954 3648 opposita
969 3579 1093 3627 amus
1108 3579 1290 3625 rouuurvur.

53 3669 193 3746 Quamvis
223 3672 309 3736 enim
323 3675 435 3759 :vulgo
453 3675 643 3739 servitutem
663 3673 760 3737 altius
783 3671 925 3736 tollendi
948 3670 1118 3753 explicent
1141 3691 1184 3732 ex
1210 3665 1318 3732 con-'
1400 3705 1404 3712 ·

54 3779 208 3844 stitutione
233 3781 396 3846 Zenonis:
418 3783 455 3845 L.
471 3783 522 3846 12.
536 3784 565 3864 §.
579 3782 611 3846 2.
635 3783 668 3844 0.
684 3783 724 3844 de
742 3783 872 3863 Aedistc.
892 3784 1007 3862 privat.
1027 3779 1069 3841 de
1086 3797 1128 3840 eo
1148 3797 1240 3858 casu,
1264 3776 1291 3838 si

54 3889 112 3967 quis
128 3912 146 3951 ιι
164 3888 277 3953 vicino
296 3889 524 3974 impetraverit
539 3891 728 3953 libertatem
746 3888 846 3951 aedes
865 3909 937 3950 suas
956 3887 1065 3969 altius,
1081 3906 1176 3970 quarn
1196 3883 1290 3966 leges

57 3991 155 4077 lerant,
173 3996 334 4061 tollendi:
359 4007 469 4063 tamen
488 3999 583 4084 hujus
605 3997 771 4061 servitutis
783 3997 854 4081 jam
875 4003 952 4058 ante
968 3993 1140 4057 Zenonem
1162 3992 1289 4056 mentm
1312 4049 1316 4058 ,

54 4100 237 4194 fitaGajo:
262 4105 300 4166 L.
317 4104 347 4166 2.
369 4108 410 4167 1).
434 4109 472 4170 de
495 4107 584 4170 Sero.
609 4108 677 4170 arb.
695 4107 809 4187 praed.
832 4125 893 4166 nec
912 4101 1101 4166 verosimile
1126 4108 1192 4180 est,
1212 4106 1289 4162 ante

52 4205 121 4274 hanc
140 4213 410 4277 constitutionem
428 4213 560 4277 licuisse
576 4213 718 4298 privatis
728 4212 832 4296 pactis
851 4213 1052 4296 restringere
1071 4208 1166 4292 leges
1180 4206 1291 4291 publi

53 4337 103 4380 cas
123 4321 241 4406 ltaque
261 4343 328 4384 non
348 4321 490 4384 absurda
508 4330 558 4385 est
574 4321 739 4385 sententia
755 4341 884 4402 eomnr,
902 4320 958 4404 qui
977 4319 1031 4381 hic
1049 4323 1168 4402 putant
1190 4314 1230 4377 de
1248 4335 1289 4376 eo

54 4445 114 4490 casu
134 4439 255 4506 actum,
278 4430 334 4492 ubi
358 4431 482 4495 vicinus
504 4431 575 4516 pati
591 4436 770 4511 teneretur,
787 4438 822 4492 ut
842 4428 967 4492 vicinus
989 4425 1128 4511 drappos
1142 4422 1196 4501 vel
1213 4445 1289 4486 coe-

54 4537 219 4601 naculum
211 4559 382 4621 imponere
406 4549 518 4668 posset
537 4538 674 4602 aedibus
693 4538 781 4621 ejus:
801 4537 842 4601 A.
861 4536 903 4599 A.
924 4532 1143 4674 Pageqstech.
1164 4533 1290 4594 Sr'csffilrm

1026 4634 1093 4694 4*
