3080 5154
205 366 253 432 76
683 362 758 428 Lm.
784 360 916 430 .1Τιτ.
942 362 986 430 ll.

206 535 359 618 adcessit,
377 535 410 598 in
436 543 575 620 tantum,
597 546 634 602 ut
649 538 758 602 Latin.
781 537 925 602 Pacatus
950 541 1113 622 Panegyr.
1135 539 1179 600 ud
1199 537 1347 600 'l’beodou
1370 558 1398 598 c.
1413 533 1465 597 ll.

90 639 93 648 ’
207 667 282 709 eum
308 644 440 730 legibus
462 644 618 709 imbuisse
642 645 878 731 rempublicam
910 647 1016 711 dicat:
1046 647 1168 710 nullius
1191 667 1270 709 sane
1297 643 1466 727 Principis

208 754 406 839 antiquioris
423 755 458 818 in
471 755 598 820 Codice
616 764 747 819 exstant
760 756 1022 836 constitutiones,
1039 775 1134 840 quam
1147 753 1323 835 Hadriani,
1340 775 1361 814 a
1372 753 1465 836 cujus

207 864 410 946 temporibus
428 865 528 928 etiam
548 863 747 946 Gregorium
767 864 916 927 codicem
939 885 1030 927 suum
1052 884 1159 926 orsum
1176 883 1258 944 esse,
1274 862 1344 946 jam
1366 881 1466 944 supra

207 971 420 1034 ostendimus.
441 972 559 1036 Plures
579 974 677 1037 etiam
694 972 857 1036 Hadriani
877 972 1051 1056 Epistulae
1075 980 1110 1036 et
1129 971 1313 1035 sententiae
1333 967 1465 1033 Graece

209 1081 388 1143 etiamnum
402 1088 544 1164 exstant,
566 1081 730 1145 collectae
748 1103 768 1144 a
784 1081 949 1145 Dositheo
971 1079 1195 1145 Grammatico
1210 1079 1255 1161 l),
1282 1100 1325 1140 ex
1345 1079 1465 1162 quibus

209 1189 287 1251 satis
297 1195 436 1271 constat,
448 1211 544 1274 quam
558 1190 720 1254 rationem
732 1189 766 1252 in
777 1187 991 1254 rescribendo
1000 1188 1304 1274 respondendoque
1318 1188 1466 1250 tenuerit

207 1297 403 1381 Imperator.
423 1298 504 1382 Fjus
520 1298 643 1362 deinde
660 1298 847 1382 exemplum
867 1298 1000 1382 sequuti
1015 1304 1090 1361 sunt
1103 1297 1279 1376 Antonini,
1293 1296 1466 1380 ceterique

209 1403 430 1488 Imperatores
447 1427 571 1490 omnes,
590 1428 727 1492 quorum
747 1407 908 1490 rescripta
923 1406 1164 1491 quamplurima
1176 1405 1210 1468 in
1232 1405 1348 1468 codice
1362 1403 1467 1468 Justi-

208 1513 341 1595 nianeo,
359 1513 609 1599 Theodosiano,
633 1524 669 1579 ut
689 1523 725 1579 et
740 1513 942 1600 Gregoriani
964 1524 999 1578 et
1017 1513 1281 1605 Hermogeniani
1298 1515 1466 1598 fragmenss

209 1620 250 1684 tis
269 1628 410 1684 exstant

786 1741 815 1822 §.
836 1739 887 1801 57.
965 1793 971 1806 .

387 1854 620 1908 Secutusconsulta
637 1864 725 1909 tamea
742 1856 820 1908 etium
833 1863 896 1924 port
912 1857 1049 1909 Hadriani
1070 1863 1189 1924 temporo
1198 1853 1289 1922 sacta.

294 1955 415 2040 Neque
437 1964 547 2021 tamen
578 1956 622 2019 ob
643 1957 814 2041 rescripta
843 1956 905 2021 illa
935 1959 1044 2020 statim
1072 1957 1242 2020 desierunt
1267 1955 1356 2019 scta
1383 1953 1467 2033 fieri,

213 2063 360 2148 quamvis
378 2063 438 2126 illa
463 2085 506 2126 ex
531 2086 572 2127 eo
587 2074 738 2150 ternpore
762 2065 890 2129 rariora
909 2087 981 2128 esse
998 2065 1181 2149 coeperint.
1208 2063 1296 2127 Sane
1315 2063 1377 2126 sub
1394 2063 1467 2147 ipso

212 2171 398 2254 Hadriano,
410 2181 447 2236 ut
459 2172 526 2236 alia
538 2174 693 2258 exempla
703 2175 1002 2259 praetermittamus
1017 2179 1062 2256 ⁰),
1073 2173 1229 2257 prodiere
1241 2172 1329 2238 scta
1337 2171 1361 2234 J
1363 2193 1469 2235 uven-

212 2279 317 2344 tiano:
335 2281 372 2342 Ia.
385 2279 436 2344 20.
453 2282 482 2363 ᾖ.
492 2281 522 2344 6.
536 2283 581 2351 D.
599 2283 638 2344 dc
652 2284 771 2345 Herod.
785 2293 850 2365 pet.
866 2282 904 2344 L.
918 2286 974 2345 ult.
1000 2284 1034 2344 O.
1047 2284 1087 2344 de
1108 2282 1197 2343 Serv.
1212 2282 1341 2362 respubl.
1354 2278 1469 2364 Apro-

212 2389 362 2452 nianum:
378 2389 456 2474 Ulp.
465 2392 594 2473 stagia.
603 2391 691 2453 XXI
691 2392 725 2452 V.
735 2389 764 2453 8.
776 2391 814 2451 J..
824 2389 875 2452 26.
893 2392 933 2450 Ι).
948 2391 992 2451 ad
1000 2391 1059 2450 SC.
1071 2391 1198 2452 iicdcll.
1206 2386 1469 2452 Tertullianum:

135 2505 146 2576 g
213 2498 242 2578 §.
254 2496 284 2558 2.
306 2499 383 2560 lust.
396 2483 446 2559 ¹dc
464 2497 524 2560 SC.
549 2499 677 2560 Tertull.
696 2500 754 2560 sub
778 2497 824 2558 M.
842 2497 1015 2560 Antonino
1033 2498 1237 2561 Orfitianum.
1262 2497 1470 2560 Memoratur

214 2605 313 2668 etiam
335 2605 451 2667 Oratio
465 2604 511 2666 M.
529 2603 693 2666 Antonini
716 2613 751 2667 et
768 2602 953 2686 Commodi,
972 2606 1010 2666 L.
1024 2605 1074 2668 16.
1092 2607 1130 2666 D.
1146 2608 1184 2668 de
1198 2605 1288 2668 R.N.
1302 2605 1340 2666 L.
1353 2589 1385 2666 9.
1402 2602 1469 2686 §.3.

214 2713 256 2774 Ι).
271 2714 310 2774 de
325 2713 405 2774 Jurc
420 2713 480 2774 dot.
502 2711 678 2775 Orationes
697 2712 740 2775 D.
760 2711 877 2776 Severi
902 2721 937 2776 et
952 2711 1117 2776 Antonini
1137 2712 1342 2794 caracallae,
1365 2713 1405 2774 L.
1419 2710 1469 2774 32.

211 2823 303 2904 pr.'et
317 2821 346 2902 ἓ.
361 2819 410 2882 19.
428 2821 466 2880 D.
478 2821 517 2882 de
530 2822 612 2884 Duo.
623 2825 678 2884 int.
689 2825 746 2884 uir.
759 2831 851 2883 stuc.
867 2821 1032 2886 Antonini
1041 2821 1233 2886 Caracallae
1247 2821 1349 2884 solius
1360 2819 1469 2883 oratio

215 2929 252 2990 1..
265 2925 295 2990 3.
313 2930 352 2988 Ι).
363 2929 402 2989 de
413 2930 530 2989 Donat.
549 2932 604 2990 ἰηι.
618 2932 674 2991 uri.
685 2938 716 2991 ct
727 2951 781 2990 ua.
805 2930 983 2995 Orationes
998 2952 1079 2994 vero
1095 2930 1287 3015 Principum
1301 2949 1363 3013 pro
1373 2926 1469 2990 SCtis

215 3036 332 3120 accipi,
345 3057 442 3120 supra
457 3037 485 3120 §
496 3037 547 3098 45.
558 3039 749 3100 monuimus.
764 3037 958 3120 Recentius,
977 3038 1067 3126 quod
1085 3038 1127 3102 de
1140 3039 1217 3124 jure
1232 3038 1364 3122 privato
1380 3043 1469 3119 agat,

216 3144 279 3212 SC.
291 3145 370 3206 mihi
384 3167 451 3209 non
467 3146 624 3209 succurrit
637 3145 681 3227 f).
703 3147 749 3238 Et
761 3168 852 3232 sane,
868 3147 924 3232 qui
941 3169 984 3210 ex
996 3169 1037 3210 eo
1053 3156 1204 3231 tempore
1226 3147 1357 3210 demum
1368 3143 1469 3228 plane

216 3253 352 3318 desiisse
373 3253 675 3336 senatusconsulta,
696 3255 813 3339 quibus
834 3277 921 3320 nova
935 3257 1014 3340 jura
1036 3255 1331 3335 constituebantur,
1355 3252 1471 3316 existi-

216 3369 316 3443 mant,
336 3361 383 3424 eis
399 3383 459 3426 nos
472 3384 540 3426 non
558 3363 656 3427 inviti
677 3371 820 3428 nostram
839 3365 1054 3450 adjungemus
1073 3363 1281 3427 sententiam.

795 3533 824 3614 §-
845 3534 897 3597 ss.

462 3645 594 3700 irruatis
612 3649 648 3702 ad
664 3651 802 3702 materiam
821 3651 853 3702 dc
866 3649 1014 3718 priuileqir's
1030 3657 1056 3700 et
1073 3649 1128 3718 lepe
1143 3650 1229 3716 ‘repta

300 3749 346 3816 Et
359 3749 422 3812 hae
438 3755 513 3811 suut
532 3747 636 3834 leges,
658 3774 743 3838 quae
758 3751 900 3834 Romae,
920 3772 1019 3836 quum
1036 3746 1146 3814 libera
1162 3749 1269 3812 adhuc
1288 3745 1472 3832 republica,

288 3963 323 4030 d)
341 3965 460 4016 Exstant
476 3977 520 4028 ap.
539 3963 681 4032 Schultiug
688 3964 843 4035 jurisprud
861 3971 910 4015 act.
929 3963 1050 4033 suajus.
1067 3979 1094 4029 p.
1108 3966 1168 4016 860.
1182 3977 1223 4029 sq.
1241 3965 1269 4012 et
1285 3958 1314 4032 iu
1333 3973 1409 4023 corp.
1418 3956 1473 4024 jur.

219 4052 299 4102 Rom.
324 4048 451 4115 antejust
469 4049 559 4102 Boon.
583 4066 610 4116 p.
628 4053 688 4104 200.
707 4065 748 4118 sq.
772 4051 816 4101 De
839 4049 918 4115 cadus
944 4047 1112 4102 collectionis
1139 4047 1248 4102 levitate
1273 4049 1346 4097 recte
1367 4043 1475 4109 judicat

219 4133 339 4185 Dirksen
357 4132 408 4186 civ.
425 4134 494 4188 Abh.
513 4135 534 4189 1.
551 4152 578 4202 p.
595 4139 638 4188 43.
657 4131 744 4186 mil.
1104 4198 1107 4204 Ι

254 4209 256 4213 ’
289 4220 319 4285 e)
339 4220 383 4272 De
399 4219 499 4288 quibus
518 4221 571 4273 rid.
590 4223 673 4286 Hugo
693 4219 729 4270 R.
750 4217 783 4270 G.
801 4233 827 4284 p.
846 4221 906 4272 784.
931 4217 1017 4271 Muti.

239 4336 242 4342 ·
289 4304 318 4371 i)
340 4303 469 4374 Alioquin
489 4307 561 4360 cuim
579 4307 665 4358 multa
683 4304 755 4357 scu
772 4295 923 4356 memorant
940 4304 1092 4370 Scriptores
1109 4300 1239 4354 historiae
1256 4300 1408 4364 Augustae,
1427 4295 1475 4368 sed

221 4388 257 4441 ud
274 4405 331 4440 rem
349 4390 485 4455 publicam
504 4389 672 4458 pertinentia.
691 4392 856 4457 Exemplum
867 4389 950 4440 habes
968 4388 1043 4454 apud
1055 4387 1205 4454 Vopiscum
1222 4387 1251 4437 iu
1264 4380 1357 4436 Probo
1375 4380 1405 4433 0.
1421 4379 1475 4432 Xl.

222 4473 286 4526 Non
304 4478 394 4528 tamen
408 4477 515 4528 valebat
531 4476 613 4542 hujus
630 4473 705 4528 modi
718 4475 770 4528 SC.
782 4473 836 4527 nisi
851 4476 910 4539 lege
924 4477 1056 4540 Augusta,
1071 4471 1164 4537 idest,
1181 4468 1312 4534 rescripto
1330 4468 1476 4518 firmatum.

223 4561 376 4628 Symmach.
394 4562 477 4630 Epist.
492 4561 584 4614 Xan
602 4560 682 4614 Heia.
709 4561 749 4614 Oi.
768 4559 900 4625 schilling
914 4559 991 4612 Rem.
1007 4558 1051 4614 lib.
1066 4559 1103 4613 R.
1117 4559 1261 4624 G.p.298.
1278 4566 1322 4620 sq·
1347 4549 1435 4605 Milli!-
