3062 5164
389 373 444 442 Da
468 373 563 442 duna
588 372 730 458 Qumis.
756 371 811 438 Er
836 343 950 442 01111.
1225 377 1294 444 aul

55 551 183 614 Romam
199 548 411 630 incolebant,
435 548 496 612 diis
518 549 682 633 sacrisque
710 559 881 614 uterentur
892 553 943 630 ¹¹):
959 547 1073 632 Sigon.
1089 549 1129 610 ds
1143 555 1208 610 unt.
1220 551 1299 630 jure

56 663 101 721 cia
115 659 203 720 Rom.
219 660 245 720 I.
260 656 289 718 8.
307 677 340 738 p.
355 645 427 720 116.

616 767 646 848 §.
667 765 719 827 71.

544 880 611 934 Tum
626 883 802 950 priuatorum.

126 981 192 1045 Sed
210 991 304 1046 erant
318 990 452 1066 praeter
467 982 551 1045 haec
562 1003 654 1046 sacra
669 980 803 1065 publica
818 980 980 1064 quaedam
993 979 1139 1064 gentium
1152 979 1298 1064 propria,

58 1088 111 1170 vel,
126 1095 163 1151 ut
177 1089 276 1154 Livio
294 1091 390 1154 V.b2.
400 1099 572 1170 vocantur,
588 1092 753 1172 gentilitia,
770 1112 789 1150 a
806 1086 1011 1172 quibuslibet
1028 1087 1161 1150 familiis
1178 1109 1220 1148 es
1237 1107 1298 1148 usrr

58 1199 231 1260 domesticae
249 1200 435 1276 celebritatis
453 1199 658 1272 obseruanda,
673 1203 710 1260 ut
726 1197 772 1260 ait
787 1195 976 1258 Macrobius
994 1195 1126 1258 Sutura.
1144 1193 1233 1256 1.16.
1250 1199 1295 1272 ΙΙ).

59 1306 99 1366 Ε1
117 1304 202 1368 adeo
219 1307 315 1368 unius
338 1307 447 1389 gentis
469 1314 580 1387 erant,
597 1313 634 1368 ut
655 1325 753 1368 nemo
772 1303 906 1366 illorum
929 1311 1015 1367 esset
1030 1303 1210 1386 particeps,
1235 1300 1297 1362 nisi

60 1411 105 1495 qui
117 1411 172 1474 vel
187 1421 323 1495 natura,
343 1413 398 1477 vel
422 1413 621 1476 Pontificum
645 1413 860 1492 auctoritate,
885 1413 918 1474 in
940 1408 1184 1494 patrisfamilias
1200 1429 1298 1471 manu

61 1541 90 1581 ac
102 1527 265 1603 potestate
277 1530 374 1603 esset,
394 1521 509 1605 quales
525 1531 620 1584 erant
631 1540 761 1597 uxores,
775 1541 858 1603 quae
875 1520 908 1582 in
921 1541 1050 1582 manum
1062 1525 1297 1596 convenerant,

61 1626 220 1713 liberique,
237 1634 305 1690 tum
320 1628 497 1711 naturales,
510 1637 577 1692 tum
597 1629 757 1713 adoptivi.
773 1625 979 1692 colebantur
994 1647 1073 1690 vero
1090 1626 1180 1688 dorni
1195 1645 1299 1709 pena-

118 1836 155 1900 m)
172 1835 214 1886 Ea
225 1837 317 1886 museo
330 1849 407 1887 saura
419 1835 594 1901 municipalia
606 1850 640 1886 ue
652 1839 717 1886 tunc
730 1835 841 1904 quidem
851 1833 1011 1888 deserebant
1018 1831 1178 1900 municipes,
1187 1831 1298 1901 quando

64 1917 161 1970 Romam
176 1919 428 1996 commigraverunt.
447 1922 545 1972 Festus
563 1921 616 1972 sub
633 1936 700 1974 voce
717 1921 886 1989 municipalia
901 1938 930 1989 p.
948 1925 1007 1974 ³24.
1027 1919 1202 1986 Municipctic
1220 1933 1299 1968 sacra

64 2003 119 2055 dictu
135 2013 191 2056 runt
209 2023 250 2068 ea,
268 2023 336 2072 quae
352 2006 425 2058 initio
440 2005 569 2058 debebant
580 2014 639 2057 autc
656 2007 784 2058 ciuitatem
803 2007 954 2058 Romanam
971 2013 1113 2072 acceptam,
1131 2021 1197 2072 quur
1210 2000 1299 2054 obser-

64 2105 113 2138 uare
130 2108 169 2142 eor
185 2091 326 2142 coluerunt
339 2091 491 2159 Pontifices,
510 2101 536 2144 et
553 2090 779 2158 rumorosorum,
794 2109 844 2160 quo
860 2091 1036 2143 adruenissent
1049 2088 1199 2158 antiquitus.
1218 2085 1297 2140 Unde

64 2171 90 2222 de
103 2189 129 2225 se
145 2179 171 2226 et
187 2173 291 2241 Arpino
316 2175 465 2241 municipio
490 2190 541 2227 suo
565 2177 680 2243 loquens
706 2173 802 2226 Cicero
827 2175 858 2226 dc
877 2177 958 2244 Leyy.
977 2175 1018 2228 Il.
1035 2180 1062 2226 2.
1090 2174 1143 2224 Hic
1164 2189 1237 2240 pens,
1257 2171 1298 2222 bic

63 2274 135 2323 ccmo,
151 2259 189 2310 bic
211 2261 343 2329 majorum
367 2261 450 2312 multa
476 2262 591 2329 serapia.
621 2257 648 2330 [1
662 2260 759 2312 Cicero
785 2261 816 2310 de
831 2261 884 2326 flu
910 2259 1001 2310 bonor.
1028 2267 1055 2310 et
1079 2257 1173 2309 mutor.
1203 2257 1232 2309 V.
1263 2257 1297 2318 1.]

39 2375 41 2378 -
64 2341 282 2403 Quemadmodum
301 2359 365 2410 ergo
383 2344 533 2411 municipes
553 2349 670 2400 Romam
688 2345 897 2410 commigrantes
915 2343 1059 2396 servabant
1084 2357 1160 2394 sacra
1183 2339 1297 2392 munici-
1406 2398 1410 2410 Ι

64 2425 138 2490 palia:
155 2427 189 2478 ita
205 2433 232 2480 ct
249 2429 373 2482 coloniae
390 2431 542 2484 retinebant
559 2447 637 2485 sacra
655 2431 750 2497 populi
768 2429 903 2494 Romani,
921 2435 953 2480 ut
969 2427 1074 2481 erudite
1097 2426 1196 2492 probet
1213 2425 1298 2476 Henr.

64 2509 173 2564 Norisius
193 2515 335 2583 Cenatupb.
355 2515 448 2568 Piran.
468 2515 537 2567 Dias.
557 2515 580 2568 Ι.
599 2533 620 2567 c.
640 2521 665 2568 b.
679 2535 709 2586 p.
728 2521 770 2572 72.
790 2517 868 2570 Heio.

120 2599 149 2663 n)
168 2597 229 2650 Tria
249 2599 390 2667 distinguit
399 2601 496 2652 Festus
517 2601 601 2668 (1.1.)
621 2617 760 2655 sacrorum
779 2601 947 2668 privatorum
965 2615 1077 2669 genera:
1090 2613 1160 2668 quae
1178 2611 1228 2664 pro
1245 2595 1299 2648 rin-

66 2681 121 2746 putu
134 2683 283 2744 luminibus,
292 2685 418 2753 familiis,
432 2685 553 2753 pcuabru
570 2687 648 2739 bunt.
675 2689 738 2740 Jam
756 2686 780 2740 si
798 2687 893 2753 primis
910 2687 987 2740 urbis
1005 2689 1110 2740 Romae
1127 2680 1300 2736 incunabulis

70 2766 213 2830 111111111ὴί1
224 2771 343 2834 suerunt,
352 2770 406 2822 nisi
415 2770 551 2824 curiarum
560 2779 651 2838 partes
667 2773 713 2840 (nt
725 2773 834 2840 quidem
844 2773 1021 2839 probabiliter
1034 2771 1088 2826 dici
1097 2770 1212 2836 potest),
1221 2781 1300 2818 mera

70 2866 156 2920 quoque
163 2855 295 2920 gentilitia
299 2854 406 2923 publicu
420 2857 571 2924 antiquitus
583 2857 667 2909 fuisse
677 2857 889 2910 existimandum
902 2864 951 2912 est.
961 2859 997 2910 At
1006 2857 1131 2916 subinde,
1144 2859 1174 2906 ut
1183 2851 1298 2913 videtur,

69 2935 173 3005 pleraque
189 2941 259 2991 lacta
279 2946 342 2991 sunt
351 2939 465 3008 privata,
477 2941 495 2992 i.
504 2959 526 2992 e.
541 2941 713 3006 lautitiarum,
726 2943 780 2994 alia
792 2942 937 3000 exstincta,
950 2943 1004 2995 alia
1015 2942 1051 2994 ad
1063 2940 1236 3008 publicorum
1256 2952 1299 2988 sa·
1355 2967 1359 2976 ·

69 3035 157 3073 crorum
172 3024 306 3077 antistites
325 3027 416 3086 relata,
435 3027 573 3079 nonnullis
591 3032 681 3080 nmen
699 3029 726 3081 in
744 3028 871 3094 gentibus
889 3044 942 3080 usu
961 3032 1103 3090 retentum,
1121 3031 1152 3077 ut
1170 3041 1186 3076 a
1204 3038 1299 3090 procc-

18 3145 19 3150 ,
71 3105 132 3156 ribus
147 3123 189 3172 pro
207 3109 315 3162 sacellis
334 3126 355 3162 s.
375 3111 485 3175 publico
503 3119 595 3164 sumtu
613 3129 691 3166 sacra
711 3113 924 3166 instituerentur.
945 3112 1023 3179 (vid.
1042 3113 1109 3162 locc.
1127 3109 1161 3162 ab
1180 3111 1300 3162 Auctore

70 3189 91 3240 b.
111 3190 166 3259 inl.
182 3195 278 3260 allegg.
298 3194 372 3262 quib.
390 3196 452 3247 add.
471 3195 527 3249 cic.
552 3198 599 3252 Or.
622 3217 676 3267 pro
705 3201 780 3252 dccco
798 3218 820 3250 c.
842 3197 1086 3250 13.1.iv.V1.41.
1108 3193 1137 3245 iu
1157 3193 1228 3246 med.
1246 3191 1299 3244 1x.

69 3277 100 3326 29.
116 3279 178 3330 verb.
198 3279 297 3334 Eodem
315 3282 411 3348 Appio.
432 3283 528 3332 Festus
546 3299 571 3333 v.
591 3283 730 3336 Aurelium
739 3284 878 3350 familiam
896 3288 966 3334 etv.
985 3280 1136 3344 Potitium).
1154 3278 1299 3329 Caeterum

69 3361 126 3412 sarie
140 3364 178 3416 his
196 3365 230 3416 de
248 3365 332 3417 rebus
350 3367 471 3418 sentiunt
488 3367 655 3434 interpretes.
668 3369 732 3420 Vid.
750 3369 823 3421 enim
843 3371 889 3433 (ut
906 3367 974 3419 alios
993 3366 1111 3430 mecam)
1128 3363 1162 3414 dc
1181 3361 1300 3426 savigny

68 3443 118 3496 uber
133 3450 169 3500 die
177 3451 329 3518 juristiscbe
341 3451 521 3520 Bebaudlunp
540 3453 588 3503 der
599 3471 678 3504 socru
692 3455 800 3521 priuata
818 3453 858 3506 bei
869 3455 920 3506 den
936 3452 1065 3515 Rbmcm,
1080 3450 1108 3501 in
1127 3451 1152 3502 d.
1172 3447 1300 3500 Zeitrebr.

62 3529 169 3597 iperet.
189 3536 234 3586 R?
251 3536 291 3588 W.
310 3539 340 3588 T.
359 3537 394 3588 ll.
412 3554 486 3590 num.
508 3539 572 3590 XV.
590 3543 618 3589 et
635 3537 674 3589 ibi
691 3537 726 3588 11.
748 3554 774 3603 p.
799 3543 850 3592 380
863 3542 968 3590 -386.
989 3535 1051 3604 (qui
1073 3534 1183 3604 quidem
1202 3532 1300 3584 erroris

68 3617 139 3679 trguit
154 3619 274 3688 Festum,
294 3622 370 3689 quod
384 3623 502 3674 familiae
520 3639 606 3685 sacra,
624 3629 762 3689 tamquam
781 3624 900 3688 diversa,
919 3628 1013 3674 contra
1035 3628 1119 3688 ponat
1135 3617 1301 3686 gentilitiis).

68 3699 165 3755 Dirkseu
181 3704 247 3757 iiber
272 3707 322 3757 den
342 3708 464 3759 Zustand
486 3707 534 3758 der
547 3708 607 3777 jur.
627 3707 767 3758 Personeu
791 3706 819 3758 in
839 3708 882 3774 ej.
908 3709 955 3760 cic.
980 3706 1049 3760 Abb.
1074 3709 1108 3760 ll.
1132 3723 1160 3772 p.
1182 3709 1243 3757 9-
1260 3707 1300 3755 13.

67 3782 154 3840 Walter
166 3791 351 3859 Recbtspescb.
369 3808 395 3858 p.
412 3797 455 3845 rs.
469 3799 525 3846 not.
543 3797 585 3845 37.
603 3793 735 3845 Huschke
756 3792 865 3844 Studien
883 3793 907 3844 d.
929 3793 1017 3844 1111.
1036 3809 1063 3857 p.
1084 3797 1140 3846 147.
1158 3791 1224 3858 ibiq.
1243 3795 1299 3841 not.

70 3874 100 3921 18·
110 3901 137 3913 -
150 3874 318 3942 Sinpulcrum
336 3895 413 3929 rccrc
431 3895 492 3930 cum
507 3878 622 3943 pecunia
630 3878 647 3929 i.
661 3895 684 3930 e.
703 3878 851 3930 hereditate
865 3878 1008 3944 conjuncta
1024 3879 1112 3938 luere;
1131 3883 1159 3928 at
1170 3874 1301 3942 pontificii

66 3953 122 4018 juris
136 3959 245 4024 ratione,
259 3975 329 4028 quae
347 3964 502 4016 conservari
514 3980 591 4030 sacra
602 3964 631 4016 in
650 3967 819 4029 perpetuum,
832 3971 963 4030 quantum
978 3964 1006 4015 id
1022 3963 1078 4014 fieri
1093 3966 1194 4027 posset,
1204 3960 1299 4020 voluit,

68 4041 170 4096 utimum
187 4052 235 4108 est,
254 4051 285 4096 ut
303 4045 349 4097 1111
364 4063 482 4116 quoque,
500 4055 606 4114 praeter
624 4049 745 4112 heredes,
765 4047 849 4099 sacris
868 4049 1114 4114 adstringerentur‚
1136 4047 1210 4096 velut
1228 4046 1300 4109 lega·

69 4126 123 4188 tani,
140 4129 183 4196 qui
195 4131 364 4183 tantumdem
379 4140 514 4198 caperent,
530 4139 661 4202 quantum
677 4147 770 4185 omnes
783 4135 904 4197 heredes,
917 4133 954 4195 hi,
969 4132 1017 4200 qui
1035 4130 1162 4184 debonis
1180 4128 1301 4180 defuncti

69 4209 193 4269 plurimum
212 4215 450 4279 possidendo-usu
468 4219 614 4285 cepissent,
629 4219 682 4271 alii.
702 4217 801 4270 Variae
819 4225 908 4269 tamen
926 4223 998 4268 artes
1016 4218 1051 4268 ad
1072 4216 1237 4267 eludendum
1252 4214 1300 4280 jus
1386 4277 1407 4301 Ι.

69 4291 123 4345 illud
144 4299 304 4361 pontificiali*
330 4301 466 4356 adhibitae
493 4309 570 4363 sunt,
594 4304 723 4356 nimirum
747 4309 779 4355 ut
804 4320 820 4355 a
842 4317 981 4356 sacrorum
1000 4302 1124 4354 molestia
1142 4299 1300 4351 liberaretur

69 4382 170 4440 11111111.
188 4383 251 4437 Vid.
269 4387 365 4439 Cicero
384 4391 415 4440 de
434 4389 508 4457 lepib.
532 4389 567 4444 ll.
586 4407 607 4441 c.
635 4393 766 4443 19-21.
789 4389 822 4440 de
841 4387 959 4451 Savigny
984 4395 1120 4438 comment.
1142 4385 1212 4436 laud.
1233 4384 1254 4436 Ι.
1273 4401 1299 4450 p.
1353 4399 1360 4414 ·

69 4465 218 4610 &bl-Ilm
231 4469 327 4609 lqliupl.
345 4476 405 4527 ³87.
425 4490 484 4542 sqq.
503 4473 569 4542 ibiq.
587 4473 711 4542 inprimis
735 4491 762 4541 p.
784 4479 844 4528 396.
863 4487 923 4540 sqq.
946 4471 1011 4524 Vid.
1029 4477 1056 4524 et
1074 4485 1156 4538 supra
1175 4469 1227 4522 Tit.
1246 4469 1299 4524 Xl.
