3056 5154
219 416 293 484 676
367 409 442 477 Lus
467 407 532 476 111.
556 405 592 473 T
593 429 637 474 rr.
656 402 980 473 nun-xxvii.
1004 402 1322 490 (ml-xm)

219 589 377 672 qucjure
406 581 690 646 escanella.
721 579 1265 660 Pon-Burmannnsdcoecta'gal.
1290 579 1469 660 poph-

219 689 426 774 0.9.p.16a

733 825 741 834 ,
791 793 894 875 9,Ῑᾶ
1519 803 1520 826 1

561 911 704 964 Societam
714 911 840 978 privam
857 925 938 977 qm
953 906 1130 966 malm

302 1011 430 1078 Privati
452 1010 629 1073 societates
642 1011 727 1074 inire
750 1017 908 1093 poterant
922 1017 990 1070 tum
1005 1007 1149 1068 omnium
1172 1007 1336 1069 bonorum
1355 1011 1473 1086 (amco

219 1126 380 1204 πραξὶαν),
395 1117 469 1199 vel,
492 1126 529 1180 ut
543 1117 707 1200 Ulpianus
721 1118 758 1177 L.
772 1116 824 1178 76
834 1136 887 1197 pr.
904 1116 946 1174 1).
961 1118 1030 1174 Pro
1045 1135 1105 1176 sac.
1121 1123 1234 1195 vocat,
1249 1113 1473 1176 universarum

219 1229 441 1307 fortunarum,
462 1234 531 1287 tum
553 1225 648 1286 unius
667 1221 833 1306 cujusdam
854 1221 1108 1303 negotiationisz
1130 1219 1208 1304 Gaji
1224 1223 1304 1284 [nst
1322 1221 1408 1284 119.
1422 1222 1473 1282 lu

223 1338 399 1415 (conmwnt.
414 1333 477 1398 III.
495 1331 584 1412 148.)
616 1330 758 1407 Quoties
779 1329 869 1413 prius
892 1328 1001 1389 fuerat
1021 1325 1160 1390 factum:
1188 1349 1416 1412 quaecumque
1440 1330 1474 1390 in

220 1442 368 1506 dominio
393 1440 557 1503 sociorum
583 1446 694 1519 erant,
721 1457 794 1499 cum
818 1433 957 1519 reliquis
982 1433 1474 1518 quoquelcommunicabantur,

219 1551 258 1612 L.
272 1549 302 1611 1.
314 1550 344 1631 §.
360 1548 389 1609 1.
407 1548 445 1608 L.
458 1547 489 1609 2.
505 1548 547 1607 1).
562 1547 629 1607 Pro
642 1565 703 1607 soc.
718 1544 821 1628 idque
837 1563 904 1604 nou
926 1550 1066 1624 propter
1080 1563 1292 1622 consensum,
1311 1544 1370 1626 qui
1387 1543 1474 1605 solus

220 1657 264 1720 ad
285 1653 548 1718 transferendum
573 1652 751 1715 dominium
773 1671 840 1712 nou
860 1649 994 1712 sufficit:
1013 1650 1053 1712 1..
1069 1649 1122 1711 20.
1139 1649 1172 1711 0.
1193 1651 1233 1710 de
1251 1653 1347 1712 Pact.
1363 1671 1474 1714 renim

221 1764 299 1849 quia
315 1761 449 1824 traditio
466 1760 628 1844 quaedam
642 1760 745 1822 tacita
759 1757 977 1820 intervenisse
994 1756 1204 1836 credebatur,
1222 1766 1258 1819 et
1273 1757 1383 1821 veluti
1397 1779 1475 1820 con·

219 1871 367 1935 stitutum
383 1866 631 1952 possessorium,
647 1866 696 1929 uti
709 1863 880 1950 praeclare
896 1864 997 1927 docet
1011 1863 1091 1926 Ger.
1105 1864 1223 1926 Noodt
1236 1867 1377 1927 Prodat.
1391 1867 1434 1927 11.
1447 1864 1475 1926 6.

220 1981 276 2040 ult.
302 1976 385 2054 (vid.
400 1977 437 2037 L.
452 1974 483 2036 2.
500 1976 541 2035 D.
550 1994 612 2055 pro
626 1976 703 2052 soc.)
729 1975 774 2036 Et
796 1971 873 2036 talis
897 1980 969 2033 erat
991 1971 1178 2033 communio
1202 1973 1369 2034 bonorum
1392 1973 1475 2034 inter

220 2082 489 2167 Pythagoraeos,
512 2081 616 2144 dictos
638 2079 716 2142 ideo
734 2085 917 2162 κοινοβιόυς.
944 2078 1022 2140 Vid.
1043 2077 1249 2142 Jamblichus
1274 2083 1340 2140 vito
1355 2081 1474 2160 Pptinr-

220 2211 320 2278 gorae
340 2211 365 2251 o.
381 2191 414 2251 5.·
425 2211 520 2270 segm.
539 2189 590 2250 29.
607 2197 641 2251 et
655 2209 681 2251 c.
700 2187 751 2250 17.
767 2209 862 2270 segm.
876 2184 927 2246 72.
941 2184 993 2246 74.
1014 2185 1217 2268 Porphyrius
1233 2190 1300 2248 vata
1316 2187 1475 2268 Pythago

220 2319 278 2360 roe
297 2318 394 2380 segm.
407 2296 458 2360 20.
475 2306 509 2360 et
527 2297 571 2358 ibi
586 2297 666 2358 Luc.
680 2293 876 2358 Holstenius
896 2301 930 2356 et
947 2293 1045 2356 Gonr.
1060 2291 1300 2356 Rittershusius
1324 2293 1360 2356 in
1377 2295 1475 2356 Notis

817 2520 824 2534 .
844 2473 895 2536 16.

663 2587 731 2640 Tum
747 2475 825 2640 narde
842 2589 1032 2656 nepotiotionis.

304 2691 410 2756 Unius
433 2689 570 2775 alicujus
591 2687 829 2770 negotiationis
851 2690 991 2752 societas
1014 2671 1091 2753 iniri
1111 2709 1173 2772 pro
1196 2687 1307 2752 lubitu
1332 2699 1473 2774 poterat,

221 2797 532 2880 conditionibusque
557 2795 829 2878 quibuscumque:
851 2796 936 2859 adeo
961 2803 996 2859 ut
1016 2805 1051 2860 et
1072 2805 1150 2859 tunc
1168 2797 1299 2860 valeret
1324 2797 1474 2876 societas,

221 2908 247 2971 si
264 2927 344 2970 unus
367 2903 541 2989 pecuniam
564 2901 675 2984 daret,
691 2902 776 2966 alter
797 2925 930 2986 operam
948 2924 1008 2988 pro
1032 2904 1174 2987 pecunia
1189 2905 1372 2969 conferret.
1395 2905 1474 2968 Nam

221 3022 255 3076 et
270 3022 365 3093 tunc,
379 3019 416 3073 ut
431 3009 604 3093 eleganter
618 3011 756 3074 Plautus
771 3015 923 3073 Asinaria
939 3009 1049 3095 [*Act.
1066 3013 1091 3074 I.
1106 3033 1148 3074 sc.
1163 3011 1193 3074 3.
1209 3033 1236 3076 o.
1251 3011 1323 3096 26]

366 3135 437 3196 Por
455 3138 533 3215 pari
550 3135 658 3196 datum
680 3135 913 3208 hostimentu'st,
936 3156 1031 3216 opem
1049 3123 1109 3217 pro
1125 3138 1272 3216 pecunia.

179 3259 184 3269 ’
220 3258 298 3322 Vid.
314 3263 348 3320 L.
363 3257 413 3319 52.
428 3258 457 3340 §.
471 3256 501 3318 2.
517 3259 559 3320 D.
575 3259 642 3321 Pro
657 3280 717 3321 soc.

815 3453 823 3469 .
844 3405 894 3467 17.

454 3523 573 3574 Lucrum
591 3531 617 3574 et
634 3523 757 3574 &mnam
770 3407 902 3592 .qr§wmodo
920 3523 1029 3575 diam
1046 3523 1118 3574 ister
1134 3523 1234 3576 roche?

303 3619 474 3704 Quidquid
489 3643 532 3685 ex
548 3623 723 3703 societate,
737 3621 796 3686 illa
811 3630 999 3705 constante,
1015 3623 1124 3690 fuerat
1143 3623 1365 3708 adquisitum,
1388 3649 1477 3690 com-

219 3749 317 3792 mune
337 3735 408 3791 erat
424 3728 520 3790 sociis
535 3730 700 3811 omuibus,
716 3737 751 3791 et
772 3728 983 3792 dividebatur
1001 3731 1149 3814 partibus
1171 3731 1286 3815 aequis
1301 3733 1348 3813 ἰ),
1364 3733 1393 3794 si
1411 3755 1475 3796 non

220 3834 317 3898 aliter
338 3833 434 3898 initio
457 3835 544 3900 inter
566 3837 671 3900 socios
695 3837 919 3902 convenisset:
942 3838 978 3898 d.
1000 3837 1050 3900 29.
1072 3861 1122 3920 pr.
1143 3840 1185 3901 J).
1209 3839 1248 3900 de
1271 3838 1342 3900 Soc.
1363 3840 1474 3904 Recte

220 3943 305 4006 enim
329 3963 371 4006 ex
389 3944 425 4026 L.
444 3941 494 4004 63.
504 3963 557 4026 pr.
574 3945 614 4004 1).
633 3948 701 4006 Pro
718 3966 778 4006 soc.
799 3945 1006 4008 observatum
1032 3954 1093 4008 est·
1105 3969 1124 4008 a
1147 3945 1188 4009 V.
1203 3946 1240 4008 C.
1258 3944 1473 4031 Schultingio

212 4071 247 4131 p.
260 4048 343 4131 171,
359 4050 447 4136 inter
462 4050 568 4112 socios
585 4071 628 4112 ex
643 4060 791 4116 veterum
803 4052 969 4114 sententia
984 4052 1206 4116 intercessisse
1222 4051 1474 4135 quodammodo

211 4155 266 4238 jus
289 4154 516 4218 fraternitatis:
535 4155 572 4217 J..
588 4156 638 4226 63.
654 4180 704 4239 pr.
720 4160 761 4219 D.
776 4160 841 4221 eod.
863 4159 1142 4242 arctissimamque
1161 4157 1351 4221 amicitiam.
1373 4159 1472 4236 Quae

285 4388 314 4455 i)
337 4391 391 4442 Per
407 4391 455 4442 has
472 4391 569 4448 merito
584 4392 738 4460 intelligunt
750 4398 825 4461 tales,
838 4411 908 4464 qnae
920 4395 1059 4450 collationi
1071 4395 1249 4460 respondean
1267 4393 1297 4446 id
1312 4400 1363 4457 est,
1377 4402 1470 4460 partes

213 4489 266 4540 pro
283 4481 352 4533 rato,
372 4475 495 4541 quamvis
512 4476 618 4541 injure
634 4477 702 4530 alias
726 4485 817 4544 partes
840 4481 962 4548 aequales
986 4483 1029 4534 vel
1052 4497 1153 4549 ¹aequas
1174 4479 1300 4538 dicantur
1317 4480 1410 4532 viriles
1429 4482 1470 4530 ret

214 4571 302 4622 pares.
324 4557 385 4608 Vid.
405 4560 486 4612 Baro.
503 4560 663 4612 Brissonins
683 4562 713 4612 dc
732 4560 834 4615 verbor.
847 4567 982 4634 sipnficat.
1001 4566 1052 4618 sub
1065 4566 1114 4618 hac
1127 4581 1200 4618 voce.
1218 4565 1300 4616 Heia.

658 4723 663 4756 t
