3056 5154
209 387 283 454 ara
356 379 435 450 aa.
459 379 524 450 1n.
545 379 630 450 τι..
653 376 977 447 xxrn--xxvn
1002 373 1317 467 (ran-xxm.)

209 556 393 642 pericnlum
418 554 478 637 rei,
498 553 628 620 etiamsi
653 553 800 618 nondum
824 553 981 636 traditae,
1008 553 1052 617 ad
1080 563 1240 617 amtorem
1262 551 1460 636 pertinebat,

209 665 307 743 adeo,
322 671 370 742 ut,
392 662 489 725 sires
503 662 636 725 interim
651 663 815 746 periisset,
830 663 973 747 pretium
987 671 1099 726 tamen
1115 672 1204 725 esset
1217 660 1462 750 numerandum,

210 772 342 838 amabi
356 768 441 834 nibil
456 778 718 855 consequeretur
732 780 849 834 emtor.
868 771 906 834 Si
919 777 1030 833 tamen
1045 789 1168 852 sersus,
1184 771 1276 834 bona
1293 767 1363 830 ade
1377 787 1464 830 com-

209 887 353 965 paratus,
369 879 449 963 fuga
472 896 508 940 se
530 877 740 961 proripuerat
763 897 807 940 ex
831 879 940 942 veteri
963 879 1055 952 vitio,
1070 877 1209 958 scilicet,
1224 885 1262 940 ut
1275 877 1348 960 jam
1369 884 1466 939 antea

211 985 301 1071 apud
314 984 524 1048 venditorem
539 984 695 1068 fugissem
715 1007 782 1050 non
793 993 921 1048 tantum
936 986 1079 1070 pretium
1099 973 1266 1065 venditor,
1290 982 1351 1046 sed
1366 991 1401 1045 et
1414 1003 1464 1063 ea,

211 1113 298 1178 quae
313 1092 501 1177 perfugam
522 1091 705 1156 abstulerat
718 1093 764 1175 b),
789 1089 932 1156 reddere
947 1095 1146 1177 cogebaturz
1169 1089 1293 1154 Paulas
1314 1089 1465 1152 Sarmata

210 1202 351 1281 Ileceptt.
367 1201 410 1262 Π.
433 1199 485 1261 17.
507 1198 558 1261 ll.
581 1198 735 1283 anacius
754 1200 930 1263 ammata
948 1198 1073 1262 XVIII.
1094 1201 1147 1262 10.
1177 1197 1406 1282 Sebuitingius
1425 1198 1467 1257 cd

155 1292 158 1298 '
210 1309 307 1371 rau.
321 1308 392 1370 aaa.
402 1327 436 1388 p.
450 1305 523 1368 aaa.
625 1345 633 1359 .

673 1475 677 1482 .
798 1423 828 1503 5.
849 1423 880 1483 5.

741 1537 775 1590 Ut
789 1537 944 1604 assuetas.

298 1638 584 1718 Quemadmodum
596 1657 676 1700 vero
693 1637 874 1722 periculum
891 1638 933 1702 ad
949 1646 1110 1700 emtorem
1122 1637 1326 1722 pertinebat,
1342 1639 1468 1704 etiamsi

213 1746 359 1812 nondum
383 1754 470 1810 esset
495 1745 662 1809 dominus:
693 1746 739 1808 ita
765 1753 801 1810 et
822 1767 865 1808 ex
895 1745 950 1808 die
970 1745 1134 1826 emtionis,
1159 1746 1186 1808 si
1216 1746 1360 1830 pretium
1386 1757 1469 1810 esset

213 1861 429 1935 numeratum,
452 1861 487 1915 et
509 1853 643 1934 finctus,
659 1861 695 1916 et
720 1875 844 1940 operae
861 1845 1040 1935 servorum,
1064 1861 1100 1916 et
1122 1853 1232 1916 foetus
1250 1874 1423 1936 pecorum,
1439 1861 1470 1916 et

215 1961 408 2026 ancillarum
438 1970 550 2044 partus
579 1959 776 2046 reliquaque
804 1960 1030 2027 emolumenta
1054 1961 1166 2024 omnia
1197 1964 1334 2026 emtoris
1358 1973 1469 2026 erant:

215 2067 313 2130 Pauli
330 2069 483 2130 Sententt.
505 2068 646 2148 Receptt.
657 2070 702 2132 Π.
715 2069 804 2132 17.7.
819 2069 857 2132 Ι..
866 2069 918 2132 41.
933 2069 962 2150 5.
972 2071 1003 2130 5.
1016 2069 1059 2131 D.
1072 2073 1111 2132 dc
1126 2070 1242 2132 Fritea‘c.
1259 2071 1361 2132 libert.
1372 2067 1470 2154 Cuju-

216 2175 284 2239 cius
302 2176 478 2238 Observata
495 2175 586 2237 XXI.
602 2174 653 2238 15.

800 2291 830 2372 §.
851 2291 882 2352 6.

738 2407 811 2465 Quid
827 2409 954 2460 moditia?

300 2507 449 2590 Sequuta
463 2506 655 2585 traditione,
669 2504 769 2568 etiam
786 2506 965 2572 dominium
982 2510 1252 2589 transferebatur,
1272 2511 1300 2572 si
1314 2510 1470 2574 venditor

217 2622 305 2699 esset
326 2614 486 2691 dominus,
503 2621 538 2676 et
553 2620 631 2676 tunc
645 2615 754 2676 atatim
770 2615 965 2680 solvendum
982 2626 1053 2682 erat
1068 2618 1221 2701 pretium,
1243 2626 1300 2682 aut
1316 2627 1412 2682 certe
1431 2639 1470 2682 ex

218 2743 259 2786 eo
275 2729 426 2806 tempore
442 2741 558 2784 usurae
574 2720 793 2803 debebantur,
809 2723 871 2786 nisi
887 2723 930 2786 de
947 2746 988 2790 eo
1000 2725 1082 2790 fides
1098 2725 1213 2790 fuisset
1224 2725 1352 2790 habita:
1374 2725 1471 2790 Pauli

218 2833 371 2894 &nasuta
383 2829 521 2911 Recepit.
537 2830 580 2892 Il.
594 2829 645 2893 17.
659 2827 690 2890 9.
700 2829 738 2891 L.
752 2829 783 2892 6.
794 2831 823 2912 5.
834 2830 863 2893 l.
874 2834 916 2906 D.
931 2835 970 2894 de
988 2834 1080 2897 Usur.
1102 2835 1238 2898 Interea
1252 2842 1363 2896 tamen
1382 2833 1472 2898 saiva

219 2946 292 2999 erat
307 2936 426 2998 emtori
440 2931 620 2999 redhibitio
637 2938 681 3000 ob
696 2937 803 3002 latens
819 2939 950 3020 vitium,
966 2941 1066 3004 modo
1082 2941 1168 3004 intra
1183 2961 1252 3016 aex,
1266 2939 1368 3005 modo
1386 2940 1471 3004 intra

220 3042 302 3110 duos
322 3063 449 3105 menses
471 3043 587 3106 utiles:
609 3042 707 3108 Pauli
724 3047 878 3110 Secteott.
892 3049 1030 3129 Receptt.
1046 3050 1089 3109 II.
1104 3048 1153 3110 17.
1168 3049 1198 3114 b.
1216 3047 1252 3110 L.
1267 3047 1297 3110 9.
1312 3048 1344 3128 5.
1362 3050 1424 3110 ult.
1439 3047 1471 3110 Ia

219 3152 269 3212 55.
287 3152 328 3213 D.
344 3153 383 3231 de
397 3152 498 3214 Aedil.
512 3153 601 3216 edict.

827 3269 879 3330 .7.

746 3269 825 3441 Quid
835 3386 943 3437 ericae?

303 3482 359 3547 Ad
376 3483 573 3548 evictionem
590 3483 680 3566 quod
696 3485 832 3566 attinet,
850 3486 1014 3570 venditor,
1030 3497 1168 3573 accepto
1184 3486 1305 3571 pretio,
1328 3487 1472 3550 auctori·

206 3591 297 3656 tatis
320 3591 443 3681 actioni
465 3574 620 3656 manebat
645 3592 825 3656 obnoxius:
851 3593 949 3658 Pauli
972 3595 1127 3660 Sententt.
1150 3595 1291 3678 Recepta
1309 3595 1353 3657 ΙΙ.
1372 3594 1472 3656 17.1

220 3698 280 3762 Sin
296 3706 422 3782 partem
445 3706 571 3763 tantum
587 3701 768 3783 accepisset
787 3702 904 3784 pretii,
920 3710 1057 3768 eatenus
1073 3704 1243 3768 dumtaxat
1262 3703 1473 3766 auctoritatis

221 3805 356 3868 nomine
379 3806 570 3870 tenebatur:
591 3807 629 3870 h.
644 3807 696 3872 13.
715 3810 743 3891 5.
765 3807 795 3872 9.
811 3810 851 3872 da
867 3812 1034 3874 Aca-emti.
1063 3812 1254 3876 Auctoritas
1278 3827 1361 3874 vero
1385 3809 1473 3872 idem

224 3919 388 3996 astatque
406 3915 492 3977 actio
513 3913 555 3976 de
572 3915 755 3979 evictione:
771 3917 808 3978 L.
824 3920 880 3980 ult.
894 3919 935 3981 1).
949 3920 988 3981 de
1004 3921 1104 3982 Eaiot.
1118 3921 1217 3984 Barn.
1233 3918 1422 3982 Brimouiua
1437 3919 1474 3980 da

291 4124 324 4191 b)
345 4125 473 4177 Sciebant
491 4124 562 4178 enim
580 4127 660 4192 servi,
684 4127 844 4198 priusquam
861 4147 892 4184 se
909 4133 937 4185 in
955 4133 1038 4199 pedes
1056 4131 1229 4202 conjicerent,
1247 4131 1356 4200 aliquid
1374 4147 1474 4186 wurt-

222 4224 297 4262 sare:
316 4211 423 4263 Terent.
445 4211 554 4264 Piorm.
573 4214 670 4267 Acal.
688 4232 723 4266 sc.
741 4219 765 4268 4.
784 4234 807 4268 a.
827 4223 867 4270 li.
885 4235 939 4287 sqq.

362 4325 395 4334 -
412 4323 446 4333 -
465 4325 497 4334 -
517 4297 586 4351 Nam
604 4295 699 4369 absque
717 4316 747 4350 eo
766 4309 839 4362 emet,

363 4381 446 4433 Recte
464 4401 511 4450 ³9⁰
530 4384 595 4435 milri
613 4384 740 4448 vidissem,
759 4395 784 4437 et
802 4387 870 4438 senis
888 4403 972 4444 errem,
986 4386 1057 4438 albu
1074 4386 1258 4445 iracundiam,-

361 4464 471 4535 Aiiqur'd
481 4483 668 4528 mammeam,
686 4476 763 4536 atque
781 4469 842 4522 tine
852 4487 894 4522 me
904 4471 1061 4540 edificarem
1069 4471 1191 4539 protinas
1204 4472 1232 4522 ris
1245 4471 1334 4540 pedes.

226 4547 266 4600 Cf.
284 4547 412 4614 Cujaciut
433 4551 560 4604 Paratr'tl.
582 4553 611 4605 0.
630 4553 661 4604 de
679 4551 757 4606 narr.
775 4563 801 4605 rt
816 4571 884 4638 aare.
903 4565 1022 4624 corrupt.
1040 4556 1121 4608 Heia.
