3062 5156
381 385 437 452 De
461 383 557 452 June
582 381 723 468 Qumis.
749 385 807 454 Er
828 385 941 454 Crvrr.
1218 393 1292 460 258

53 565 218 648 iutegrams
238 561 277 624 I..
291 560 322 623 6.
338 559 369 641 9
389 558 419 620 1.
435 561 476 620 D.
493 560 537 620 od
550 557 588 622 1..
605 559 668 622 Jol.
691 560 731 622 de
749 562 847 622 adult.
870 579 937 623 non
960 569 1069 626 eutem
1091 561 1125 626 in
1151 561 1292 626 obscuro

52 671 116 734 loco
135 676 264 749 natam,
286 666 449 748 ludionis,
470 666 619 745 lenonis,
638 667 780 732 arenarii
795 667 913 750 filiam,
939 670 994 732 vel
1017 689 1103 753 quae
1120 677 1291 754 quaestum

54 797 176 860 corpore
193 775 335 840 fecerat:
349 774 387 835 Ι..
397 772 428 835 3.
437 793 491 854 pr.
502 775 543 834 D.
559 775 599 836 de
616 773 863 838 Consuetudo
880 784 915 838 et
933 773 1144 840 Ovidioerrt.
1160 787 1292 840 mnotor.

54 885 105 946 nt.
116 884 179 943 Lo.
189 881 241 948 33.
258 881 432 966 amplexus
442 878 629 964 hujusmodi
645 880 911 944 muliercularum
926 891 1002 946 sunt
1022 867 1127 946 Venus
1138 893 1208 946 tuta
1220 904 1293 946 oon·

54 989 306 1069 cessoquesorta,
322 987 417 1070 quia,
434 987 578 1070 quicum
596 985 655 1050 tali
673 986 881 1051 seminarem
902 989 1079 1072 habuerat,
1099 991 1202 1074 stupri
1216 1011 1292 1054 reus
1334 1001 1336 1012 '

54 1095 124 1158 haud
139 1075 213 1158 erat
235 1115 279 1156 ex
293 1095 386 1177 Lege
402 1093 493 1157 Julia
510 1094 552 1156 de
569 1093 749 1157 adulteriis.
771 1095 848 1158 Hae
865 1116 946 1178 ergo
963 1105 998 1160 et
1017 1096 1052 1160 in
1070 1098 1292 1162 concubinatu

55 1224 110 1266 esse
124 1210 297 1285 poterant:
317 1222 384 1264 non
408 1200 551 1263 feminae
573 1199 739 1286 ingenuae
761 1210 797 1265 et
817 1203 1034 1266 honestiores.
1056 1204 1164 1285 Hinc,
1182 1205 1208 1268 si
1227 1203 1292 1266 hee

55 1332 111 1373 cum
125 1309 203 1372 viris
226 1317 352 1390 essent,
369 1317 426 1370 aut
449 1326 569 1370 uxores
592 1308 895 1392 praesumebantur,
911 1317 968 1373 aut
993 1311 1096 1393 stupri
1110 1331 1186 1372 reus
1202 1319 1294 1374 uter·
1378 1387 1383 1396 ι

55 1439 106 1502 que
121 1424 202 1498 erat,
214 1416 241 1479 si
257 1439 292 1480 se
307 1423 448 1500 negaret
463 1416 576 1478 vivere
593 1415 627 1476 in
638 1416 859 1498 matrimonio,
873 1439 930 1480 nec
947 1427 1052 1480 tomen
1067 1419 1180 1480 muls'er
1195 1425 1293 1478 testa-

55 1529 148 1586 tionem
164 1527 418 1605 s‘nterposuisset,
433 1543 467 1584 se
484 1542 545 1585 suo
561 1530 669 1603 sponte
687 1526 720 1584 in
735 1525 941 1586 concubinatu
957 1529 1074 1586 mirere:
1089 1525 1127 1587 L.
1142 1524 1172 1587 3.
1183 1545 1235 1605 pr.
1251 1524 1293 1586 D.

55 1634 86 1694 de
101 1633 226 1713 concub.
251 1631 314 1694 Cui
329 1630 399 1713 legi
420 1628 506 1692 male
523 1629 626 1712 vulgo
645 1629 776 1692 obverti
793 1627 831 1692 1..
848 1629 899 1691 24.
916 1632 956 1693 D.
970 1633 1009 1694 de
1023 1632 1062 1692 R.
1075 1633 1118 1693 N.
1136 1639 1170 1693 et
1186 1630 1223 1692 1..
1241 1629 1292 1692 31.

52 1761 93 1821 pr.
111 1742 149 1804 D.
171 1741 211 1800 de
232 1739 349 1799 Donat.
374 1737 452 1800 satis
474 1735 649 1819 perspicue
672 1735 874 1800 ostendimus
897 1739 931 1800 in
959 1741 1126 1802 Commeat.
1148 1738 1193 1799 od
1214 1737 1293 1822 Lag.

58 1847 106 1909 dol.
118 1856 145 1909 et
163 1847 244 1927 Pop.
260 1845 359 1926 Popp.
374 1843 412 1904 L.
428 1844 471 1906 II.
485 1864 511 1904 o.
525 1843 555 1904 4.
567 1864 601 1925 p.
615 1843 686 1908 172.
701 1864 747 1926 sq.

612 1996 642 2076 §-
663 1995 712 2056 41.
750 2035 754 2040 -

423 2112 538 2171 Quinam
557 2109 715 2162 concubinos
732 2112 906 2166 adsciverint!

125 2213 280 2292 Quamvis
296 2220 407 2276 autem
422 2220 457 2274 et
472 2209 565 2274 licit'a
584 2231 646 2273 nec
663 2209 839 2276 inhonesta
853 2213 1013 2275 Romanis
1027 2212 1196 2278 videretur
1209 2216 1293 2280 haec

58 2323 254 2402 consuetudo,
267 2341 306 2384 ac
321 2340 401 2382 vere
417 2316 595 2402 inaequale
611 2324 698 2380 esset
713 2318 969 2380 matrimonium:
988 2319 1023 2380 L.
1032 2318 1063 2381 3.
1076 2320 1109 2382 0.
1121 2323 1161 2383 de
1174 2323 1293 2409 Natus.

57 2430 111 2502 bb,
124 2439 231 2492 tamen
249 2449 312 2492 nec
327 2428 418 2510 ipsae
439 2424 642 2489 concubinae
662 2445 799 2488 uxorum
820 2425 985 2510 dignitate
1005 2432 1040 2487 et
1052 2425 1183 2510 juribus
1203 2428 1294 2492 frue-

58 2536 169 2612 bantur,
187 2557 250 2599 nec
273 2535 373 2599 liberi
391 2534 469 2597 inde
491 2532 560 2596 nati
581 2530 723 2615 legitimi
746 2541 857 2614 erant,
877 2532 1135 2609 connaturales,
1156 2555 1292 2619 quorum

59 2640 94 2702 de
113 2643 298 2706 conditione
322 2662 419 2726 supra
443 2641 501 2704 stt.
519 2640 560 2701 Χ.
580 2639 745 2724 quaedam
768 2640 962 2704 notavimus.
991 2641 1082 2704 Hinc
1107 2650 1142 2704 et
1163 2642 1188 2704 ii
1209 2641 1293 2726 fere,

61 2749 110 2830 qui
124 2751 186 2834 jam
213 2772 256 2813 ex
276 2750 368 2832 justo
396 2748 604 2812 matrimonio
627 2745 752 2810 liberos
776 2755 1005 2831 procrearent,
1033 2749 1230 2834 patriaeque
1260 2758 1295 2814 et

59 2855 175 2922 Priamo
198 2859 350 2920 fecerant
375 2855 469 2938 satis,
486 2855 700 2917 concubinam
720 2853 875 2917 solebant
897 2854 931 2916 in
952 2853 1075 2918 lectum
1099 2855 1293 2940 adsciscere,

60 2983 95 3024 ne
110 2964 215 3028 liberis
233 2963 430 3028 inducerent
445 2983 638 3044 novercam,
662 2980 819 3044 spemque
835 2960 1031 3026 hereditatis
1049 2961 1106 3043 iis,
1123 2963 1207 3026 nibil
1224 2964 1292 3028 tale

60 3073 178 3155 meritis,
196 3075 464 3136 interverterent.
486 3068 541 3132 Sic
556 3068 781 3152 Vespasianus
799 3068 986 3152 Imperator
1004 3077 1080 3152 post
1099 3071 1211 3134 uxoris
1233 3093 1294 3134 ex-

59 3199 165 3244 cessum
184 3179 385 3258 Caenidem,
402 3175 572 3240 Antoniae
596 3175 768 3256 libertam,
790 3176 960 3240 revocavit
976 3174 1010 3238 in
1029 3176 1293 3262 contubernium,

60 3294 89 3348 et
105 3309 201 3369 paene
220 3288 333 3372 justae
357 3283 468 3348 uxoris
488 3281 577 3363 loco,
601 3281 636 3345 id
658 3288 723 3356 est,
745 3282 779 3344 in
803 3282 1024 3347 concubinatu
1048 3280 1180 3345 babuit:
1201 3284 1293 3350 Suet.

64 3392 174 3474 Vespas.
191 3417 217 3456 c.
236 3394 267 3457 3.
285 3393 379 3457 Idem
402 3390 482 3454 fecit
497 3388 687 3452 Antoninus
701 3387 798 3451 Pius:
813 3388 882 3452 Jul.
902 3388 1044 3474 Capitol.
1063 3391 1115 3450 cit.
1134 3392 1252 3452 Arcton.
1267 3413 1293 3454 c.

58 3497 84 3560 8.
102 3499 178 3564 idem
195 3511 230 3564 et
245 3501 376 3564 Marcus
393 3495 591 3578 Antoninus,
609 3496 692 3559 recti
713 3495 859 3580 exempli
876 3496 1072 3580 Imperator,
1092 3496 1159 3580 qui,
1179 3497 1295 3560 amissa
1397 3555 1401 3562 .

59 3626 156 3690 uxore,
172 3607 388 3702 concubinam
405 3604 468 3668 sibi
486 3603 625 3668 adscivit
641 3603 862 3686 procuratoris
878 3604 927 3666 sui
941 3603 1058 3680 filiam3
1073 3624 1113 3666 ne
1129 3611 1173 3666 tot
1190 3606 1293 3666 libertis

57 3732 204 3778 novercam
218 3715 458 3797 superduceret:
472 3710 522 3774 Id.
542 3715 593 3774 ost.
608 3710 717 3772 Mores·
727 3729 753 3772 c.
766 3707 818 3770 29.

614 3884 643 3964 §-
664 3882 716 3944 aa.

264 3999 354 4052 Fuere
369 3997 527 4052 concubinae
544 3998 640 4050 similes
657 3997 785 4050 uxoribus
802 3999 839 4052 ad
854 3999 1070 4066 mmqanoticom.

127 4101 217 4164 Talis
241 4101 356 4184 utique
377 4099 440 4164 fuit
462 4106 611 4161 veterum
630 4095 853 4160 Romanorum
877 4098 1123 4164 concubinatus.
1149 4099 1248 4162 Unde
1268 4099 1293 4161 ii

60 4224 118 4269 cum
135 4207 232 4272 larvis
259 4213 424 4292 pugnant,
453 4205 510 4290 qui
530 4203 645 4267 audito
667 4204 871 4268 concubinae
893 4202 1074 4286 vocabulo,
1097 4206 1204 4270 statim
1229 4206 1293 4270 sibi

60 4321 105 4373 aut
121 4315 334 4398 prostibulum
350 4312 498 4397 aliquod,
518 4317 573 4374 aut
588 4309 689 4394 plane
711 4311 885 4395 pellicem,
904 4311 1012 4374 animo
1031 4312 1230 4395 concipiunt
1251 4312 1292 4376 Id

59 4435 125 4480 vero
145 4444 209 4485 non
232 4422 336 4506 magis
355 4441 468 4484 verum
485 4425 553 4496 est,
574 4439 670 4502 quam
691 4419 716 4480 si
737 4420 809 4503 quis
829 4419 917 4481 idem
936 4416 1098 4500 judicium
1120 4417 1292 4481 ferendum

60 4534 173 4602 putaret
187 4531 228 4592 de
242 4529 398 4591 uxoribus
414 4529 458 4588 od
470 4529 728 4616 morganotf'com,
740 4547 819 4608 quas
834 4524 1007 4607 Principes
1022 4531 1056 4585 et
1071 4522 1132 4584 viri
1149 4523 1293 4590 illustres
