3130 5148
221 376 267 443 54
555 393 568 440 5
692 364 769 432 Lis.
794 364 820 430 1.
845 361 934 433 Tra·
951 362 995 430 11.

221 563 285 628 que
294 541 455 626 cognitio,
465 546 506 602 et
519 538 699 624 praecipue
711 555 874 609 sacrarum
885 537 1018 602 aedium
1033 555 1121 622 cura,
1141 522 1240 626 aque
1254 547 1290 604 et
1305 556 1485 606 summum

219 671 341 716 nomen
357 653 432 712 sunt
444 646 660 729 'consequutia
676 645 752 708 M.
768 645 796 725 §.
807 633 859 708 21.
874 645 969 706 1111
984 645 1150 729 (lagjan
1171 649 1281 712 Varro
1293 649 1334 710 de
1349 649 1485 730 Lingua

219 759 292 820 Lot
302 758 361 818 IV.
370 756 463 838 1220.
476 754 595 818 Cicero
614 751 1022 817 Verria.VII.14.Iisdem
1039 773 1174 836 quoque
1191 753 1394 820 *demandata
1406 763 1486 818 erat

220 861 371 946 iocosum}
396 863 431 924 in
454 861 608 940 fornices,
631 858 818 943 lupanaria,
837 877 1003 942 cauponas
1026 861 1179 945 ipsasque
1202 861 1372 944 mulieres·
1392 883 1497 946 quae.

221 978 392 1055 quaestum
414 989 554 1052 corpore
582 966 760 1048 faciebant,
783 987 868 1048 quae
890 966 1026 1034 nomina
1047 967 1202 1033 solebant
1227 970 1316 1052 apud
1336 968 1485 1032 Aediles

221 1077 382 1162 profiteri,
398 1085 434 1140 ut
449 1098 508 1140 suo
522 1073 599 1138 loco
616 1073 816 1138 docebimus.
1427 1083 1434 1090 ·
1533 1073 1535 1079 ⁴

799 1255 827 1335 s.
851 1253 903 1316 aa

701 1381 824 1436 Edictum
842 1383 1005 1440 Acdsiitricm.

304 1489 359 1552 De
375 1491 473 1553 rebus
486 1487 577 1551 bisce
594 1487 636 1551 ad
653 1485 918 1570 jurisdictionem
935 1507 1024 1552 suam
1048 1487 1292 1572 pertinentibus
1315 1469 1378 1574 ipsi
1395 1512 1485 1576 quo·
1555 1553 1556 1558 ,

222 1617 298 1681 que,
325 1606 362 1660 ut
377 1598 448 1681 jam
473 1595 625 1677 diximus,
649 1593 760 1657 edicta
781 1596 1014 1677 proponebant
1028 1599 1075 1678 ¹¹),
1102 1595 1250 1679 adquae
1273 1596 1404 1662 adludit
1421 1621 1484 1662 suo
1555 1577 1556 1614 ³

221 1725 312 1767 more
328 1703 466 1768 Plautus
486 1705 576 1785 Gopt:
591 1706 662 1765 Act.
677 1703 734 1762 IV.
749 1701 839 1764 Scan.
855 1701 885 1763 2.
903 1723 930 1764 o.
946 1701 997 1765 43.

368 1813 522 1894 Eugepc!
540 1797 743 1874 susurrones
758 1825 954 1874 usururrms
974 1811 1023 1872 bic
1038 1809 1132 1873 tolet
1149 1812 1283 1894 quidem.

220 1919 265 1982 Et
281 1940 324 1982 ex
339 1920 403 1982 boc
420 1919 553 2003 quidem
571 1915 721 1981 aedilitio
749 1915 859 1979 edicto
877 1915 1082 1981 descendunt
1101 1919 1248 1982 actiones
1264 1927 1381 1982 contra
1399 1939 1485 1985 ven·
1555 1959 1556 1970 1

222 2028 347 2091 ditores
367 2047 473 2090 rerum
489 2026 692 2108 vitiosarum,
708 2033 743 2088 et
760 2045 829 2106 eos,
846 2024 903 2109 qui
918 2025 1041 2090 bestias
1054 2019 1187 2089 'feroces
1197 2027 1333 2109 habent,
1348 2026 1485 2091 ubiiter
1555 2059 1556 2082 r

222 2135 269 2216 fit,
285 2133 391 2198 veluti
406 2132 642 2216 redhibitoria,
662 2133 776 2218 quanti
792 2133 937 2217 minoris⁷
961 2143 996 2199 et
1018 2133 1117 2217 aliae,
1134 2154 1271 2220 quarum
1292 2133 1484 2219 fragmenta

106 2275 109 2281 ν
221 2243 286 2305 tria
302 2243 482 2308 etiamnum
496 2248 629 2306 exstant
643 2241 678 2306 in
693 2241 882 2304 Pandectis.
898 2234 1044 2305 Primum
1065 2240 1193 2306 scilicet
1208 2244 1245 2304 L.
1260 2238 1311 2306 27.
1324 2243 1353 2325 5.
1367 2240 1419 2305 28.
1440 2243 1486 2304 D.
1555 2249 1556 2302 ἱ

223 2353 268 2412 od
281 2353 342 2433 lag.
357 2353 473 2432 Aqur'll.
491 2349 631 2413 aiterum
647 2349 770 2431 12.1.§.
786 2349 814 2411 1.
837 2358 870 2411 ct
881 2349 918 2410 Ι).
933 2349 984 2412 88.
1002 2371 1055 2431 pr·
1071 2352 1113 2412 Ι).
1132 2353 1171 2414 da
1185 2351 1288 2413 Aedui.
1307 2351 1396 2412 edict.
1413 2357 1489 2412 ter-

221 2458 302 2520 tium
317 2459 353 2518 L.
366 2455 417 2518 40.
435 2457 464 2538 §.
475 2457 506 2518 1.
523 2465 554 2519 et
567 2457 605 2519 L.
619 2455 729 2519 41.42.
744 2455 789 2520 D.
802 2459 867 2539 aod.
881 2457 934 2520 Fr.
944 2455 1074 2524 ‘Pollet
1091 2459 1163 2521 For.
1180 2455 1489 2521 Rom.III.2.Barn.
1555 2493 1556 2530 ss

222 2563 367 2626 Brisson.
383 2565 571 2627 deFormul.
588 2565 648 2626 III.
662 2585 694 2648 p.
709 2564 780 2628 289.
803 2561 969 2648 Ceterum,
987 2565 1030 2628 de
1044 2565 1162 2650 quibus
1182 2565 1361 2630 edicebant
1375 2565 1489 2630 Aedi·
1555 2593 1556 2662 }

222 2671 283 2753 lm,
297 2671 339 2734 de
354 2671 471 2734 iisdem
490 2671 685 2758 plerumque
702 2682 737 2736 et
756 2674 935 2737 Praetores
952 2693 1155 2758 cognoscere
1177 2682 1430 2754 consueverant,
1452 2681 1490 2738 et
1555 2729 1556 2752 ,

116 2827 118 2832 .
226 2775 292 2842 illis
310 2778 551 2862 deficientibus,
568 2801 700 2845 caussae
723 2781 765 2844 ad
787 2781 848 2844 hos
871 2781 1164 2846 transferebantur.
1187 2781 1242 2846 De
1262 2804 1327 2868 qua
1344 2775 1491 2846 concur·
1555 2815 1556 2848 1

223 2895 319 2950 rente
344 2887 541 2950 Praetorum
564 2888 803 2974 Aediliumque
817 2887 1051 2974 jurisdictione
1066 2894 1104 2972 ο)·
1123 2891 1255 2956 disserit
1281 2889 1353 2958 Jac,
1372 2887 1490 2976 Cujac.
1555 2943 1556 2980 ἢ

185 3001 189 3016 “
228 2995 354 3058 Obaaro.
375 2995 462 3058 VIII.
480 2995 532 3058 38.
1555 2987 1556 3006 ¹

152 3244 159 3252 '
224 3240 317 3308 sinus,
335 3243 414 3294 Alex.
432 3243 467 3294 ab
486 3242 643 3298 Alexandro
658 3245 685 3292 ct
702 3241 763 3294 Jan.
782 3239 861 3294 Vinc.
881 3240 1009 3306 Gravina,
1028 3242 1128 3312 quibus
1146 3241 1277 3295 satisfecit
1294 3242 1329 3293 V.
1348 3242 1379 3294 C.
1399 3241 1491 3294 Heur.
1555 3297 1556 3308 ξ

226 3327 309 3379 ilem.
328 3327 455 3380 Reinold.
482 3327 544 3378 Var.
563 3345 585 3378 c.
603 3329 630 3378 3.
645 3342 675 3393 p.
687 3329 732 3378 27.
751 3325 831 3378 Heio.
851 3326 998 3389 Quomodo
1017 3327 1191 3394 magistratus
1209 3327 1254 3380 sui
1271 3325 1358 3380 officia
1375 3326 1493 3380 interae
1555 3349 1556 3360 ¹

226 3409 368 3462 cliviscrint
385 3411 514 3464 Aediles?
532 3409 600 3462 disci
617 3413 707 3476 potest
725 3425 741 3461 e
757 3408 812 3461 tab.
830 3413 940 3464 Heraol.
958 3413 1055 3478 fragm.
1078 3411 1126 3464 lin.
1143 3417 1179 3466 24
1194 3439 1226 3452 -
1240 3415 1285 3466 28.
1311 3413 1347 3465 V.
1366 3411 1492 3465 Dirksen
1555 3423 1556 3480 ζ

227 3497 276 3548 cir.
296 3494 366 3548 Alo.
386 3499 422 3550 ΙΙ.
442 3513 469 3562 p.
488 3500 548 3547 212.
566 3510 608 3562 sq.
633 3493 721 3547 Mill.

297 3582 331 3648 n)
351 3581 493 3634 Aedilibus
511 3579 641 3646 plebejis,
659 3596 726 3632 num
744 3579 855 3632 omnino
871 3587 964 3648 partes
983 3583 1062 3634 datae
1079 3581 1181 3635 fuerint
1197 3581 1226 3634 in
1241 3579 1336 3634 edictis
1353 3581 1493 3635 constitu·
1555 3637 1556 3644 χ

180 3715 186 3724 ,
228 3665 323 3720 endisr
342 3664 488 3733 quaeritur.
520 3664 986 3727 Quadereviu.}1einecciusin
1011 3667 1071 3719 list.
1094 3668 1202 3720 odietur.
1222 3667 1283 3718 Lib.
1302 3663 1324 3717 1.
1342 3682 1366 3716 o.
1384 3669 1449 3718 4-
1464 3669 1492 3719 8.
1555 3697 1556 3714 2

229 3747 348 3801 russam
366 3749 415 3800 civ.
434 3746 506 3800 Ars.
524 3748 574 3800 ur.
592 3749 671 3802 v111.
690 3749 828 3803 zummern
845 3752 879 3804 n.
900 3753 933 3803 a.
953 3753 974 3819 s.
992 3756 1035 3806 ar.
1055 3757 1111 3804 not.
1132 3756 1157 3804 s.
1184 3749 1271 3804 rarat.
1555 3739 1556 3750 '

299 3834 331 3900 o)
352 3833 396 3885 Ob
414 3833 483 3884 banc
502 3841 705 3888 consumentem
719 3834 938 3903 jurisdictionem
950 3837 1051 3890 factum
1068 3836 1184 3902 videtur,
1196 3842 1227 3888 ut
1244 3843 1272 3889 ct
1288 3834 1398 3890 Aediles
1412 3836 1494 3889 haud

229 3935 293 3972 raro
308 3932 458 3970 rmaronss
472 3917 605 3976 dicautur.
624 3921 669 3974 Sic
686 3923 791 3974 Paulus
804 3921 926 3989 Recepit.
941 3920 1059 3974 Senserat.
1072 3923 1097 3976 Ι.
1111 3927 1152 3976 15.
1165 3927 1191 3974 2.
1204 3921 1355 3976 aedilitium
1368 3921 1494 3976 edictum

231 4004 331 4056 diserte
348 4002 443 4054 tribuit
460 4003 593 4057 Ptaetori.
615 4005 688 4068 Quin
703 4012 730 4059 ct
746 4007 871 4072 gencrale
888 3997 940 4058 luit
957 4007 1009 4058 hoc
1020 4007 1228 4074 magistratuum
1245 4023 1353 4060 nomen.
1372 4007 1445 4060 Nam
1466 4014 1496 4060 et
1555 4035 1556 4040 =

232 4089 380 4154 Consules,
398 4090 526 4142 Procoss.
544 4091 702 4154 Praesides,
722 4089 803 4156 legati
821 4090 960 4156 Caesaris,
984 4091 1049 4145 dicti
1065 4107 1270 4161 nonnumquam
1296 4108 1314 4144 a
1331 4094 1495 4160 praeeundo

232 4188 391 4226 rmsrosss.
421 4174 506 4241 (viu.
529 4190 613 4242 supra
635 4177 656 4242 ς.
675 4179 717 4228 20.
736 4179 791 4226 not.
810 4176 857 4242 ο.)
886 4177 918 4228 ln
942 4177 1014 4230 notis
1040 4192 1150 4245 quoque
1167 4175 1271 4230 Valerii
1288 4175 1374 4230 Probi
1398 4182 1496 4230 exstat

232 4271 275 4310 rs.
299 4272 427 4323 vroluou,
445 4259 474 4311 id
495 4267 549 4323 est,
574 4261 615 4312 uti
632 4261 667 4311 V.
687 4259 719 4311 C.
738 4259 939 4326 interpretatur,
958 4263 1078 4314 Praetor
1108 4262 1233 4332 Wyilum,
1252 4260 1301 4330 qui
1324 4267 1352 4314 et
1370 4263 1495 4314 Praetor

228 4341 316 4412 plebei
332 4349 445 4399 vocabar
462 4345 619 4398 Iustiniano
638 4345 705 4399 Noc.
727 4343 817 4397 XIII.
844 4345 976 4408 eramvis
999 4347 1075 4402 nulla
1091 4347 1128 4400 sit
1145 4349 1230 4414 ratio,
1248 4364 1296 4399 cur
1314 4345 1389 4414 apud
1407 4347 1495 4400 Vale-

233 4426 305 4480 rium
328 4429 452 4482 Probum
473 4445 529 4482 non
554 4429 646 4494 potius
671 4431 760 4495 legere
776 4430 903 4486 malimus
916 4433 1073 4500 praetatus
1091 4448 1213 4487 vronuu.
1244 4433 1285 4486 Cf.
1306 4433 1369 4487 Ger.
1387 4431 1495 4486 Noodt.

237 4505 374 4569 Probabit.
392 4513 417 4570 Ι.
436 4519 461 4568 6.
477 4533 506 4582 p.
527 4519 568 4568 16.
589 4519 629 4570 17.
