3056 5168
534 369 588 470 lle
614 403 835 470 dorsennus.
1240 408 1313 478 005

49 599 129 644 eum
144 547 464 663 praeteriissemus&
477 577 522 658 ¹).
543 577 663 643 Mortua
677 583 787 640 eutem
803 579 998 660 medonem
1013 576 1118 658 illam,
1133 597 1198 662 qua
1212 576 1246 642 in
1255 578 1313 662 jus

47 685 277 768 rapiebantur
291 685 461 748 debitores
483 685 597 768 utique
614 663 740 764 omnes,
762 704 839 748 num
854 683 897 750 ad
918 683 1004 768 legis
1018 683 1167 750 actiones
1188 686 1311 752 retule-

45 793 123 855 rint
137 798 289 857 veteros?
311 811 472 876 quaerere
494 791 581 856 baud
605 789 741 855 multum
763 790 876 855 refert.
898 790 983 854 Nam
1005 792 1040 857 id
1056 798 1149 856 certo
1171 801 1311 873 constet,

46 899 121 960 vim
146 899 178 960 ei
193 919 260 962 nou
279 921 351 962 esse
368 897 579 964 tribuendam
594 897 771 981 acdooum,
788 899 905 983 quibus
921 898 1009 962 iuter
1023 919 1059 964 se
1074 898 1224 964 homines
1246 899 1313 966 dis·

47 1010 290 1089 captarem).
311 1007 411 1070 Muta

634 1147 663 1229 §-
684 1145 736 1209 ai.

159 1259 252 1330 'Lapis
269 1263 400 1314 octonum
418 1253 612 1316 decrementum
630 1271 707 1331 utque
725 1263 854 1316 interitus.
870 1292 902 1303 -
914 1263 1103 1315 Formularum
1120 1279 1191 1316 usur.

138 1361 251 1426 Tanta
267 1372 375 1425 autem
394 1361 479 1446 legis
497 1365 661 1428 actionum
686 1375 756 1428 erat
775 1362 939 1428 subtilitas
955 1370 1131 1447 tantusque
1147 1363 1248 1447 rigor,
1265 1371 1311 1440 ut,

47 1469 111 1554 qui
128 1469 183 1532 vel
200 1469 365 1562 minimum
385 1481 535 1553 errasset,
553 1471 647 1534 litem
664 1471 820 1555 perderet
834 1475 879 1550 ΙΙ).
901 1469 1012 1544 Unde,
1029 1491 1127 1555 quum
1150 1470 1323 1555 paulatim.

46 1577 87 1639 in
112 1575 226 1639 odium
252 1577 419 1642 venissent
444 1578 531 1662 legis
554 1579 717 1660 actiones,
739 1600 800 1663 per
827 1578 939 1663 legem
963 1577 1143 1641 Aebutiam
1174 1587 1208 1641 et
1230 1577 1310 1641 duas
1392 1597 1395 1604 ·

46 1683 160 1748 Julias
177 1683 324 1746 sublatae
347 1693 431 1766 sunt,
448 1693 574 1749 tantum
594 1709 660 1748 non
677 1707 800 1764 omnes,
818 1693 918 1770 atque
936 1685 1100 1765 effectum,
1116 1694 1152 1748 ut
1166 1705 1227 1769 per
1242 1685 1310 1747 for-

47 1789 173 1865 mulae,
195 1790 216 1853 i.
233 1813 260 1854 e.
279 1813 340 1874 per
355 1799 516 1876 concepta
540 1795 640 1857 verba
658 1793 854 1878 plerumque
871 1791 1067 1875 litigaretur.
1091 1791 1212 1876 Neque
1229 1813 1308 1855 vero
1419 1789 1421 1796 ’

47 1899 94 1961 de
118 1897 231 1960 harum
253 1897 364 1982 legum
388 1910 445 1963 aut
462 1907 583 1976 aetate,
601 1909 659 1964 aut
679 1900 884 1977 auctoribus,
907 1906 964 1963 aut
987 1897 1188 1984 singularum
1212 1919 1309 1984 argu-

47 2011 166 2068 mento
183 2005 264 2068 certi
287 2007 459 2090 quicquam
482 2007 578 2072 nobis
599 2007 765 2092 proditum
785 2016 835 2071 est
849 2011 892 2086 0);
915 2005 950 2070 id
965 2027 1064 2069 uuum
1088 2007 1215 2087 scimus,
1232 2006 1309 2091 Gaji

51 2117 165 2173 aetate
180 2133 221 2174 ex
236 2111 362 2176 duabus
377 2121 502 2177 tautum
516 2115 618 2177 causis
634 2115 823 2198 permissum
841 2113 1045 2197 fuisse,lege
1067 2132 1182 2196 agere:
1198 2111 1308 2176 damni

46 2215 169 2280 infecti
181 2227 213 2282 et
228 2220 254 2282 si
272 2219 313 2283 ad
326 2220 562 2284 centumvirale
572 2219 732 2305 judicium
748 2221 865 2296 iretur3
877 2241 987 2304 neque
1003 2241 1084 2282 vero
1097 2229 1236 2303 propter
1250 2220 1309 2283 da-

46 2347 159 2388 mnum
176 2325 330 2390 infectum
345 2325 403 2390 illa
417 2329 515 2390 etiam
528 2337 638 2392 aetate
650 2349 709 2391 usu
721 2329 813 2391 venit
823 2326 909 2412 legis
922 2327 1020 2408 actio,
1033 2327 1058 2388 si
1072 2326 1205 2410 quidem
1218 2345 1309 2388 com·
1331 2368 1335 2374 -

44 2431 199 2496 modiore
212 2443 245 2496 et
256 2435 408 2518 pleniore
415 2437 491 2520 jure
505 2436 552 2498 uti
565 2444 720 2520 poterant
730 2437 817 2499 cives
828 2433 984 2515 Romani,
997 2453 1039 2495 ex
1052 2455 1118 2517 quo
1135 2433 1305 2521 stipulatio

45 2541 160 2604 damni
176 2542 292 2607 infecti
309 2543 440 2604 nomine
457 2543 655 2627 praestanda
670 2550 887 2630 proposuerat
898 2542 1041 2604 Praetor
1056 2541 1100 2620 1).
1115 2540 1216 2624 Apud
1231 2561 1309 2604 cen-

44 2648 206 2711 tumviros
218 2649 378 2733 litigaturi
395 2659 494 2714 antea
508 2651 585 2736 lege
605 2653 761 2736 agebant,
778 2658 981 2718 sacramento
998 2648 1086 2731 apud
1101 2649 1307 2732 Praetorem,

45 2779 117 2852 quo
140 2756 230 2819 lacto
246 2757 440 2820 centumviri
458 2779 500 2821 ex
523 2761 717 2823 sacramenti
741 2761 882 2823 formula
901 2779 971 2821 rem
989 2755 1185 2842 judicabant
1200 2761 1244 2838 t).
1267 2757 1307 2821 In

45 2865 188 2948 reliquis
211 2864 313 2948 igitur
331 2865 434 2928 causis
451 2885 510 2947 per
529 2866 685 2929 formulas
707 2866 925 2950 disceptatum
944 2872 1004 2944 est,
1019 2863 1041 2924 i.
1059 2883 1087 2924 e.
1104 2884 1164 2947 per
1185 2865 1306 2927 verbo-

45 2993 120 3037 rum
138 2973 385 3056 conceptiones,
407 2972 496 3035 lacto
513 2973 696 3055 proposito,
713 2973 941 3052 accomodatas
958 2993 1080 3057 easque
1101 2970 1140 3033 ad
1159 2969 1307 3055 judicem

47 3079 193 3161 dandas,
216 3080 303 3145 unde
326 3080 534 3164 intelligeret
562 3079 740 3165 ille‚,quid
764 3080 827 3143 sibi
849 3079 903 3144 vel
926 3082 1068 3144 maxime
1092 3078 1306 3163 spectandum

126 3311 152 3378 1)
172 3308 235 3362 Vid.
259 3327 329 3379 quae
353 3318 493 3378 praeterea
515 3310 598 3378 hujus
623 3313 791 3364 amovendae
814 3308 992 3364 dubitationis
1015 3323 1098 3360 eausa
1122 3303 1260 3372 disputavi
1277 3303 1306 3360 iu

47 3395 141 3450 libro:
164 3395 270 3448 Carrion
289 3397 337 3447 der
355 3395 617 3464 Forderuapsreclrtc
634 3397 655 3464 ξ.
674 3402 698 3450 8.
717 3413 743 3462 p.
762 3400 804 3449 79.
823 3409 864 3463 sq.
884 3395 926 3446 ed.
945 3399 971 3446 3.

120 3480 163 3543 ιιι)
185 3479 328 3534 Caeterum
346 3483 425 3534 valde
447 3482 516 3533 inter
537 3495 566 3532 se
586 3479 765 3544 dissentiunt,
784 3479 832 3547 qui
855 3481 924 3531 banc
943 3475 1130 3545 quaestionem
1147 3479 1306 3528 tractarunt.

47 3565 115 3616 vid.
134 3564 249 3630 Dupont
262 3565 284 3617 'l.
302 3566 320 3618 l.
338 3581 365 3631 p.
377 3569 489 3619 27—34.
507 3566 542 3617 de
560 3566 703 3618 Scbroeter
725 3563 871 3618 Obceroctt.
881 3565 941 3634 jur.
960 3564 1007 3615 αὐ.
1022 3579 1048 3628 p.
1058 3567 1101 3614 24.
1117 3576 1176 3629 sqq.
1196 3565 1252 3612 not.
1264 3565 1307 3612 85·

46 3650 135 3714 Ilugo
150 3647 187 3700 R.
208 3649 241 3700 G.
257 3651 310 3703 Xl.
323 3665 348 3716 p.
363 3655 423 3704 318.
442 3657 497 3703 net.
519 3656 542 3704 1.
554 3677 588 3690 --
604 3650 645 3704 Gi.
663 3651 697 3703 G.
715 3652 835 3703 Asverus
852 3648 895 3701 iil.
914 3649 955 3700 die
968 3649 1047 3717 Lepir
1065 3647 1132 3700 actio
1143 3646 1308 3700 'remanenti

50 3733 162 3802 (Leipz.
183 3737 256 3788 1837.
278 3735 318 3802 8.)
338 3735 359 3800 t.
381 3739 420 3787 19.
1157 3721 1162 3730 ¹

119 3817 154 3884 n)
176 3818 236 3884 Gaj.
255 3820 303 3872 IV.
322 3819 343 3886 i.
363 3825 404 3870 11.
422 3825 449 3871 et
466 3824 508 3873 30.
528 3822 577 3888 (cf.
595 3834 678 3885 supra
696 3823 753 3871 not.
773 3834 785 3870 s
803 3819 837 3870 ad
856 3819 876 3885 ς.
894 3813 954 3884 23.)
1047 3839 1049 3844 ·

120 3903 153 3969 ο)
175 3902 273 3955 Varias
296 3903 434 3956 variorum
452 3905 502 3954 bae
519 3905 553 3956 de
571 3922 600 3957 re
617 3904 787 3970 conjecturas
805 3918 954 3968 cognosces
973 3919 988 3953 e
1006 3899 1141 3966 Dupoutii
1160 3900 1305 3969 Datquin'tt.
1396 3957 1400 3962 ¹

47 4005 74 4055 p.
92 3993 207 4043 47-49.
226 3987 339 4041 Hcffteri
358 3985 505 4041 Observata
522 3991 559 4041 od
577 3991 640 4060 Gaji
656 3989 718 4042 Lib.
731 3989 781 4041 lv.
799 4001 858 4053 cap.
873 3990 898 4041 7.
913 3992 938 4040 8.
957 3987 1094 4040 Zimmeru
1114 3985 1150 4036 R.
1172 3983 1204 4035 G.
1222 3983 1243 4048 §.
1262 3987 1304 4034 tte

47 4073 146 4143 ibique
163 4072 287 4138 inprimis
305 4079 361 4126 not
383 4081 405 4127 1.
775 4109 778 4115 s

119 4158 154 4223 p)
177 4158 239 4224 Gaj.
249 4161 297 4211 IV.
306 4159 378 4225 §.³1.
389 4189 424 4198 -
438 4157 589 4224 Utriusque
603 4158 675 4224 juris
693 4157 872 4224 differentiam
890 4161 917 4210 et
933 4154 1075 4215 rationem,
1093 4152 1167 4204 unde
1184 4150 1305 4217 prolecta
1412 4179 1426 4207 ,

46 4243 93 4306 sit,
113 4243 218 4307 optime
235 4242 366 4307 exposuit
393 4244 426 4294 E.
445 4243 578 4295 Huschke
595 4242 624 4294 iu
640 4244 738 4296 Comm.
755 4246 788 4296 de
806 4243 937 4295 amionem
946 4237 1085 4305 formulis,
1104 4253 1171 4304 quae
1189 4236 1217 4286 in
1233 4233 1304 4299 'Lupe

47 4326 161 4380 Rubrio
179 4335 282 4379 aarum
301 4329 428 4395 (Vretisl.
447 4332 524 4380 18³2
540 4327 582 4393 4.)
603 4342 629 4391 p.
647 4332 705 4379 9-
716 4334 756 4381 14.

122 4411 157 4478 q)
179 4412 240 4478 Gaj.
255 4413 305 4466 IV.
319 4413 340 4479 t.
353 4417 396 4480 31.
415 4411 502 4478 erjus
521 4411 632 4480 quidem
651 4410 704 4464 loci
722 4414 833 4466 lacunas
851 4413 961 4477 explere
979 4406 1069 4460 conati
1087 4409 1151 4458 suut
1168 4403 1305 4456 Heffterus

45 4499 76 4552 in
97 4510 150 4548 sua
169 4493 233 4548 edit
254 4502 282 4548 et
299 4498 431 4550 Huschke
454 4503 513 4548 tum
530 4495 575 4548 iu:
600 4494 710 4548 Studien
728 4496 754 4547 d.
774 4497 810 4550 R.
830 4498 866 4551 R.
885 4511 913 4562 p.
930 4497 981 4548 ³07
990 4521 1021 4534 ·-
1030 4493 1105 4556 ³09„
1124 4495 1182 4542 tum
1197 4502 1260 4541 vero
1277 4486 1306 4538 iu
1408 4514 1412 4518 ·

50 4583 200 4636 Commeat.
217 4581 293 4632 modo
312 4581 383 4632 laud.
401 4595 428 4648 p.
446 4585 486 4635 1⁰.
504 4582 538 4637 ei.
559 4577 621 4648 Guj}
640 4581 689 4635 lv.
707 4583 728 4649 ᾖ.
745 4585 788 4634 96.
