3056 5168
371 393 377 402 ·
465 365 706 436 1111111111
731 365 896 438 Inuisus.
1056 427 1064 439 .
1236 368 1320 465 741,

51 542 256 611 auctoritate
270 541 419 628 prodidit
428 543 574 608 Isidorus
589 543 758 625 Ortgrhurn
773 539 867 604 W.
883 539 954 622 §.h
971 541 1007 626 [*
1020 542 1052 606 F.
1065 543 1125 606 III.
1135 563 1168 624 p.
1179 541 1252 608 212.
1262 565 1308 625 sq.

56 653 199 734 Operum
214 649 335 714 Isidori
351 673 371 714 a
381 649 541 714 Faustino
552 648 699 714 Arevalo
717 647 898 734 editorum]
911 631 1074 724 domuum,
1089 653 1226 724 moola,
1240 673 1310 715 oer-

49 761 142 832 1111,
159 761 314 834 tobhrrem,
328 761 538 840 s‘gnornimimr,
549 761 704 832 arellium,
717 762 898 822 emelotam
912 765 945 818 ct
957 767 1088 822 marim
1100 762 1144 839 e).
1161 775 1310 826 DAMNUM

49 866 137 930 alias
154 873 190 929 et
203 868 321 928 mahta
343 872 489 928 vocatur.
511 865 615 930 initio
630 864 847 949 reipublicae,
870 885 968 948 quum
987 863 1131 938 nondum
1147 873 1234 928 esset
1249 887 1306 950 pe⁴

51 974 173 1037 cuniae
189 981 281 1036 tauta
296 973 402 1054 copia,
419 971 553 1036 duarum
566 974 680 1038 ovium
700 981 734 1036 et
749 973 891 1058 triginta»
901 973 999 1036 boum
1022 993 1174 1056 suprema
1187 973 1311 1060 mulcta

51 1090 144 1146 erat:
167 1083 284 1145 Festus
306 1080 366 1142 sub
388 1100 472 1142 voce
490 1084 657 1161 peculatus
675 1102 709 1163 p.
731 1079 803 1142 329.
819 1100 862 1160 sq.
893 1077 1002 1158 Quum
1025 1101 1106 1146 vero
1129 1102 1169 1144 ee
1189 1100 1242 1144 res
1264 1083 1309 1146 ob

50 1181 232 1274 inaequale
256 1167 477 1260 armentorum
499 1187 641 1271 pretium
663 1185 873 1270 inaequalem
896 1187 1027 1270 faceret
1045 1188 1186 1252 mulctae
1209 1190 1310 1253 aesti-

50 1298 250 1361 mationem:
273 1295 385 1379 paullo
407 1303 482 1378 post
498 1303 632 1358 exactos
653 1293 767 1378 Reges
782 1292 824 1356 A.
839 1293 881 1356 U.
899 1294 934 1358 G.
951 1313 1108 1358 coxnvrn.
1130 1295 1208 1380 lege
1223 1295 1310 1360 Ate-

51 1405 104 1468 ria
125 1403 273 1488 Tarpeja
296 1403 465 1485 constituti
488 1383 562 1466 sunt
589 1403 623 1465 in
646 1402 791 1486 singulas
818 1421 897 1464 oves
919 1402 1004 1466 aeris
1026 1401 1121 1484 deni,
1146 1404 1179 1467 in
1206 1406 1309 1469 boves

53 1510 204 1576 centeni:
228 1509 356 1574 Gellius
374 1511 479 1572 Noctt.
503 1512 570 1572 Att.
590 1508 649 1570 XI.
671 1508 700 1570 1.
724 1507 903 1592 Dionysius
923 1499 1035 1572 Halic.
1057 1511 1096 1572 X.
1119 1511 1170 1572 50.
1192 1512 1309 1576 Festus
1422 1585 1427 1600 .

52 1620 112 1683 sub
133 1639 217 1682 voce
237 1609 400 1700 peculatus
420 1640 450 1700 p.
466 1615 538 1679 329.
557 1637 601 1697 sq.
620 1616 653 1678 in
670 1618 774 1678 ovibus
797 1624 831 1679 et
852 1617 886 1679 in
908 1619 1063 1678 mulctam.
1085 1617 1190 1682 Plura
1211 1619 1252 1682 de
1270 1642 1309 1684 ea

51 1727 131 1810 lege
159 1729 295 1812 ejusque
320 1725 457 1787 diversis
481 1724 643 1809 capitibus
658 1723 712 1786 Jo.
727 1722 870 1786 Koolius
886 1721 1141 1808 Ultrajectinus,
1165 1727 1310 1811 cujusda

52 1837 124 1918 lege
153 1835 266 1896 Aleria
290 1833 425 1916 Torpejo
447 1831 580 1896 libellus
605 1853 737 1894 recusus
760 1842 810 1895 est
836 1833 928 1894 Tomo
957 1833 992 1896 V.
1020 1833 1171 1896 ihesum.
1189 1836 1258 1915 jur.
1275 1857 1309 1918 p.

51 1941 259 2004 15211111.
275 1939 305 2003 3.
321 1947 356 2003 et
370 1962 415 2024 sq.
429 1940 593 2024 permulta
610 1940 651 2004 de
668 1938 796 2003 mulctis
813 1940 997 2025 generatim
1014 1939 1145 2005 disserit
1158 1941 1203 2023 f).
1249 1941 1253 1950 ”

644 2087 672 2170 s.
688 2087 719 2150 o.

626 2201 744 2254 l'r'nculo.

89 2351 93 2359 .
137 2293 372 2368 Vlncunonum
394 2302 527 2367 nomine
542 2302 679 2366 veniunt
694 2301 888 2384 compedes,
904 2300 1060 2386 pedicae,
1076 2302 1186 2387 bojee,
1203 2304 1309 2368 mani-

50 2433 131 2492 cae,
148 2419 304 2493 catenae,
325 2410 438 2492 nervi,
454 2431 574 2474 carcer.
597 2409 771 2474 Carcerem
795 2408 916 2494 primus
932 2409 974 2474 ad
998 2419 1158 2474 terrorem
1182 2410 1307 2474 civibus

48 2518 261 2584 inferendum
294 2517 483 2589 aedificavit
504 2517 615 2582 Ancus
639 2517 803 2584 Marciusr
825 2517 939 2582 Livius
960 2519 985 2579 Ι.
1006 2516 1058 2580 33.
1081 2519 1228 2602 quamvis
1251 2520 1308 2584 elii

38 2628 87 2692 ·id
109 2628 257 2691 tribuant
272 2625 375 2692 Tullo
390 2625 559 2689 Hostilio:
582 2625 639 2690 sed
662 2625 698 2688 id
721 2625 830 2690 forsan
847 2624 889 2688 de
909 2633 1003 2710 parte
1020 2625 1160 2690 carceris
1182 2626 1309 2690 intelli-

49 2735 208 2820 gendum.
239 2733 387 2796 Carceris
415 2735 503 2797 enim
530 2753 604 2816 pars
632 2733 845 2797 subterranea
869 2735 1050 2798 vocabatur
1078 2737 1223 2798 latomiae
1253 2735 1308 2800 vel
1365 2747 1368 2758 “

47 2845 240 2908 lautumiae:
256 2841 373 2905 Festus
390 2843 448 2904 sub
464 2841 525 2902 hac
541 2861 624 2902 uoce
635 2862 668 2921 p.
682 2840 753 2902 201.
772 2841 885 2904 Livius
904 2841 1026 2902 XXVI.
1036 2842 1086 2904 27.
1103 2841 1244 2906 XXXII.
1257 2843 1309 2905 26.
1342 2830 1344 2838 ’

48 2952 111 3014 sub
125 2954 189 3032 flu.
206 2948 379 3012 XXXVII.
399 2948 429 3010 3
452 2947 609 3010 XXXIX.
624 2947 675 3008 44.
697 2951 731 3008 L.
751 2948 781 3008 1.
799 2949 826 3028 ᾗ.
842 2947 871 3008 4.
893 2947 1114 3010 1111111111.
1141 2949 1221 3032 Ejus
1242 2949 1309 3014 alia

47 3064 219 3143 parserat
244 3057 436 3129 Tullianum,
457 3054 522 3118 alia
541 3057 654 3118 robur:
675 3055 792 3117 Festus
814 3054 874 3118 sub
890 3076 973 3118 voce
993 3056 1171 3118 Iblllonum
1187 3078 1221 3137 p.
1236 3055 1307 3118 579.

46 3165 166 3230 Livius
183 3161 218 3248 [*
227 3164 349 3226 XXIX.
365 3164 416 3226 22.
431 3165 490 3227 sub
499 3161 578 3247 fin]
595 3183 731 3246 quarum
746 3161 836 3245 prior
850 3183 871 3224 a
885 3160 999 3224 Tullio
1015 3161 1112 3243 Rege
1130 3170 1307 3245 exstructa,

47 3299 70 3338 a
87 3292 155 3358 quo
180 3271 279 3334 etiam
301 3270 363 3334 iste
386 3271 478 3335 locus
498 3269 647 3333 Tulliani
670 3289 790 3332 nomen
812 3268 993 3333 obtinuisse
1017 3267 1158 3332 videtur.
1179 3269 1308 3332 Distin-

48 3381 202 3467 guebant
222 3399 322 3461 porro
338 3377 491 3453 Romani,
507 3384 613 3440 utrum
630 3375 802 3440 adcusaths
817 3377 941 3440 crimen
959 3382 1045 3438 esset
1065 3375 1242 3457 confessuS,
1265 3397 1306 3438 en

47 3487 235 3556 inficiatus?
263 3485 356 3551 Ante
377 3486 618 3548 contessionom
639 3485 689 3548 rei
710 3484 744 3547 in
768 3484 924 3548 custodiis
953 3483 1068 3547 liberis
1090 3483 1307 3560 habebantur,
1388 3497 1393 3510 ’

48 3593 217 3681 siquidem
233 3592 288 3655 vel
310 3595 381 3676 ipse
400 3594 605 3682 magistratus
623 3613 680 3654 eos
697 3593 786 3656 domi
809 3593 1015 3674 adservabat,
1037 3594 1091 3657 vel
1115 3593 1172 3656 alii
1188 3591 1307 3676 privati
1426 3589 1430 3594 ’

47 3701 185 3768 nobiles
207 3707 322 3766 eorum‘
342 3701 564 3784 suscipiebant
579 3701 779 3800 custodiam,
797 3707 946 3792 utkpatet
970 3723 1012 3762 ex
1035 3701 1196 3785 exemplis
1218 3698 1304 3782 apud

48 3808 185 3878 Livium
207 3805 382 3892 [t‘XXIV.
401 3807 467 3892 db]
487 3809 642 3872 XXXIX.
667 3810 716 3870 14.
739 3809 927 3872 Sallustium
943 3810 1119 3906 'Coujurot
1144 3810 1305 3890 Cotr‘lr'nor.

48 3941 77 3981 o.
96 3916 149 3980 43.
166 3914 251 4001 [*ex
267 3919 338 3977 edit.
354 3914 509 4000 Telleni]
527 3917 609 3980 Post
624 3917 865 3982 confessionem
882 3939 960 3980 vero
976 3918 1010 3980 in
1025 3916 1157 3982 vincula
1174 3914 1306 3998 publica

30 4182 35 4194 .
126 4122 156 4188 e)
178 4122 237 4173 Pet.
256 4119 338 4174 Fabri
358 4119 530 4175 Semestrr'um-
544 4119 581 4171 II.
597 4125 692 4174 5-10.
719 4122 875 4176 Warmoldi
894 4123 1038 4174 Tonckens
1066 4119 1137 4171 Dies.
1161 4119 1191 4168 de
1213 4118 1304 4185 poeuis
1339 4162 1342 4172 .

48 4211 79 4264 in
90 4207 160 4278 jure
180 4207 309 4257 Romano.
329 4203 460 4270 Grening.
474 4208 547 4256 1805.
567 4207 591 4256 8.
609 4221 662 4266 van
683 4195 794 4265 Walree
807 4209 876 4262 Dies.
891 4207 961 4261 laud.
979 4210 1005 4257 et
1023 4202 1152 4258 Rosshirt
1165 4202 1304 4259 Lelarbuclr

50 4294 100 4346 der
123 4288 338 4344 Carminolreclrts
356 4289 377 4354 ζ.
394 4293 506 4343 63-67.
520 4306 547 4356 p.
568 4294 711 4346 120-133.
731 4291 820 4346 Haud.

126 4375 158 4440 I)'
174 4373 272 4426 Christ.
286 4373 377 4426 Crusii
402 4373 499 4426 Comm.
520 4376 551 4426 de
569 4373 712 4442 oript'nr'bus
724 4378 853 4445 pecuniae
871 4391 998 4444 opecore
1016 4381 1076 4424 onte
1094 4390 1200 4425 numum
1218 4373 1304 4440 spua-

53 4472 112 4514 tam
133 4459 260 4526 (Petrop.
280 4461 355 4511 1748.
373 4459 413 4525 8.)
442 4476 465 4510 o.
482 4463 507 4514 6.
534 4476 560 4525 p.
580 4464 724 4514 ros-144.
754 4461 877 4514 Niebuhr
897 4458 975 4512 Ro'm.
1002 4456 1155 4518 Gcrcliclte
1174 4459 1205 4518 Τ.
1223 4460 1259 4512 11.
1278 4475 1305 4523 p.

52 4549 171 4600 69-71.
182 4543 272 4597 Haud.
283 4545 414 4597 Huschke
426 4543 587 4613 Vsrfasrunp
600 4547 644 4598 dos
658 4545 733 4598 Sero.
747 4545 849 4598 Ibllr'us
860 4561 887 4611 p.
900 4547 1043 4600 lan—129.
1056 4559 1083 4610 p.
1091 4547 1150 4598 718.
1162 4559 1203 4612 sq.
1220 4540 1306 4598 Mitti.
