3040 5164
192 541 196 554 Ι
280 445 335 512 llo
361 445 465 513 Sunv.
492 447 600 514 Rusr.
625 447 748 534 Arous
775 449 867 517 Una.
895 449 1028 518 Pnsnn.
1210 456 1281 522 373

29 622 76 704 jus
91 627 127 682 ut
144 628 231 684 esset
245 620 366 703 vicino,
384 644 419 684 se
435 621 545 686 invitis
568 621 666 686 altius
682 624 874 706 aedificare,
891 633 991 709 atque
1014 626 1061 689 ita
1077 625 1213 689 officere
1229 626 1281 692 lu⁴

34 728 181 809 minibus,
206 729 249 792 de
273 750 337 814 qua
354 731 513 793 servitute
528 730 565 793 L.
579 729 609 791 3.
625 733 666 794 D.
680 733 720 793 de
737 736 822 795 Sero.
838 733 906 795 ard.
923 735 1037 813 proed.
1057 734 1130 797 Imo
1153 744 1188 798 ut
1204 758 1283 819 pro-

34 838 152 920 spicere
168 837 288 902 liceret
304 845 353 918 et,
370 859 412 900 ne
435 838 625 922 prospectui
640 839 837 921 officeretur,
854 840 1048 924 interposita
1064 841 1283 925 stipulatione

36 945 263 1036 cavebautzL.
278 947 328 1008 14.
343 955 377 1010 et
392 946 442 1008 15.
460 948 500 1007 D.
517 949 582 1009 eod.
1163 963 1165 968 '

616 1101 645 1180 ς.
666 1099 697 1160 9.

397 1216 542 1268 servitutes
557 1216 729 1284 praediorum
745 1218 911 1269 rusticorum.

92 1315 294 1379 ‘Servitutes
311 1317 521 1399 praediorum
544 1317 738 1381 rusticorum
759 1326 899 1400 quatuor
923 1326 1074 1382 recenset
1096 1319 1282 1402 Imperator

35 1445 73 1504 pr.
91 1425 168 1484 lust.
185 1425 214 1487 Ιι.
233 1433 254 1484 t.
281 1441 533 1508 1rnn,norun‚
559 1441 660 1504 vrnu,
686 1441 958 1500 nounuouorum
982 1427 1039 1488 sed
1061 1427 1090 1507 §.
1111 1426 1141 1488 2.
1166 1425 1280 1510 adjicit

38 1547 134 1605 AQUAE
156 1536 333 1613 HAUSTUM,
353 1547 489 1595 PECORIS
511 1547 557 1593 AD
572 1548 691 1606 AQUAM
713 1549 908 1613 ADPULSUM,
923 1549 982 1598 JUS
1004 1550 1179 1612 pascuum,
1200 1550 1280 1596 GAL-

40 1654 82 1700 crs
100 1654 319 1718 mensumn,
342 1655 477 1708 ananau
498 1635 708 1703 'romunoan
745 1640 815 1702 Nos
844 1643 1020 1725 praecipua
1047 1648 1173 1705 tantum
1201 1660 1281 1702 con-

42 1745 232 1808 sectabimur.
286 1784 290 1790 ·
1350 1737 1353 1742 ¹

567 1871 571 1882 ’
602 1855 632 1935 §.
653 1854 702 1916 10.

508 1971 574 2035 Iter,
594 1977 676 2031 octus,
694 1971 736 2022 via
756 1971 789 2038 i).

108 2073 192 2135 ITER
211 2071 254 2134 ab
278 2073 395 2142 eandm·
411 2087 527 2134 Ac'rum
546 2072 587 2134 ab
611 2067 743 2154 og'endo,
759 2088 842 2134 vrum
858 2094 877 2135 a
892 2073 1029 2134 vehendo
1052 2072 1172 2136 dictam
1197 2071 1280 2154 esse,

43 2177 180 2242 observat
199 2179 308 2242 Varro
330 2180 368 2240 de
383 2180 512 2260 Ls'nguo
526 2180 599 2241 Lat.
616 2179 637 2238 Ι
639 2179 673 2239 V.
688 2179 719 2239 4.
729 2201 763 2260 p.
779 2179 808 2240 7.
830 2179 921 2262 Ergo
940 2196 1020 2242 ITER
1036 2189 1085 2244 est
1101 2181 1156 2264 jus
1179 2179 1281 2243 eundi

41 2287 216 2350 ambulandi
237 2285 395 2367 hominis,
420 2308 487 2350 non
512 2287 610 2350 etium
633 2286 755 2370 agendi
772 2307 890 2370 pecus,
906 2293 962 2348 aut
982 2285 1125 2349 ducendi
1144 2288 1281 2351 vehicu-

40 2392 115 2456 lum:
137 2400 171 2456 L.
189 2395 219 2457 1.
234 2395 274 2454 D.
297 2396 337 2456 de
356 2395 444 2456 Sero.
467 2405 547 2457 rust.
562 2395 674 2477 praed.
698 2393 845 2478 quamvis
871 2402 904 2456 et
931 2415 1017 2478 equo
1041 2393 1117 2458 vehi
1141 2402 1175 2456 et
1197 2395 1280 2458 sella

42 2503 154 2584 gestari
171 2502 285 2565 liceret
309 2504 359 2584 ei,
376 2502 427 2566 cui
448 2503 512 2564 iter
530 2502 729 2567 debebatur:
748 2503 785 2564 L.
804 2501 911 2564 121).
928 2503 1116 2567 eordncrus
1140 2511 1211 2566 erat
1226 2505 1280 2590 jus

44 2619 70 2671 et
84 2609 178 2673 eundi
195 2618 229 2673 et
251 2611 373 2694 agendi
389 2611 445 2673 vel
459 2613 644 2696 jumentum
666 2609 720 2674 vel
743 2609 947 2691 vehiculum,
963 2631 1029 2672 non
1050 2618 1158 2674 tamen
1182 2632 1282 2674 onus-

45 2727 112 2781 tum:
126 2724 159 2782 L.
179 2721 207 2781 1.
229 2725 263 2781 et
280 2719 318 2780 L.
336 2719 386 2781 11.
404 2722 444 2811 D.
464 2721 530 2783 eod.
547 2721 578 2802 k)
604 2736 661 2784 vul
684 2719 828 2803 denique
846 2719 901 2802 jus
925 2717 958 2781 et
981 2719 1082 2782 eundi
1103 2726 1137 2781 et
1158 2719 1280 2804 agendi

49 2832 75 2885 et
96 2827 237 2890 vehicula
261 2837 378 2890 onusta
406 2849 467 2912 per
489 2827 624 2890 alterius
648 2827 783 2891 fundum
810 2827 953 2890 ducendi
982 2827 1281 2910 complectebatur:

46 2933 75 2992 L.
90 2935 115 2998 7.
129 2938 168 2997 D.
187 2937 255 2997 cod.
277 2934 444 3020 Adeoque
460 2937 557 3024 tertia
575 2935 712 3000 servitus
728 2934 865 3020 primam
886 2942 920 2996 et
935 2934 1120 3016 secundam,
1137 2934 1281 3018 secunda

46 3041 128 3104 etiam
143 3043 278 3127 primam
296 3043 329 3105 in
347 3065 381 3106 se
402 3046 605 3125 continebat,
625 3043 722 3123 adeo,
739 3052 775 3106 ut
790 3040 895 3107 dividi
909 3062 975 3104 non
991 3051 1136 3126 possent,
1153 3051 1187 3106 ct
1202 3043 1280 3107 h'inc

46 3148 68 3208 si
82 3151 142 3232 quis
155 3151 220 3214 iter
236 3158 270 3213 et
285 3159 390 3214 actum
407 3151 733 3235 acceptum'tulisset,
745 3151 966 3235 perimeretur
983 3135 1082 3213 etiam
1098 3151 1173 3213 vioe
1193 3150 1281 3213 obli·

45 3258 134 3338 gatio:
148 3259 285 3340 L.13.§.
299 3259 328 3321 1.
341 3261 382 3320 D.
395 3259 901 3343 deAcceptilot„Nonnumquam
917 3266 1027 3321 tamen
1044 3258 1109 3321 iter
1124 3265 1158 3320 et
1172 3266 1279 3324 actum

46 3364 122 3429 simul
138 3367 199 3429 sibi
217 3355 467 3450 stipulabantur‚
488 3376 524 3433 ut
540 3375 632 3452 patet
650 3387 692 3429 ex
709 3365 843 3429 Gruteri
861 3369 1016 3450 Inscrr'ptt.
1029 3388 1062 3448 p.
1081 3367 1157 3426 001.
1175 3389 1203 3428 n.
1219 3365 1249 3428 3.

545 3491 620 3538 run.
643 3491 735 3539 nnnc

526 3592 619 3638 vnn.
641 3589 755 3636 sunno

547 3691 575 3736 c.
601 3689 714 3734 nasot.
739 3689 767 3733 o.
793 3690 814 3734 ι.

526 3789 731 3836 rumorosus

547 3886 635 3934 mun.
658 3855 767 3934 Adrus

568 3988 725 4036 ussurus

102 4117 128 4185 i)
145 4121 219 4173 mid.
238 4123 309 4186 Aug.
327 4119 437 4173 Bieueri
455 4119 529 4173 Dias.
548 4121 580 4172 dc
606 4120 766 4190 dfferents'is
787 4120 905 4179 itineris,
930 4127 1004 4171 aeras
1027 4127 1052 4169 et
1075 4119 1132 4170 viae
1153 4119 1282 4186 pecuinis.

45 4199 107 4266 Llpa.
126 4211 198 4259 1804.
217 4203 306 4256 Haud.
337 4205 371 4256 G.
389 4207 419 4257 F.
438 4207 560 4258 Puchta:
586 4203 652 4256 iiber
670 4206 711 4256 die
736 4203 941 4272 Wepsarcituten
966 4205 1011 4256 des
1028 4203 1094 4256 riim.
1113 4203 1226 4266 Rectum
1254 4203 1283 4255 in
1356 4221 1357 4226 ¹
1421 4238 1425 4245 -

45 4284 79 4350 Ε).
95 4290 139 4340 civ.
157 4289 227 4342 Abla.
249 4290 356 4357 (Leipz.
378 4295 468 4358 1823.)
488 4307 562 4343 num.
581 4291 630 4342 ΙΙΙ.
648 4308 675 4357 p.
692 4295 734 4344 77.
752 4307 812 4358 sqq.
832 4290 919 4342 Miilrl.

101 4375 132 4441 k)
152 4375 362 4441 Intelligendum
387 4375 430 4427 hio
448 4393 508 4429 csse
529 4393 585 4429 nou
610 4363 778 4442 plaustrum,
796 4375 924 4446 oneribus
950 4372 1088 4428 trahendis
1108 4379 1217 4439 aptum,
1235 4375 1284 4426 sed

45 4469 140 4511 currum
158 4461 319 4524 trusatilem,
336 4463 481 4528 praeclare
492 4462 620 4512 observat
637 4462 790 4526 Bynkerslr.
812 4461 960 4512 Observata
979 4459 1030 4513 IV.
1043 4465 1068 4513 7.
1082 4477 1112 4528 p.
1130 4461 1190 4512 365.
1203 4461 1284 4514 Heio.

46 4537 134 4596 Currus
152 4544 285 4598 trusatilis
311 4545 425 4611 intelligi
442 4561 497 4598 nou
522 4552 620 4612 potest.
649 4544 712 4596 Vid.
730 4543 819 4596 Ritter
836 4545 865 4596 iu
882 4543 957 4598 Dies.
982 4547 1013 4597 de
1031 4547 1144 4607 initeris,
1163 4554 1236 4598 aetus
1259 4554 1283 4600 to

46 4625 92 4677 vioe
109 4630 267 4700 dpfferentia,
285 4631 391 4698 adjecta
409 4631 553 4697 Theophili
572 4629 685 4683 editioni
702 4629 861 4684 Reitzianae
876 4649 905 4700 p.
925 4636 1000 4686 1228.
1021 4629 1104 4704 donn.
