3062 5156
211 357 281 423 182
663 349 738 415 Lm.
764 348 791 415 l.
816 343 887 415 Trr
911 343 1004 416 xvl.

156 528 164 534 ”
194 511 263 590 Ὀιῖ
278 527 315 588 L.
333 526 364 590 2.
379 526 421 588 D.
438 527 477 590 cle
490 525 583 587 Publ.
592 525 694 607 judie.
710 523 766 587 Ad
786 523 935 587 exsilium
955 524 1046 609 quod
1066 522 1197 605 attinet,
1217 522 1307 585 crees
1324 519 1366 585 ad
1381 520 1465 583 illud
1521 501 1522 562 3

210 636 431 719 adigebantur
445 647 559 707 noune
580 649 624 696 ar·
644 647 734 696 lours
751 647 1035 715 inruanrcrrorus,
1055 633 1111 718 qui
1128 632 1209 695 ritus
1228 629 1344 714 paullo
1368 627 1466 692 altius

211 740 573 824 videtur-repetendus.

785 845 814 925 S.
834 845 886 907 lo.

499 991 504 1000 ,
600 945 674 1017 Quid
690 961 774 1012 aquae
793 953 817 996 et
831 945 900 1012 ienis
914 946 1084 1000 interdictio?

293 1040 563 1125 Antiquissimum
588 1038 653 1099 boc
681 1047 752 1100 erat
771 1037 857 1120 juris
888 1038 1033 1112 Romani
1055 1036 1274 1121 principium,
1298 1035 1464 1098 neminem
1521 1077 1522 1112 3

211 1169 307 1233 posse
326 1149 462 1211 invitum
474 1146 552 1228 jura
575 1143 717 1206 civitatis
737 1145 897 1207 amittere.
921 1145 1040 1208 Cicero
1055 1167 1117 1228 pro
1134 1147 1266 1208 domoc.
1287 1143 1338 1206 29.
1360 1142 1464 1217 Quum
1521 1145 1522 1220 ξ

211 1259 295 1319 laec
275 1261 363 1338 puris
382 1278 402 1316 a
417 1252 586 1333 majoribus
597 1253 757 1332 prodetum
771 1256 821 1331 eat,
839 1261 875 1315 et
890 1275 980 1316 nemo
995 1257 1069 1316 murs
1090 1254 1254 1314 Romanae
1268 1261 1325 1312 eut
1339 1249 1466 1310 liberta·
1521 1229 1522 1312 i

210 1375 288 1438 tem,
303 1371 359 1424 eut
376 1364 544 1434 civitatem,
554 1362 657 1440 possit
670 1362 827 1436 omittere,
845 1363 909 1420 nisi
919 1364 985 1440 ipse
1001 1379 1125 1420 aaaron
1137 1360 1252 1436 factus
1268 1363 1309 1420 eit
1323 1361 1368 1438 ⁰):
1385 1327 1522 1437 quodi

211 1481 246 1532 tu
264 1473 329 1552 e'prae
338 1470 501 1550 ροιιιιΗιιί
487 1489 519 1527 m
538 1475 594 1527 tea
609 1487 722 1528 causeo
742 1468 870 1528 discere.
885 1465 1007 1530 Idem
991 1466 1076 1548 Juris
1091 1465 1216 1550 publici
1232 1466 1364 1528 axioma
1383 1463 1466 1526 mul-

212 1577 253 1640 tis
269 1575 378 1640 verbis
393 1574 538 1638 inculcat
550 1573 617 1635 Cic.
630 1593 692 1654 pro
711 1575 749 1634 A.
773 1574 894 1636 Caecrtz.
910 1595 935 1633 c.
948 1571 999 1638 33.
1017 1572 1194 1657 docetque,
1210 1572 1289 1636 ideo
1306 1573 1465 1638 Aretino-
1521 1631 1522 1672 ,

212 1704 281 1746 rum
306 1682 597 1766 proscriptionem,
619 1679 713 1743 Sulla
735 1681 831 1760 vivo,
851 1679 975 1742 irritam
997 1679 1115 1763 fuisse,
1135 1680 1225 1764 quod
1248 1679 1465 1743 contenderat
1521 1675 1522 1706 ³

215 1791 344 1870 Cicero,
357 1794 511 1852 civitatem
527 1791 625 1851 adime·
634 1808 696 1850 nora
709 1791 858 1878 potuisse.
877 1786 1035 1864 Quamvis
1052 1787 1165 1872 itaque
1186 1787 1327 1850 civitatis
1336 1787 1464 1872 juribus

212 1918 311 1962 nemo
330 1897 450 1960 invitus
471 1896 672 1980 privaretur:
688 1905 833 1958 attamen
853 1916 893 1958 ea
913 1895 1021 1958 statim
1042 1896 1286 1976 amittebantur,
1309 1894 1405 1958 simul
1428 1917 1464 1956 ac
1521 1879 1522 1886 ἵ

214 2005 285 2090 quis
301 2005 335 2066 in
351 2003 448 2067 aliam
464 2025 499 2066 se
514 2003 680 2066 civitatem
701 2002 843 2065 adscribi
856 2009 1080 2086 passus-esset,
1094 2025 1192 2087 quum
1211 2025 1255 2065 ex
1273 2004 1381 2066 veteri
1388 2002 1464 2086 jure

127 2103 131 2110 ’
212 2114 347 2177 duarum
363 2113 531 2175 civitatum
544 2111 622 2172 civis
637 2132 735 2173 nemo
752 2113 822 2174 e'sse
836 2120 956 2194 posset.
974 2111 1068 2174 Idem
1075 2113 1234 2193 proclamo
1244 2111 1327 2175 assl.
1342 2109 1463 2174 Ezech.
1521 2133 1522 2202 p

212 2219 387 2306 Spanhem.
405 2207 479 2280 Ort.
492 2219 581 2280 Rom.
598 2220 623 2279 I.
640 2217 669 2281 1.
686 2218 715 2280 6.
726 2241 760 2301 p.
776 2218 827 2294 ll.
843 2219 917 2304 [qui
935 2228 1045 2282 tamen
1064 2219 1098 2280 id
1119 2220 1176 2281 sub
1194 2219 1463 2301 imperatoribus,
1521 2205 1522 2226 ¹

213 2330 399 2414 etquidem
411 2327 483 2410 jam
503 2327 561 2389 sub
578 2326 724 2410 Trajauo
743 2309 900 2390 mutatum
927 2349 998 2389 esse
1018 2327 1117 2389 docet
1137 2327 1207 2387 idid.
1220 2347 1254 2407 p.
1268 2323 1337 2409 2l.]
1365 2325 1462 2388 Unde
1521 2395 1522 2418 χ

211 2446 325 2502 notum
350 2444 463 2500 estex
481 2434 616 2518 Nepote
640 2437 734 2496 Attio.
750 2434 796 2518 3.,
820 2435 965 2498 noluisse
984 2423 1133 2499 Atticum
1154 2431 1296 2496 Athenis
1322 2435 1463 2497 civitatis
1521 2425 1522 2518 l

205 2548 284 2631 jura
310 2544 492 2627 suscipere,
518 2562 560 2603 ne
585 2529 768 2618 Romanam
795 2543 960 2606 civitatem
989 2545 1165 2607 amitteret.
1202 2541 1352 2619 Quodsi
1385 2562 1462 2624 ergo
1521 2527 1522 2580 l

213 2672 408 2738 quemquam
431 2668 449 2711 e
473 2649 607 2712 civitate
628 2649 769 2734 ejectum
791 2649 918 2713 vellent
937 2649 1098 2715 Romani:
1091 2673 1190 2714 eum
1211 2670 1277 2713 non
1297 2651 1329 2714 vi
1348 2649 1463 2735 expel-
1521 2675 1522 2760 q

210 2763 344 2841 lebant,
361 2758 451 2842 quod
476 2778 519 2818 ex
543 2757 705 2841 principio
732 2779 828 2841 supra
851 2758 964 2822 adlato
985 2760 1057 2823 fieri
1077 2782 1145 2823 non
1162 2743 1313 2844 poterat,
1337 2759 1397 2821 sed
1416 2758 1463 2820 illi
1521 2785 1522 2876 q

212 2877 321 2951 tecto,
342 2887 444 2949 aqua,
466 2874 499 2928 et
521 2866 591 2950 igni
610 2866 865 2929 interdicebant
887 2866 1015 2944 Quibus
1034 2867 1227 2931 necessariis
1247 2865 1338 2930 vitae
1362 2866 1463 2929 subsi-
1521 2889 1522 2960 p

214 2977 276 3042 diis
294 2973 443 3054 ademtiS,
458 2971 545 3036 ultro
563 2974 713 3038 exsilium
729 2974 856 3057 eligere
873 2978 1057 3058 cogebatur
1072 2977 1252 3040 damnatus.
1275 2973 1386 3051 Quum
1403 2975 1464 3036 ita·
1521 2977 1522 3054 3

68 3089 74 3096 '
179 3089 278 3169 'que
301 3105 319 3146 a
342 3082 474 3144 nemine
498 3081 602 3166 recipi
626 3090 754 3166 posset:
777 3084 963 3146 necessario
986 3085 1021 3147 in
1044 3085 1188 3168 aliquam
1211 3082 1380 3147 civitatem
1408 3103 1464 3144 ex-
1521 3081 1522 3132 ἒ

98 4077 101 4082 q
213 4011 270 4064 dite
283 4008 400 4076 egitEv.
413 4009 500 4062 Feith.
513 4012 680 4082 Antiquitatt
693 4013 827 4065 Hemera'c
842 4012 921 4066 II.9.
934 4013 1013 4064 Heia.
1025 4013 1069 4063 De
1083 4011 1410 4080 origineaquaeetignis
1426 4012 1463 4064 in·
1521 4035 1522 4084 3

131 3210 136 3218 ’
212 3187 315 3256 teram
336 3212 370 3254 se
388 3189 597 3282 conferebat,
620 3211 727 3274 eoque
754 3190 884 3254 demum
909 3192 1013 3275 facto,
1030 3191 1172 3256 civitatis
1184 3193 1263 3276 jura
1281 3191 1462 3254 amittebat.
1521 3201 1522 3254 t

211 3299 301 3364 Hinc
317 3298 426 3362 denuo
445 3300 563 3362 Cicero
579 3319 640 3379 pro
656 3301 743 3359 dome
756 3321 781 3360 c.
796 3299 847 3362 30.
879 3301 942 3377 Qui
958 3310 1052 3362 eram
1069 3321 1175 3362 reram
1194 3301 1377 3380 capitalium
1397 3320 1463 3360 con·

211 3409 363 3478 demarati,
384 3428 446 3468 aon
460 3411 552 3488 priua
568 3409 651 3470 benc
671 3411 824 3469 militatem
843 3410 1034 3480 amittebant,
1054 3421 1148 3490 quam
1170 3415 1264 3470 eram
1279 3409 1311 3466 ia
1327 3427 1398 3468 eam
1416 3427 1463 3466 re·
1521 3385 1522 3446 i

211 3518 301 3596 cepti,
320 3535 380 3595 qao
397 3516 547 3589 vertendi,
564 3515 618 3576 boe
632 3525 689 3590 eet,
707 3493 853 3577 mutendi
868 3519 928 3577 soli
937 3536 1061 3588 curasse,
1076 3523 1236 3577 venerant.
1254 3514 1294 3575 Id
1309 3523 1416 3576 eutem
1433 3521 1465 3574 at
1521 3535 1522 3578 ι

212 3628 294 3683 esset
306 3622 512 3698 faciendum,
533 3642 594 3682 aon
616 3624 790 3685 ademtione
807 3627 957 3698 civitatis,
978 3624 1035 3686 sed
1056 3628 1141 3697 teeti,
1161 3629 1192 3684 et
1211 3643 1312 3704 aquae
1331 3631 1363 3684 et
1383 3625 1464 3704 ignis

212 3729 425 3790 interdictione
434 3729 607 3806 succederet.
631 3731 723 3814 Ergo
749 3731 775 3794 si
793 3731 946 3794 adcurate
969 3729 1064 3814 loqui
1084 3731 1186 3811 velis,
1208 3750 1275 3794 nou
1302 3750 1411 3812 aquae
1434 3736 1465 3789 et

212 3939 352 3976 sacrorum
370 3924 530 3989 privaretur.
549 3927 592 3979 De
610 3928 669 3994 ejus
687 3926 800 3994 origine,
819 3941 890 3995 quae
907 3928 943 3978 ad
961 3925 1021 3992 ipsa
1039 3925 1119 3981 cani
1130 3931 1254 3992 tempora
1266 3927 1391 3991 refertur
1406 3943 1464 3978 cru·

212 4094 388 4146 terdiotiono.
407 4095 441 4146 de
459 4096 602 4149 Wiuckler
619 4097 821 4150 Emendationee
838 4101 967 4167 quaedam
985 4099 1196 4159 Heineccianee5
1213 4098 1242 4150 in
1255 4097 1357 4150 obss.
1345 4113 1403 4164 Jur.
1419 4113 1463 4149 au·
1521 4115 1522 4186 q

211 4178 284 4246 tiqui
300 4195 375 4230 num
396 4184 436 4232 15.
456 4182 557 4246 Opusc.
575 4183 639 4234 min.
659 4183 722 4234 Vol
739 4183 761 4234 I.
779 4186 811 4236 P.
829 4183 864 4234 ΙΙ.
883 4198 910 4247 p.
928 4187 988 4235 443.
1007 4197 1047 4250 sq.
1067 4181 1156 4234 Haut.

280 4263 312 4328 o)
280 4263 434 4316 oContra
459 4272 486 4318 et
504 4266 601 4318 licebat
624 4268 764 4332 decapite
785 4269 833 4336 jus
856 4269 1008 4320 dicentibus
1026 4268 1109 4320 selum
1134 4275 1250 4326 vertere,
1269 4266 1406 4334 sibique'
1398 4266 1463 4333 ipsis
1521 4317 1522 4344 ,

212 4346 302 4400 exsilii
327 4362 443 4412 poenam
461 4351 590 4416 irrogare.
614 4352 701 4419 quue
719 4354 839 4405 fecerunt
857 4355 889 4407 P.
908 4355 989 4407 Com.
1008 4353 1100 4418 Scipio
1119 4352 1270 4414 Africanus,
1290 4352 1338 4419 qui
1356 4352 1462 4404 Linter-

198 4439 285 4495 uum,
304 4435 335 4485 Τ.
353 4435 459 4486 Annius
478 4435 557 4500 Milo,
577 4436 625 4504 qui
643 4433 797 4490 Maisiliam
815 4443 912 4504 sponte
935 4439 1090 4491 exsulatum
1107 4437 1181 4490 abiit.
1203 4438 1341 4489 Plutarch.
1361 4439 1391 4488 in
1414 4439 1477 4494 cite,
1521 4471 1522 4478 .

212 4515 284 4586 Καὶ).
304 4519 405 4571 dauon.
417 4520 490 4572 uad.
509 4521 537 4573 in
554 4521 622 4590 Arp.
640 4531 708 4575 oret.
722 4539 776 4591 pre
795 4522 904 4578 Milone.
925 4524 982 4579 Cio.
995 4543 1049 4593 pro
1071 4525 1184 4578 Caeciae
1202 4541 1223 4576 c.
1242 4525 1284 4575 ³4.
1312 4523 1395 4576 Heln.
1521 4519 1522 4522 '
