3056 5168
168 481 171 486 ,
256 419 261 426 ’
307 366 346 475 Sr
373 407 557 490 Quanam.
582 408 737 482 Pnuren.
764 413 911 484 Fecisse
938 413 1063 486 Drcnr.
1241 423 1313 494 700

53 595 184 654 tantum
201 581 433 670 quadrupedes
456 593 706 668 commemoret,
723 587 837 673 quales
859 600 951 674 sunt,
967 614 1052 677 quae
1076 595 1238 679 gregatim
1255 619 1314 682 pa-

53 704 193 760 scuntur
212 693 307 772 (vide
329 714 426 776 supra
442 692 509 754 Lrb.
525 692 582 753 IV.
602 694 659 757 itt.
677 697 856 779 111.§.7.)=
872 697 1002 764 lexilla
1019 701 1093 766 XII
1110 703 1312 784 Tabularum

52 801 280 885 quadrupedes
296 809 421 866 tantum
441 799 607 883 exprimit,
623 801 776 886 adeoque
792 803 944 870 damnum
961 807 1060 872 etiam
1077 810 1118 872 ab
1142 811 1215 874 aliis
1231 835 1314 896 qua-

52 909 280 994 drupedibus,
297 929 383 992 quae
404 927 472 972 non
493 915 603 972 esseut
624 909 786 993 pecudes,
803 912 914 978 datum
938 915 1100 998 vindicat,
1119 928 1312 984 nontamen

51 1041 72 1080 a
97 1015 190 1079 feris*
203 1016 334 1098 bestiis,
357 1016 485 1086 etiamsi
508 1024 616 1078 essent
639 1018 673 1079 iu
696 1018 853 1084 dominio.
883 1023 950 1088 Hic
974 1024 1061 1086 enim
1083 1027 1314 1110 requirebatur

51 1125 212 1190 damnum
228 1132 342 1189 contre
363 1132 510 1188 naturam
528 1125 677 1188 animalis
700 1127 827 1192 datum:
849 1129 887 1190 L.
903 1131 931 1192 l.
948 1132 976 1212 §.
991 1131 1021 1194 7.
1036 1134 1078 1196 D.
1093 1136 1123 1195 Ικ
1139 1143 1160 1194 t.
1181 1135 1334 1216 Bestia-l
1402 1135 1406 1144 ’

49 1255 128 1322 rum
151 1253 233 1295 vero
256 1231 411 1316 genitalis
440 1239 490 1296 est
515 1231 644 1296 feritas:
666 1233 704 1294 L.
725 1233 754 1298 1.
776 1237 805 1317 ς.
825 1235 877 1299 10.
900 1240 965 1300 eod.
995 1239 1160 1304 Damnum
1190 1264 1313 1308 veroa

51 1340 275 1426 quadrupede
302 1339 414 1404 datum
436 1349 575 1404 vocatur
592 1346 778 1426 pauperies:
800 1343 837 1406 Ιι.
860 1345 890 1406 1.
912 1347 942 1428 §.
963 1348 992 1409 1.
1016 1349 1081 1410 ead.
1110 1349 1227 1414 Festus
1251 1350 1311 1414 sub

49 1469 140 1513 voce
158 1451 329 1530 pauperies
339 1469 373 1530 p.
389 1447 461 1510 329.
476 1448 518 1530 b).
542 1447 636 1525 Quae
653 1470 720 1512 vox
743 1451 918 1516 eademne
939 1453 1113 1537 significat,
1128 1478 1213 1541 quae
1230 1480 1313 1543 qua-

51 1558 180 1640 drupes
201 1555 335 1618 feritate
360 1563 524 1620 commota
544 1555 671 1638 intulit,
694 1578 760 1622 uon
784 1558 811 1620 si
831 1559 911 1644 quid
935 1560 1121 1646 depaverit.
1141 1565 1226 1628 Nam
1248 1565 1312 1630 hoc

50 1688 132 1729 casu
156 1664 263 1744 altera
285 1663 425 1728 dabatur
440 1663 526 1734 actio
548 1663 590 1726 de
607 1675 707 1746 pastu
723 1671 860 1747 peeoris,
876 1690 962 1752 quae
978 1690 1021 1732 ex
1043 1670 1166 1735 iisdem
1181 1673 1311 1756 legibus
1363 1661 1375 1676 ⁶

50 1773 129 1837 XII
147 1770 349 1838 Tabularum
366 1771 554 1835 descendit:
571 1771 609 1832 L
625 1770 675 1833 14.
690 1778 753 1855 flu.
769 1775 809 1834 1).
825 1776 864 1838 de
875 1777 1067 1860 Praeseript.
1088 1782 1171 1842 verb.
1186 1785 1228 1861 ο).
1247 1781 1311 1844 Ce-

52 1891 162 1946 terum
179 1879 267 1944 actio
282 1897 327 1942 ue
349 1895 515 1944 sauream
540 1900 647 1962 aeque
664 1901 702 1944 ac
719 1881 761 1944 de
782 1889 877 1965 pastu
892 1884 1023 1948 noxalis
1039 1896 1122 1969 erat,
1145 1898 1180 1952 et
1192 1889 1312 1952 adver-

54 2011 108 2054 sus
125 1987 292 2052 deminum
309 1989 531 2072 competebat,
547 1996 583 2052 ut
596 1998 652 2052 aut
668 1988 778 2054 damni
800 1990 951 2056 sufferret
964 1993 1239 2079 aestimationem,
1255 2004 1338 2062 eut·

58 2095 304 2180 quadrupedem
326 2116 436 2158 noxae
460 2093 609 2157 dederet.

647 2259 720 2341 §.a

504 2377 562 2429 Lex
583 2377 727 2430 Peeulcru‘a
744 2378 776 2429 de
794 2395 866 2431 certe.

138 2477 234 2542 Idem
257 2477 425 2560 speciatim
443 2477 486 2541 de
509 2499 591 2541 cane
608 2485 736 2541 cautum
760 2500 830 2542 esse
852 2481 922 2562 lege
944 2479 1084 2564 quadam
1108 2497 1309 2566 resupnum,

50 2587 158 2652 tradit
179 2585 302 2650 Paulus
320 2587 472 2648 Seuteatt.
487 2587 628 2667 Recepit.
644 2587 670 2648 Ι.
685 2586 735 2649 15.
750 2587 779 2648 1.
802 2586 870 2650 Sed
892 2587 934 2652 de
958 2609 999 2652 ea
1019 2588 1097 2673 lege
1120 2607 1310 2655 resupnum

50 2695 190 2759 nimium
211 2704 367 2778 quantum
389 2697 477 2758 iuter
498 2715 532 2757 se
555 2695 751 2760 dissentiunt
766 2697 978 2781 interpretes.
1001 2698 1064 2762 Vir
1086 2719 1236 2781 summus,
1250 2701 1311 2764 Ja-

51 2805 129 2868 cob.
154 2803 325 2888 Cujacius,
355 2802 465 2887 quiin
489 2811 604 2866 vetere
635 2802 777 2887 quodam
801 2803 926 2868 Codice
955 2805 1085 2890 legerat
1104 2805 1310 2884 'essenorum

49 2915 194 2998 primum
217 2911 457 2994 suspicabatur,
479 2909 618 2974 Paulum
643 2893 807 2994 scripsisse
829 2915 898 2994 iege
918 2914 1053 2977 Selenia.
1075 2918 1156 2979 Nam
1182 2915 1225 2977 de
1244 2915 1309 2978 boc

47 3021 252 3108 legislatore
275 3019 386 3081 scribit
402 3017 598 3081 Plutarchus
619 3019 652 3080 in
670 3019 781 3080 Solone
798 3042 823 3082 e.
838 3019 890 3082 24.
905 3018 1042 3105 Ἔγραψε
1063 3024 1096 3088 δὲ
1118 3026 1168 3088 καὶ
1189 3021 1309 3109 βλάβης

48 3129 249 3213 τετραπόδων
271 3125 371 3208 νόμον,
390 3122 459 3210 ἕνῲ
481 3127 532 3190 καὶ
549 3122 624 3190 κύνα
645 3123 777 3212 δακόντα
795 3127 988 3208 παραδοῦναι
1006 3132 1121 3196 κελεύει
1143 3131 1237 3213 κλοιῷ
1258 3157 1309 3196 τε·

47 3235 204 3325 τραπήχεκ
227 3237 360 3318 beps‘ror.
382 3236 499 3317 Legem
515 3244 687 3315 praeterea
707 3238 845 3318 euqrsit,
871 3241 902 3297 ei
926 3237 1105 3319 quadrupes
1121 3241 1308 3320 pauperiem

38 3349 175 3429 fecerit,
191 3350 223 3407 iu
242 3367 304 3426 qua
319 3365 439 3424 canem,
462 3347 517 3424 qui
532 3343 703 3416 memordit,
722 3345 894 3430 adligatum
912 3354 1047 3427 quatuor
1066 3347 1238 3407 cubaturum
1254 3365 1307 3405 ca-

46 3429 154 3520 tenae
165 3435 241 3515 dari
251 3473 352 3514 aerae
366 3451 466 3532 jabet.
488 3448 587 3514 Unde
608 3469 675 3510 non
691 3449 904 3516 dubitandum
921 3452 1130 3516 existimabat
1146 3442 1319 3536 Cujacius,'

46 3565 135 3651 quin
152 3561 301 3646 adbanc
324 3539 425 3642 ipsam
442 3557 574 3620 Solonis
596 3556 705 3640 Iegem
723 3559 844 3623 Paulus
866 3561 1059 3646 respexerit.
1081 3561 1161 3623 Eam
1180 3558 1308 3643 Cujacii

46 3671 280 3756 conjecturam
299 3666 420 3730 deinde
437 3685 640 3750 magnopere
657 3665 841 3749 probarunt
854 3669 1145 3754 Ant.·Augustinus
1161 3675 1195 3730 et
1207 3667 1306 3730 Conr.
1341 3745 1344 3751 .

44 3828 348 3848 ..nm—-

124 3925 158 3991 b)
179 3921 289 3976 Flavius
304 3924 393 3987 Caper
411 3916 441 3971 in
452 3917 554 3972 Libello
565 3919 596 3970 de
609 3917 799 3987 ortbcprapbia
811 3915 837 3987 [*
845 3917 873 3970 in
885 3921 1080 3975 Grammaticae
1089 3919 1199 3972 Latinae
1207 3920 1305 3972 Aucto-

43 4012 126 4066 ribus
138 4011 219 4078 aatiq.
232 4026 267 4061 cx
283 4001 341 4060 edri.
356 4005 454 4060 Heliae
466 4004 589 4069 I'utschii
602 4005 739 4056 Heuociae
753 4007 827 4056 1605.
842 4008 866 4055 4.
881 4022 910 4073 p.
923 4005 1013 4078 2243]
1033 4006 1072 4058 ita
1083 4001 1304 4068 distinguendum

43 4101 133 4167 putat
152 4093 222 4148 inter
236 4100 421 4164 paupertatem
439 4094 465 4140 et
481 4090 644 4158 pauperiem,
666 4095 697 4141 ut
714 4087 761 4141 illa
779 4103 926 4156 egenorum
944 4091 1026 4160 pisam
1047 4091 1227 4149 conditionem,
1238 4089 1305 4140 haee

43 4187 180 4238 damnum
198 4179 316 4232 denotet
334 4177 413 4228 Heia.

123 4265 155 4334 e)
174 4263 361 4330 Sebultingius
379 4261 415 4314 ad
433 4257 517 4312 Pauli
535 4258 662 4312 Senteutt.
682 4259 801 4328 Recepti.
820 4257 901 4312 Lus.
917 4264 939 4310 l.
954 4261 1025 4309 recte
1040 4259 1175 4324 observat,
1193 4258 1304 4325 obqua·

42 4352 193 4419 drupedes
204 4349 293 4404 alieno
312 4364 377 4415 agro
396 4343 533 4398 immissas
552 4359 607 4396 non
620 4344 711 4395 datam
729 4344 864 4407 actionem
882 4345 1010 4409 depasta
1029 4342 1148 4408 pecudis,
1168 4342 1215 4396 sed
1227 4341 1304 4394 iasti-

42 4439 185 4494 tuendam
206 4443 271 4487 tunc
289 4434 373 4488 fuisse
391 4430 525 4483 actionem
544 4446 579 4480 cx
597 4429 656 4494 lege
676 4429 810 4498 AquiIIia:
828 4432 860 4484 Ι..
879 4428 925 4480 ult.
938 4423 975 4480 'ct
991 4426 1027 4478 cd
1042 4427 1074 4477 L.
1087 4427 1186 4493 Aquili.
1202 4434 1228 4479 ct
1243 4427 1305 4480 hinc

42 4523 216 4579 Iuvenalem
230 4520 286 4573 Set.
302 4517 384 4572 XIV.
406 4536 427 4568 ν.
443 4517 501 4568 151.
519 4515 572 4566 hoc
590 4510 718 4565 delictum
731 4530 843 4566 vocasse
861 4513 995 4582 injuriam,
1014 4509 1042 4562 id
1061 4515 1110 4575 est,
1130 4512 1251 4564 damnum
1265 4514 1305 4564 in·

32 4610 124 4681 juria
144 4607 242 4658 datum.
262 4606 341 4657 Heia.
