<?xml version="1.0" encoding="UTF-8"?>
<!DOCTYPE html PUBLIC "-//W3C//DTD XHTML 1.0 Transitional//EN"
    "http://www.w3.org/TR/xhtml1/DTD/xhtml1-transitional.dtd">
<html xmlns="http://www.w3.org/1999/xhtml" xml:lang="en" lang="en">
 <head>
  <title>
</title>
<meta http-equiv="Content-Type" content="text/html;charset=utf-8" />
  <meta name='ocr-system' content='tesseract 3.04.00' />
  <meta name='ocr-capabilities' content='ocr_page ocr_carea ocr_par ocr_line ocrx_word'/>
</head>
<body>
  <div class='ocr_page' id='page_1' title='image "./jogottliebheine00haubgoog_0518.png"; bbox 0 0 3030 5160; ppageno 0'>
   <div class='ocr_carea' id='block_1_1' title="bbox 66 321 1286 452">
    <p class='ocr_par' dir='ltr' id='par_1_1' title="bbox 66 321 1286 452">
     <span class='ocr_line' id='line_1_1' title="bbox 66 321 1286 452; baseline 0.013 -18"><span class='ocrx_word' id='word_1_1' title='bbox 66 423 73 434; x_wconf 93' lang='lat'><strong>.</strong></span> <span class='ocrx_word' id='word_1_2' title='bbox 130 377 206 450; x_wconf 87' lang='lat' dir='ltr'><strong>Lm.</strong></span> <span class='ocrx_word' id='word_1_3' title='bbox 224 374 289 443; x_wconf 92' lang='lat'><strong>111.</strong></span> <span class='ocrx_word' id='word_1_4' title='bbox 305 372 388 444; x_wconf 79' lang='lat' dir='ltr'><strong>Tru.</strong></span> <span class='ocrx_word' id='word_1_5' title='bbox 405 321 525 444; x_wconf 82' lang='lat' dir='ltr'><strong>1th</strong></span> <span class='ocrx_word' id='word_1_6' title='bbox 539 372 719 452; x_wconf 79' lang='lat' dir='ltr'><strong>Luarrmn</strong></span> <span class='ocrx_word' id='word_1_7' title='bbox 736 373 983 448; x_wconf 65' lang='lat' dir='ltr'><strong>armamur</strong></span> <span class='ocrx_word' id='word_1_8' title='bbox 999 373 1162 446; x_wconf 79' lang='lat' dir='ltr'><strong>Succusa.</strong></span> <span class='ocrx_word' id='word_1_9' title='bbox 1212 381 1286 450; x_wconf 75' lang='lat' dir='ltr'><strong>m</strong></span> 
     </span>
    </p>
   </div>
   <div class='ocr_carea' id='block_1_2' title="bbox 45 548 1287 847">
    <p class='ocr_par' dir='ltr' id='par_1_2' title="bbox 45 548 1287 847">
     <span class='ocr_line' id='line_1_2' title="bbox 46 548 1286 633; baseline 0 -15"><span class='ocrx_word' id='word_1_10' title='bbox 46 552 161 618; x_wconf 80' lang='lat' dir='ltr'><strong>furiosis</strong></span> <span class='ocrx_word' id='word_1_11' title='bbox 172 571 336 618; x_wconf 83' lang='lat' dir='ltr'><strong>consensu</strong></span> <span class='ocrx_word' id='word_1_12' title='bbox 346 548 507 617; x_wconf 85' lang='lat' dir='ltr'><strong>curatoris</strong></span> <span class='ocrx_word' id='word_1_13' title='bbox 521 549 621 617; x_wconf 70' lang='lat' dir='ltr'><strong>{uitae</strong></span> <span class='ocrx_word' id='word_1_14' title='bbox 636 569 730 633; x_wconf 87' lang='lat' dir='ltr'><strong>opus,</strong></span> <span class='ocrx_word' id='word_1_15' title='bbox 742 550 805 616; x_wconf 82' lang='lat' dir='ltr'><strong>nisi</strong></span> <span class='ocrx_word' id='word_1_16' title='bbox 820 549 1082 616; x_wconf 76' lang='lat' dir='ltr'><strong>forteeolvendo</strong></span> <span class='ocrx_word' id='word_1_17' title='bbox 1096 549 1184 614; x_wconf 88' lang='lat' dir='ltr'><strong>haud</strong></span> <span class='ocrx_word' id='word_1_18' title='bbox 1198 562 1286 618; x_wconf 86' lang='lat' dir='ltr'><strong>esset</strong></span> 
     </span>
     <span class='ocr_line' id='line_1_3' title="bbox 45 657 1287 754; baseline 0.003 -32"><span class='ocrx_word' id='word_1_19' title='bbox 45 657 214 724; x_wconf 70' lang='lat' dir='ltr'><strong>hereditas:</strong></span> <span class='ocrx_word' id='word_1_20' title='bbox 234 658 334 728; x_wconf 87' lang='lat' dir='ltr'><strong>Pauli</strong></span> <span class='ocrx_word' id='word_1_21' title='bbox 358 659 511 727; x_wconf 83' lang='lat' dir='ltr'><strong>Sententt.</strong></span> <span class='ocrx_word' id='word_1_22' title='bbox 529 659 670 740; x_wconf 75' lang='lat' dir='ltr'><strong>Recepta.</strong></span> <span class='ocrx_word' id='word_1_23' title='bbox 684 657 741 754; x_wconf 84' lang='lat' dir='ltr'><strong>IV.</strong></span> <span class='ocrx_word' id='word_1_24' title='bbox 755 659 786 722; x_wconf 84' lang='grc'><strong>8.</strong></span> <span class='ocrx_word' id='word_1_25' title='bbox 802 660 834 724; x_wconf 81' lang='grc'><strong>5.</strong></span> <span class='ocrx_word' id='word_1_26' title='bbox 849 667 884 724; x_wconf 87' lang='lat' dir='ltr'><strong>et</strong></span> <span class='ocrx_word' id='word_1_27' title='bbox 897 658 928 722; x_wconf 89' lang='lat'><strong>6.</strong></span> <span class='ocrx_word' id='word_1_28' title='bbox 952 658 1020 739; x_wconf 85' lang='lat' dir='ltr'><strong>(cf.</strong></span> <span class='ocrx_word' id='word_1_29' title='bbox 1038 657 1218 744; x_wconf 84' lang='lat' dir='ltr'><strong>Schulting</strong></span> <span class='ocrx_word' id='word_1_30' title='bbox 1243 663 1287 726; x_wconf 84' lang='lat' dir='ltr'><strong>ad</strong></span> 
     </span>
     <span class='ocr_line' id='line_1_4' title="bbox 45 763 839 847; baseline 0.008 -17"><span class='ocrx_word' id='word_1_31' title='bbox 45 771 68 830; x_wconf 83' lang='lat' dir='ltr'><strong>h.</strong></span> <span class='ocrx_word' id='word_1_32' title='bbox 80 770 98 828; x_wconf 78' lang='grc' dir='ltr'><strong>Ι.</strong></span> <span class='ocrx_word' id='word_1_33' title='bbox 111 775 171 830; x_wconf 86' lang='lat' dir='ltr'><strong>aot.</strong></span> <span class='ocrx_word' id='word_1_34' title='bbox 187 765 274 847; x_wconf 56' lang='lat'><strong>20).</strong></span> <span class='ocrx_word' id='word_1_35' title='bbox 446 763 459 784; x_wconf 74' lang='grc'><em>“</em></span> <span class='ocrx_word' id='word_1_36' title='bbox 835 797 839 802; x_wconf 94' lang='grc'><strong><em>·</em></strong></span> 
     </span>
    </p>
   </div>
   <div class='ocr_carea' id='block_1_3' title="bbox 545 923 765 936">
    <p class='ocr_par' dir='ltr' id='par_1_3' title="bbox 545 923 765 936">
     <span class='ocr_line' id='line_1_5' title="bbox 545 923 765 936; baseline 0 -2"><span class='ocrx_word' id='word_1_37' title='bbox 545 923 765 936; x_wconf 77' lang='grc' dir='ltr'><strong>-ι--ι-ι-</strong></span> 
     </span>
    </p>
   </div>
   <div class='ocr_carea' id='block_1_4' title="bbox 480 1047 833 1116">
    <p class='ocr_par' dir='ltr' id='par_1_4' title="bbox 480 1047 833 1116">
     <span class='ocr_line' id='line_1_6' title="bbox 480 1047 833 1116; baseline -0.006 -4"><span class='ocrx_word' id='word_1_38' title='bbox 480 1047 567 1112; x_wconf 88' lang='lat' dir='ltr'><strong>LIB.</strong></span> <span class='ocrx_word' id='word_1_39' title='bbox 587 1049 651 1115; x_wconf 88' lang='lat'><strong>111.</strong></span> <span class='ocrx_word' id='word_1_40' title='bbox 673 1049 765 1114; x_wconf 86' lang='lat' dir='ltr'><strong>TIT.</strong></span> <span class='ocrx_word' id='word_1_41' title='bbox 787 1051 833 1116; x_wconf 95' lang='lat' dir='ltr'><strong>II.</strong></span> 
     </span>
    </p>
   </div>
   <div class='ocr_carea' id='block_1_5' title="bbox 641 1217 676 1254">
    <p class='ocr_par' dir='ltr' id='par_1_5' title="bbox 641 1217 676 1254">
     <span class='ocr_line' id='line_1_7' title="bbox 641 1217 676 1254; baseline 0 0"><span class='ocrx_word' id='word_1_42' title='bbox 641 1217 676 1254; x_wconf 79' lang='lat' dir='ltr'><strong>DE</strong></span> 
     </span>
    </p>
   </div>
   <div class='ocr_carea' id='block_1_6' title="bbox 120 1329 1222 1426">
    <p class='ocr_par' dir='ltr' id='par_1_6' title="bbox 120 1329 1222 1426">
     <span class='ocr_line' id='line_1_8' title="bbox 120 1329 1222 1426; baseline -0.002 -10"><span class='ocrx_word' id='word_1_43' title='bbox 120 1339 390 1426; x_wconf 81' lang='lat' dir='ltr'><strong>LEGITIMA</strong></span> <span class='ocrx_word' id='word_1_44' title='bbox 416 1337 795 1416; x_wconf 80' lang='lat' dir='ltr'><strong>ADGNATORUM</strong></span> <span class='ocrx_word' id='word_1_45' title='bbox 820 1329 1192 1418; x_wconf 81' lang='lat' dir='ltr'><strong>SUGGESSIONE.</strong></span> <span class='ocrx_word' id='word_1_46' title='bbox 1219 1405 1222 1414; x_wconf 90' lang='lat'><strong>.</strong></span> 
     </span>
    </p>
   </div>
   <div class='ocr_carea' id='block_1_7' title="bbox 47 1503 1286 3332">
    <p class='ocr_par' dir='ltr' id='par_1_7' title="bbox 47 1503 1286 2020">
     <span class='ocr_line' id='line_1_9' title="bbox 113 1503 1286 1586; baseline 0 -14"><span class='ocrx_word' id='word_1_47' title='bbox 113 1507 356 1572; x_wconf 86' lang='lat' dir='ltr'><strong>Deficientihus</strong></span> <span class='ocrx_word' id='word_1_48' title='bbox 378 1505 556 1570; x_wconf 80' lang='lat' dir='ltr'>heredibus</span> <span class='ocrx_word' id='word_1_49' title='bbox 577 1505 660 1586; x_wconf 88' lang='lat' dir='ltr'><strong>suis,</strong></span> <span class='ocrx_word' id='word_1_50' title='bbox 675 1503 734 1568; x_wconf 88' lang='lat' dir='ltr'><strong>lex</strong></span> <span class='ocrx_word' id='word_1_51' title='bbox 749 1505 924 1570; x_wconf 85' lang='lat' dir='ltr'><strong>duodecim</strong></span> <span class='ocrx_word' id='word_1_52' title='bbox 941 1507 1143 1571; x_wconf 76' lang='lat' dir='ltr'><strong>Tabularum</strong></span> <span class='ocrx_word' id='word_1_53' title='bbox 1167 1508 1209 1571; x_wconf 91' lang='lat' dir='ltr'><strong>ad</strong></span> <span class='ocrx_word' id='word_1_54' title='bbox 1232 1529 1286 1572; x_wconf 85' lang='lat' dir='ltr'><strong>au·</strong></span> 
     </span>
     <span class='ocr_line' id='line_1_10' title="bbox 47 1613 1285 1699; baseline 0 -20"><span class='ocrx_word' id='word_1_55' title='bbox 47 1616 191 1699; x_wconf 87' lang='lat' dir='ltr'><strong>perierem</strong></span> <span class='ocrx_word' id='word_1_56' title='bbox 214 1615 350 1679; x_wconf 89' lang='lat' dir='ltr'><strong>titulum</strong></span> <span class='ocrx_word' id='word_1_57' title='bbox 372 1616 400 1696; x_wconf 83' lang='lat'><strong>§.</strong></span> <span class='ocrx_word' id='word_1_58' title='bbox 422 1614 451 1674; x_wconf 96' lang='lat'><strong>1.</strong></span> <span class='ocrx_word' id='word_1_59' title='bbox 472 1613 594 1695; x_wconf 86' lang='lat' dir='ltr'><strong>relata,</strong></span> <span class='ocrx_word' id='word_1_60' title='bbox 620 1613 662 1676; x_wconf 89' lang='lat' dir='ltr'><strong>ad</strong></span> <span class='ocrx_word' id='word_1_61' title='bbox 685 1615 924 1678; x_wconf 83' lang='lat' dir='ltr'><strong>successionem</strong></span> <span class='ocrx_word' id='word_1_62' title='bbox 952 1616 1095 1679; x_wconf 88' lang='lat' dir='ltr'><strong>vocabat</strong></span> <span class='ocrx_word' id='word_1_63' title='bbox 1117 1617 1285 1698; x_wconf 88' lang='lat' dir='ltr'><strong>proximos</strong></span> 
     </span>
     <span class='ocr_line' id='line_1_11' title="bbox 49 1721 1286 1809; baseline 0 -23"><span class='ocrx_word' id='word_1_64' title='bbox 49 1739 223 1806; x_wconf 74' lang='lat' dir='ltr'><strong>menaeus,</strong></span> <span class='ocrx_word' id='word_1_65' title='bbox 244 1721 373 1804; x_wconf 52' lang='lat' dir='ltr'><strong>et‚1hia</strong></span> <span class='ocrx_word' id='word_1_66' title='bbox 395 1740 529 1806; x_wconf 89' lang='lat' dir='ltr'><strong>quoque</strong></span> <span class='ocrx_word' id='word_1_67' title='bbox 553 1721 798 1805; x_wconf 86' lang='lat' dir='ltr'><strong>deficientibus,</strong></span> <span class='ocrx_word' id='word_1_68' title='bbox 821 1721 997 1786; x_wconf 73' lang='lat' dir='ltr'><strong>uenenis.</strong></span> <span class='ocrx_word' id='word_1_69' title='bbox 1017 1721 1117 1787; x_wconf 87' lang='lat' dir='ltr'><strong>Unde</strong></span> <span class='ocrx_word' id='word_1_70' title='bbox 1140 1723 1182 1787; x_wconf 88' lang='lat' dir='ltr'><strong>de</strong></span> <span class='ocrx_word' id='word_1_71' title='bbox 1199 1724 1286 1809; x_wconf 86' lang='lat' dir='ltr'><strong>legi-</strong></span> 
     </span>
     <span class='ocr_line' id='line_1_12' title="bbox 51 1829 1286 1905; baseline 0 -11"><span class='ocrx_word' id='word_1_72' title='bbox 51 1831 111 1896; x_wconf 85' lang='lat' dir='ltr'><strong>tima</strong></span> <span class='ocrx_word' id='word_1_73' title='bbox 125 1847 364 1895; x_wconf 78' lang='lat' dir='ltr'><strong>rncnnroreun</strong></span> <span class='ocrx_word' id='word_1_74' title='bbox 384 1845 643 1905; x_wconf 81' lang='lat' dir='ltr'><strong>annrrmunQun</strong></span> <span class='ocrx_word' id='word_1_75' title='bbox 663 1845 888 1896; x_wconf 79' lang='lat' dir='ltr'><strong>succussrouu</strong></span> <span class='ocrx_word' id='word_1_76' title='bbox 906 1829 1050 1894; x_wconf 87' lang='lat' dir='ltr'><strong>adhunc</strong></span> <span class='ocrx_word' id='word_1_77' title='bbox 1071 1829 1201 1895; x_wconf 86' lang='lat' dir='ltr'><strong>titulum</strong></span> <span class='ocrx_word' id='word_1_78' title='bbox 1222 1831 1286 1896; x_wconf 87' lang='lat' dir='ltr'><strong>erit</strong></span> 
     </span>
     <span class='ocr_line' id='line_1_13' title="bbox 50 1939 199 2020; baseline 0 -20"><span class='ocrx_word' id='word_1_79' title='bbox 50 1939 199 2020; x_wconf 83' lang='lat' dir='ltr'><strong>agendum.</strong></span> 
     </span>
    </p>

    <p class='ocr_par' dir='ltr' id='par_1_8' title="bbox 485 2053 824 2238">
     <span class='ocr_line' id='line_1_14' title="bbox 617 2053 696 2136; baseline 0 -22"><span class='ocrx_word' id='word_1_80' title='bbox 617 2055 645 2136; x_wconf 47' lang='grc' dir='ltr'><strong>ᾖ</strong></span> <span class='ocrx_word' id='word_1_81' title='bbox 667 2053 696 2114; x_wconf 94' lang='lat'><strong>1.</strong></span> 
     </span>
     <span class='ocr_line' id='line_1_15' title="bbox 485 2169 824 2238; baseline 0 -16"><span class='ocrx_word' id='word_1_82' title='bbox 485 2169 605 2238; x_wconf 69' lang='lat' dir='ltr'><strong>Adgnata&#39;</strong></span> <span class='ocrx_word' id='word_1_83' title='bbox 620 2170 726 2237; x_wconf 79' lang='lat' dir='ltr'><strong>quinam</strong></span> <span class='ocrx_word' id='word_1_84' title='bbox 745 2169 824 2223; x_wconf 80' lang='lat' dir='ltr'><strong>dieii?</strong></span> 
     </span>
    </p>

    <p class='ocr_par' dir='ltr' id='par_1_9' title="bbox 52 2268 1285 3332">
     <span class='ocr_line' id='line_1_16' title="bbox 117 2268 1284 2356; baseline 0 -22"><span class='ocrx_word' id='word_1_85' title='bbox 117 2271 288 2356; x_wconf 85' lang='lat' dir='ltr'><strong>Adgnatos</strong></span> <span class='ocrx_word' id='word_1_86' title='bbox 309 2271 472 2336; x_wconf 89' lang='lat' dir='ltr'><strong>definiunt</strong></span> <span class='ocrx_word' id='word_1_87' title='bbox 487 2268 713 2334; x_wconf 72' lang='lat' dir='ltr'><strong>iureconsulti</strong></span> <span class='ocrx_word' id='word_1_88' title='bbox 735 2278 897 2351; x_wconf 85' lang='lat' dir='ltr'><strong>cognatae,</strong></span> <span class='ocrx_word' id='word_1_89' title='bbox 910 2292 970 2352; x_wconf 84' lang='lat' dir='ltr'><strong>per</strong></span> <span class='ocrx_word' id='word_1_90' title='bbox 985 2275 1083 2334; x_wconf 77' lang='lat' dir='ltr'><strong>atritis</strong></span> <span class='ocrx_word' id='word_1_91' title='bbox 1098 2291 1194 2334; x_wconf 82' lang='lat' dir='ltr'><strong>ecana</strong></span> <span class='ocrx_word' id='word_1_92' title='bbox 1210 2293 1284 2354; x_wconf 79' lang='lat' dir='ltr'><strong>per-</strong></span> 
     </span>
     <span class='ocr_line' id='line_1_17' title="bbox 52 2375 1284 2464; baseline 0.001 -25"><span class='ocrx_word' id='word_1_93' title='bbox 52 2399 125 2441; x_wconf 82' lang='lat' dir='ltr'><strong>renae</strong></span> <span class='ocrx_word' id='word_1_94' title='bbox 140 2385 325 2464; x_wconf 69' lang='lat' dir='ltr'><strong>cognatione</strong></span> <span class='ocrx_word' id='word_1_95' title='bbox 337 2379 529 2461; x_wconf 82' lang='lat' dir='ltr'><strong>conjunctos,</strong></span> <span class='ocrx_word' id='word_1_96' title='bbox 542 2378 611 2442; x_wconf 86' lang='lat' dir='ltr'><strong>sive</strong></span> <span class='ocrx_word' id='word_1_97' title='bbox 627 2375 777 2440; x_wconf 87' lang='lat' dir='ltr'><strong>naturale</strong></span> <span class='ocrx_word' id='word_1_98' title='bbox 792 2376 834 2440; x_wconf 89' lang='lat' dir='ltr'><strong>sit</strong></span> <span class='ocrx_word' id='word_1_99' title='bbox 849 2376 884 2440; x_wconf 95' lang='lat' dir='ltr'><strong>id</strong></span> <span class='ocrx_word' id='word_1_100' title='bbox 900 2378 1077 2459; x_wconf 87' lang='lat' dir='ltr'><strong>vinculum,</strong></span> <span class='ocrx_word' id='word_1_101' title='bbox 1089 2378 1157 2442; x_wconf 88' lang='lat' dir='ltr'><strong>sive</strong></span> <span class='ocrx_word' id='word_1_102' title='bbox 1173 2378 1284 2461; x_wconf 88' lang='lat' dir='ltr'><strong>civile,</strong></span> 
     </span>
     <span class='ocr_line' id='line_1_18' title="bbox 53 2485 1285 2572; baseline 0.003 -26"><span class='ocrx_word' id='word_1_103' title='bbox 53 2486 129 2566; x_wconf 87' lang='lat' dir='ltr'><strong>quale</strong></span> <span class='ocrx_word' id='word_1_104' title='bbox 152 2497 199 2552; x_wconf 90' lang='lat' dir='ltr'><strong>est</strong></span> <span class='ocrx_word' id='word_1_105' title='bbox 220 2487 372 2572; x_wconf 81' lang='lat' dir='ltr'><strong>adoptio.</strong></span> <span class='ocrx_word' id='word_1_106' title='bbox 394 2486 480 2550; x_wconf 90' lang='lat' dir='ltr'><strong>Nam</strong></span> <span class='ocrx_word' id='word_1_107' title='bbox 506 2495 539 2550; x_wconf 84' lang='lat' dir='ltr'><strong>et</strong></span> <span class='ocrx_word' id='word_1_108' title='bbox 562 2505 623 2570; x_wconf 90' lang='lat' dir='ltr'><strong>per</strong></span> <span class='ocrx_word' id='word_1_109' title='bbox 646 2485 860 2569; x_wconf 89' lang='lat' dir='ltr'><strong>adoptionem</strong></span> <span class='ocrx_word' id='word_1_110' title='bbox 885 2487 956 2570; x_wconf 87' lang='lat' dir='ltr'><strong>quis</strong></span> <span class='ocrx_word' id='word_1_111' title='bbox 979 2486 1189 2570; x_wconf 86' lang='lat' dir='ltr'><strong>adgnationis</strong></span> <span class='ocrx_word' id='word_1_112' title='bbox 1206 2487 1285 2572; x_wconf 88' lang='lat' dir='ltr'><strong>jura</strong></span> 
     </span>
     <span class='ocr_line' id='line_1_19' title="bbox 54 2579 1285 2681; baseline 0.003 -29"><span class='ocrx_word' id='word_1_113' title='bbox 54 2597 250 2681; x_wconf 83' lang='lat' dir='ltr'><strong>consequitur:</strong></span> <span class='ocrx_word' id='word_1_114' title='bbox 278 2596 308 2677; x_wconf 82' lang='lat'><strong>§.</strong></span> <span class='ocrx_word' id='word_1_115' title='bbox 323 2579 359 2658; x_wconf 61' lang='lat'><strong>2(</strong></span> <span class='ocrx_word' id='word_1_116' title='bbox 375 2597 454 2656; x_wconf 86' lang='lat' dir='ltr'><strong>Inet.</strong></span> <span class='ocrx_word' id='word_1_117' title='bbox 471 2597 500 2656; x_wconf 82' lang='lat' dir='ltr'><strong>h.</strong></span> <span class='ocrx_word' id='word_1_118' title='bbox 516 2603 538 2661; x_wconf 89' lang='lat' dir='ltr'><strong>t.</strong></span> <span class='ocrx_word' id='word_1_119' title='bbox 563 2595 681 2658; x_wconf 85' lang='lat' dir='ltr'><strong>Dictae</strong></span> <span class='ocrx_word' id='word_1_120' title='bbox 701 2615 783 2656; x_wconf 89' lang='lat' dir='ltr'><strong>vero</strong></span> <span class='ocrx_word' id='word_1_121' title='bbox 803 2593 851 2656; x_wconf 82' lang='lat' dir='ltr'><strong>ita</strong></span> <span class='ocrx_word' id='word_1_122' title='bbox 876 2600 1009 2678; x_wconf 85' lang='lat' dir='ltr'><strong>putant,</strong></span> <span class='ocrx_word' id='word_1_123' title='bbox 1037 2594 1129 2681; x_wconf 87' lang='lat' dir='ltr'><strong>quasi</strong></span> <span class='ocrx_word' id='word_1_124' title='bbox 1154 2601 1285 2676; x_wconf 81' lang='lat' dir='ltr'><strong>epatre</strong></span> 
     </span>
     <span class='ocr_line' id='line_1_20' title="bbox 53 2700 1283 2786; baseline 0.004 -27"><span class='ocrx_word' id='word_1_125' title='bbox 53 2713 192 2782; x_wconf 80' lang='lat' dir='ltr'><strong>cognatae:</strong></span> <span class='ocrx_word' id='word_1_126' title='bbox 214 2706 243 2786; x_wconf 68' lang='lat'><strong>§-</strong></span> <span class='ocrx_word' id='word_1_127' title='bbox 263 2703 296 2765; x_wconf 92' lang='lat'><strong>1.</strong></span> <span class='ocrx_word' id='word_1_128' title='bbox 315 2705 392 2766; x_wconf 85' lang='lat' dir='ltr'><strong>Inet.</strong></span> <span class='ocrx_word' id='word_1_129' title='bbox 415 2700 572 2785; x_wconf 70' lang='lat' dir='ltr'><strong>de‘Lege‘t.</strong></span> <span class='ocrx_word' id='word_1_130' title='bbox 593 2704 725 2784; x_wconf 84' lang='lat' dir='ltr'><strong>adgnat.</strong></span> <span class='ocrx_word' id='word_1_131' title='bbox 744 2706 844 2766; x_wconf 84' lang='lat' dir='ltr'><strong>tutela</strong></span> <span class='ocrx_word' id='word_1_132' title='bbox 866 2709 894 2778; x_wconf 84' lang='lat'><strong>§.</strong></span> <span class='ocrx_word' id='word_1_133' title='bbox 912 2701 941 2764; x_wconf 91' lang='lat'><strong>1.</strong></span> <span class='ocrx_word' id='word_1_134' title='bbox 959 2703 1037 2782; x_wconf 77' lang='lat' dir='ltr'><strong>¹Inet.</strong></span> <span class='ocrx_word' id='word_1_135' title='bbox 1055 2705 1085 2764; x_wconf 83' lang='lat' dir='ltr'><strong>h.</strong></span> <span class='ocrx_word' id='word_1_136' title='bbox 1106 2711 1127 2764; x_wconf 84' lang='lat' dir='ltr'><strong>t.</strong></span> <span class='ocrx_word' id='word_1_137' title='bbox 1144 2723 1283 2786; x_wconf 88' lang='lat' dir='ltr'><strong>eamque</strong></span> 
     </span>
     <span class='ocr_line' id='line_1_21' title="bbox 54 2807 1283 2893; baseline 0.004 -26"><span class='ocrx_word' id='word_1_138' title='bbox 54 2807 130 2873; x_wconf 88' lang='lat' dir='ltr'><strong>etiam</strong></span> <span class='ocrx_word' id='word_1_139' title='bbox 141 2827 333 2876; x_wconf 77' lang='lat' dir='ltr'><strong>naarrrman</strong></span> <span class='ocrx_word' id='word_1_140' title='bbox 354 2825 597 2874; x_wconf 78' lang='lat' dir='ltr'><strong>coenarmuan</strong></span> <span class='ocrx_word' id='word_1_141' title='bbox 613 2815 732 2873; x_wconf 86' lang='lat' dir='ltr'><strong>vocant</strong></span> <span class='ocrx_word' id='word_1_142' title='bbox 748 2807 826 2893; x_wconf 82' lang='lat' dir='ltr'><strong>Gaji</strong></span> <span class='ocrx_word' id='word_1_143' title='bbox 841 2809 919 2872; x_wconf 84' lang='lat' dir='ltr'><strong>Inet.</strong></span> <span class='ocrx_word' id='word_1_144' title='bbox 937 2811 978 2871; x_wconf 90' lang='lat' dir='ltr'><strong>II.</strong></span> <span class='ocrx_word' id='word_1_145' title='bbox 990 2811 1019 2874; x_wconf 81' lang='lat'><strong>8.</strong></span> <span class='ocrx_word' id='word_1_146' title='bbox 1034 2809 1064 2873; x_wconf 81' lang='grc'><strong>3.</strong></span> <span class='ocrx_word' id='word_1_147' title='bbox 1083 2808 1162 2890; x_wconf 90' lang='grc' dir='ltr'><strong>(ΙΙΙ.</strong></span> <span class='ocrx_word' id='word_1_148' title='bbox 1177 2808 1227 2872; x_wconf 91' lang='grc'><strong>10.</strong></span> <span class='ocrx_word' id='word_1_149' title='bbox 1243 2809 1283 2888; x_wconf 82' lang='lat' dir='ltr'><strong>et&#39;.</strong></span> 
     </span>
     <span class='ocr_line' id='line_1_22' title="bbox 53 2917 1285 3002; baseline 0.005 -27"><span class='ocrx_word' id='word_1_150' title='bbox 53 2934 106 2978; x_wconf 85' lang='lat' dir='ltr'><strong>curu</strong></span> <span class='ocrx_word' id='word_1_151' title='bbox 129 2919 339 3002; x_wconf 72' lang='lat' dir='ltr'><strong>1.1aa.)-J..</strong></span> <span class='ocrx_word' id='word_1_152' title='bbox 363 2917 414 2980; x_wconf 80' lang='lat'><strong>12.</strong></span> <span class='ocrx_word' id='word_1_153' title='bbox 442 2920 472 2999; x_wconf 82' lang='lat'><strong>§.</strong></span> <span class='ocrx_word' id='word_1_154' title='bbox 494 2920 550 2982; x_wconf 79' lang='lat' dir='ltr'><strong>atr.</strong></span> <span class='ocrx_word' id='word_1_155' title='bbox 572 2919 613 2978; x_wconf 87' lang='lat' dir='ltr'><strong>D.</strong></span> <span class='ocrx_word' id='word_1_156' title='bbox 638 2919 762 2980; x_wconf 74' lang='lat' dir='ltr'><strong>delita.</strong></span> <span class='ocrx_word' id='word_1_157' title='bbox 785 2919 932 2999; x_wconf 65' lang='lat' dir='ltr'><strong>naam).</strong></span> <span class='ocrx_word' id='word_1_158' title='bbox 968 2917 1035 2980; x_wconf 87' lang='lat' dir='ltr'><strong>Sed</strong></span> <span class='ocrx_word' id='word_1_159' title='bbox 1067 2917 1213 3002; x_wconf 86' lang='lat' dir='ltr'><strong>quamvis</strong></span> <span class='ocrx_word' id='word_1_160' title='bbox 1243 2938 1285 2981; x_wconf 88' lang='lat' dir='ltr'><strong>ea</strong></span> 
     </span>
     <span class='ocr_line' id='line_1_23' title="bbox 54 3024 1282 3110; baseline 0.003 -27"><span class='ocrx_word' id='word_1_161' title='bbox 54 3025 140 3090; x_wconf 87' lang='lat' dir='ltr'><strong>onnia</strong></span> <span class='ocrx_word' id='word_1_162' title='bbox 152 3039 241 3092; x_wconf 88' lang='lat' dir='ltr'><strong>reete</strong></span> <span class='ocrx_word' id='word_1_163' title='bbox 254 3047 292 3092; x_wconf 88' lang='lat' dir='ltr'><strong>se</strong></span> <span class='ocrx_word' id='word_1_164' title='bbox 304 3026 460 3107; x_wconf 78' lang='lat' dir='ltr'><strong>habeant,</strong></span> <span class='ocrx_word' id='word_1_165' title='bbox 470 3024 497 3087; x_wconf 87' lang='lat' dir='ltr'><strong>si</strong></span> <span class='ocrx_word' id='word_1_166' title='bbox 512 3024 649 3108; x_wconf 83' lang='lat' dir='ltr'><strong>adgnati</strong></span> <span class='ocrx_word' id='word_1_167' title='bbox 665 3031 876 3110; x_wconf 86' lang='lat' dir='ltr'><strong>opponantur</strong></span> <span class='ocrx_word' id='word_1_168' title='bbox 885 3029 1043 3106; x_wconf 76' lang='lat' dir='ltr'><strong>cognatis.-</strong></span> <span class='ocrx_word' id='word_1_169' title='bbox 1054 3026 1158 3088; x_wconf 87' lang='lat' dir='ltr'><strong>minus</strong></span> <span class='ocrx_word' id='word_1_170' title='bbox 1172 3033 1282 3089; x_wconf 88' lang='lat' dir='ltr'><strong>tamen</strong></span> 
     </span>
     <span class='ocr_line' id='line_1_24' title="bbox 53 3131 1283 3218; baseline 0 -24"><span class='ocrx_word' id='word_1_171' title='bbox 53 3131 147 3198; x_wconf 80' lang='lat' dir='ltr'><strong>sufficit</strong></span> <span class='ocrx_word' id='word_1_172' title='bbox 161 3136 325 3216; x_wconf 86' lang='lat' dir='ltr'><strong>definitio,</strong></span> <span class='ocrx_word' id='word_1_173' title='bbox 341 3136 367 3198; x_wconf 88' lang='lat' dir='ltr'><strong>si</strong></span> <span class='ocrx_word' id='word_1_174' title='bbox 384 3136 521 3218; x_wconf 79' lang='lat' dir='ltr'><strong>adgnati</strong></span> <span class='ocrx_word' id='word_1_175' title='bbox 536 3131 762 3217; x_wconf 88' lang='lat' dir='ltr'><strong>distinguendi</strong></span> <span class='ocrx_word' id='word_1_176' title='bbox 778 3133 842 3196; x_wconf 87' lang='lat' dir='ltr'><strong>sint</strong></span> <span class='ocrx_word' id='word_1_177' title='bbox 857 3154 877 3195; x_wconf 92' lang='lat' dir='ltr'><strong>a</strong></span> <span class='ocrx_word' id='word_1_178' title='bbox 894 3133 1071 3217; x_wconf 73' lang='lat' dir='ltr'><strong>genetibus.</strong></span> <span class='ocrx_word' id='word_1_179' title='bbox 1093 3133 1178 3194; x_wconf 90' lang='lat' dir='ltr'><strong>Nam</strong></span> <span class='ocrx_word' id='word_1_180' title='bbox 1200 3141 1233 3196; x_wconf 87' lang='lat' dir='ltr'><strong>et</strong></span> <span class='ocrx_word' id='word_1_181' title='bbox 1248 3131 1283 3194; x_wconf 93' lang='lat' dir='ltr'><strong>hi</strong></span> 
     </span>
     <span class='ocr_line' id='line_1_25' title="bbox 53 3240 1283 3332; baseline 0.001 -30"><span class='ocrx_word' id='word_1_182' title='bbox 53 3249 109 3304; x_wconf 83' lang='lat' dir='ltr'><strong>sunt</strong></span> <span class='ocrx_word' id='word_1_183' title='bbox 127 3245 277 3328; x_wconf 84' lang='lat' dir='ltr'><strong>cognati,</strong></span> <span class='ocrx_word' id='word_1_184' title='bbox 298 3263 360 3326; x_wconf 91' lang='lat' dir='ltr'><strong>per</strong></span> <span class='ocrx_word' id='word_1_185' title='bbox 383 3241 487 3306; x_wconf 89' lang='lat' dir='ltr'><strong>virilis</strong></span> <span class='ocrx_word' id='word_1_186' title='bbox 511 3261 608 3303; x_wconf 84' lang='lat' dir='ltr'><strong>sexus</strong></span> <span class='ocrx_word' id='word_1_187' title='bbox 626 3261 779 3322; x_wconf 80' lang='lat' dir='ltr'><strong>personas</strong></span> <span class='ocrx_word' id='word_1_188' title='bbox 801 3243 984 3332; x_wconf 73' lang='lat' dir='ltr'><strong>cognatione</strong></span> <span class='ocrx_word' id='word_1_189' title='bbox 1008 3240 1225 3322; x_wconf 67' lang='lat' dir='ltr'><strong>cenjanettb),</strong></span> <span class='ocrx_word' id='word_1_190' title='bbox 1248 3248 1283 3303; x_wconf 91' lang='lat' dir='ltr'><strong>et</strong></span> 
     </span>
    </p>
   </div>
   <div class='ocr_carea' id='block_1_8' title="bbox 50 3373 333 3396">
    <p class='ocr_par' dir='ltr' id='par_1_10' title="bbox 50 3373 333 3396">
     <span class='ocr_line' id='line_1_26' title="bbox 50 3373 333 3396; baseline 0 -4"><span class='ocrx_word' id='word_1_191' title='bbox 50 3373 333 3396; x_wconf 52' lang='grc' dir='ltr'>Ἣ</span> 
     </span>
    </p>
   </div>
   <div class='ocr_carea' id='block_1_9' title="bbox 54 3450 1283 4458">
    <p class='ocr_par' dir='ltr' id='par_1_11' title="bbox 54 3450 1283 4458">
     <span class='ocr_line' id='line_1_27' title="bbox 106 3450 1283 3521; baseline -0.002 -15"><span class='ocrx_word' id='word_1_192' title='bbox 106 3450 133 3516; x_wconf 74' lang='lat' dir='ltr'><strong>a)</strong></span> <span class='ocrx_word' id='word_1_193' title='bbox 150 3453 223 3506; x_wconf 77' lang='lat' dir='ltr'><strong>Aliae</strong></span> <span class='ocrx_word' id='word_1_194' title='bbox 242 3459 335 3506; x_wconf 85' lang='lat' dir='ltr'><strong>tamen</strong></span> <span class='ocrx_word' id='word_1_195' title='bbox 354 3452 468 3521; x_wconf 67' lang='lat' dir='ltr'><strong>legitima</strong></span> <span class='ocrx_word' id='word_1_196' title='bbox 491 3452 611 3519; x_wconf 64' lang='lat' dir='ltr'><strong>coenatio</strong></span> <span class='ocrx_word' id='word_1_197' title='bbox 635 3467 668 3504; x_wconf 86' lang='lat' dir='ltr'><strong>ea</strong></span> <span class='ocrx_word' id='word_1_198' title='bbox 690 3458 739 3516; x_wconf 88' lang='lat' dir='ltr'><strong>est,</strong></span> <span class='ocrx_word' id='word_1_199' title='bbox 765 3469 835 3521; x_wconf 89' lang='lat' dir='ltr'><strong>quae</strong></span> <span class='ocrx_word' id='word_1_200' title='bbox 858 3451 1005 3517; x_wconf 88' lang='lat' dir='ltr'><strong>adoptione</strong></span> <span class='ocrx_word' id='word_1_201' title='bbox 1028 3454 1141 3516; x_wconf 84' lang='lat' dir='ltr'><strong>constat,</strong></span> <span class='ocrx_word' id='word_1_202' title='bbox 1159 3451 1283 3520; x_wconf 86' lang='lat' dir='ltr'><strong>adeoque</strong></span> 
     </span>
     <span class='ocr_line' id='line_1_28' title="bbox 54 3533 1283 3605; baseline 0.003 -19"><span class='ocrx_word' id='word_1_203' title='bbox 54 3533 178 3597; x_wconf 77' lang='lat' dir='ltr'><strong>opponitur</strong></span> <span class='ocrx_word' id='word_1_204' title='bbox 194 3539 329 3592; x_wconf 71' lang='lat' dir='ltr'><strong>metrali:</strong></span> <span class='ocrx_word' id='word_1_205' title='bbox 351 3539 384 3590; x_wconf 88' lang='lat' dir='ltr'><strong>L.</strong></span> <span class='ocrx_word' id='word_1_206' title='bbox 402 3542 427 3592; x_wconf 85' lang='lat'><strong>4.</strong></span> <span class='ocrx_word' id='word_1_207' title='bbox 445 3538 466 3604; x_wconf 61' lang='grc' dir='ltr'><strong>ξ.</strong></span> <span class='ocrx_word' id='word_1_208' title='bbox 483 3542 508 3590; x_wconf 82' lang='grc'><strong>2.</strong></span> <span class='ocrx_word' id='word_1_209' title='bbox 528 3537 563 3590; x_wconf 91' lang='lat' dir='ltr'><strong>D.</strong></span> <span class='ocrx_word' id='word_1_210' title='bbox 582 3536 613 3588; x_wconf 85' lang='lat' dir='ltr'><strong>de</strong></span> <span class='ocrx_word' id='word_1_211' title='bbox 636 3534 746 3588; x_wconf 77' lang='lat' dir='ltr'><strong>Gradib.</strong></span> <span class='ocrx_word' id='word_1_212' title='bbox 764 3545 790 3587; x_wconf 87' lang='lat' dir='ltr'><strong>et</strong></span> <span class='ocrx_word' id='word_1_213' title='bbox 807 3537 888 3605; x_wconf 64' lang='lat' dir='ltr'><strong>adin.</strong></span> <span class='ocrx_word' id='word_1_214' title='bbox 917 3537 958 3588; x_wconf 88' lang='lat' dir='ltr'><strong>Cf.</strong></span> <span class='ocrx_word' id='word_1_215' title='bbox 976 3534 1136 3590; x_wconf 83' lang='lat' dir='ltr'><strong>Brisaoniua</strong></span> <span class='ocrx_word' id='word_1_216' title='bbox 1155 3537 1186 3588; x_wconf 83' lang='lat' dir='ltr'><strong>de</strong></span> <span class='ocrx_word' id='word_1_217' title='bbox 1207 3533 1283 3590; x_wconf 84' lang='lat' dir='ltr'><strong>Verb.</strong></span> 
     </span>
     <span class='ocr_line' id='line_1_29' title="bbox 55 3614 1282 3690; baseline 0 -14"><span class='ocrx_word' id='word_1_218' title='bbox 55 3614 111 3682; x_wconf 61' lang='lat' dir='ltr'><strong>Situ·</strong></span> <span class='ocrx_word' id='word_1_219' title='bbox 128 3620 180 3682; x_wconf 76' lang='lat' dir='ltr'><strong>la&#39;d.</strong></span> <span class='ocrx_word' id='word_1_220' title='bbox 194 3624 233 3676; x_wconf 88' lang='lat' dir='ltr'><strong>X.</strong></span> <span class='ocrx_word' id='word_1_221' title='bbox 256 3624 310 3676; x_wconf 83' lang='lat' dir='ltr'><strong>suh</strong></span> <span class='ocrx_word' id='word_1_222' title='bbox 320 3638 393 3676; x_wconf 76' lang='lat' dir='ltr'><strong>voce.</strong></span> <span class='ocrx_word' id='word_1_223' title='bbox 412 3621 541 3690; x_wconf 71' lang='lat' dir='ltr'><strong>legitimae</strong></span> <span class='ocrx_word' id='word_1_224' title='bbox 553 3625 727 3689; x_wconf 66' lang='lat' dir='ltr'><strong>cognationes.</strong></span> <span class='ocrx_word' id='word_1_225' title='bbox 746 3622 825 3674; x_wconf 81' lang='lat' dir='ltr'><strong>Hein.</strong></span> <span class='ocrx_word' id='word_1_226' title='bbox 844 3621 1000 3684; x_wconf 81' lang='lat' dir='ltr'><strong>Quaeritur,</strong></span> <span class='ocrx_word' id='word_1_227' title='bbox 1015 3635 1050 3672; x_wconf 88' lang='lat' dir='ltr'><strong>an</strong></span> <span class='ocrx_word' id='word_1_228' title='bbox 1059 3619 1140 3674; x_wconf 84' lang='lat' dir='ltr'><strong>etiam</strong></span> <span class='ocrx_word' id='word_1_229' title='bbox 1155 3621 1282 3688; x_wconf 72' lang='lat' dir='ltr'><strong>adgnatio</strong></span> 
     </span>
     <span class='ocr_line' id='line_1_30' title="bbox 55 3699 1282 3776; baseline 0.007 -24"><span class='ocrx_word' id='word_1_230' title='bbox 55 3699 81 3752; x_wconf 76' lang='lat' dir='ltr'><strong>sit</strong></span> <span class='ocrx_word' id='word_1_231' title='bbox 95 3701 119 3754; x_wconf 87' lang='lat' dir='ltr'><strong>in</strong></span> <span class='ocrx_word' id='word_1_232' title='bbox 134 3705 203 3760; x_wconf 88' lang='lat' dir='ltr'><strong>linea</strong></span> <span class='ocrx_word' id='word_1_233' title='bbox 220 3715 303 3773; x_wconf 86' lang='lat' dir='ltr'><strong>recta,</strong></span> <span class='ocrx_word' id='word_1_234' title='bbox 321 3708 445 3776; x_wconf 84' lang='lat' dir='ltr'><strong>adeoque</strong></span> <span class='ocrx_word' id='word_1_235' title='bbox 462 3707 533 3762; x_wconf 87' lang='lat' dir='ltr'><strong>tilius</strong></span> <span class='ocrx_word' id='word_1_236' title='bbox 551 3706 624 3774; x_wconf 82' lang='lat' dir='ltr'><strong>patri</strong></span> <span class='ocrx_word' id='word_1_237' title='bbox 646 3705 779 3772; x_wconf 76' lang='lat' dir='ltr'><strong>adgnatue</strong></span> <span class='ocrx_word' id='word_1_238' title='bbox 804 3704 960 3773; x_wconf 81' lang='lat' dir='ltr'><strong>proximus:</strong></span> <span class='ocrx_word' id='word_1_239' title='bbox 987 3706 1131 3758; x_wconf 84' lang='lat' dir='ltr'><strong>adfirmant</strong></span> <span class='ocrx_word' id='word_1_240' title='bbox 1153 3707 1282 3774; x_wconf 84' lang='lat' dir='ltr'><strong>Cujacius</strong></span> 
     </span>
     <span class='ocr_line' id='line_1_31' title="bbox 54 3787 1281 3860; baseline 0.008 -26"><span class='ocrx_word' id='word_1_241' title='bbox 54 3788 74 3834; x_wconf 87' lang='lat' dir='ltr'><strong>et</strong></span> <span class='ocrx_word' id='word_1_242' title='bbox 87 3787 276 3859; x_wconf 75' lang='lat' dir='ltr'><strong>Schuitingius:</strong></span> <span class='ocrx_word' id='word_1_243' title='bbox 294 3797 376 3858; x_wconf 78' lang='lat' dir='ltr'><strong>negat</strong></span> <span class='ocrx_word' id='word_1_244' title='bbox 394 3793 536 3846; x_wconf 77' lang='lat' dir='ltr'><strong>d&#39;hrnaud</strong></span> <span class='ocrx_word' id='word_1_245' title='bbox 553 3793 582 3846; x_wconf 88' lang='lat' dir='ltr'><strong>in</strong></span> <span class='ocrx_word' id='word_1_246' title='bbox 603 3791 687 3844; x_wconf 80' lang='lat' dir='ltr'><strong>Variis</strong></span> <span class='ocrx_word' id='word_1_247' title='bbox 709 3790 858 3860; x_wconf 70' lang='lat' dir='ltr'><strong>Cery&#39;eatnr.</strong></span> <span class='ocrx_word' id='word_1_248' title='bbox 876 3791 950 3842; x_wconf 85' lang='lat' dir='ltr'><strong>LI.</strong></span> <span class='ocrx_word' id='word_1_249' title='bbox 969 3808 991 3842; x_wconf 85' lang='lat' dir='ltr'><strong>e.</strong></span> <span class='ocrx_word' id='word_1_250' title='bbox 1007 3794 1033 3844; x_wconf 89' lang='lat'><strong>6.</strong></span> <span class='ocrx_word' id='word_1_251' title='bbox 1052 3792 1107 3844; x_wconf 87' lang='lat' dir='ltr'><strong>Sed</strong></span> <span class='ocrx_word' id='word_1_252' title='bbox 1124 3793 1196 3844; x_wconf 89' lang='lat' dir='ltr'><strong>huuc</strong></span> <span class='ocrx_word' id='word_1_253' title='bbox 1210 3793 1281 3845; x_wconf 81' lang='lat' dir='ltr'><strong>refu-</strong></span> 
     </span>
     <span class='ocr_line' id='line_1_32' title="bbox 54 3871 1281 3946; baseline 0.005 -24"><span class='ocrx_word' id='word_1_254' title='bbox 54 3871 332 3932; x_wconf 80' lang='lat' dir='ltr'><strong>tarithttmannusin</strong></span> <span class='ocrx_word' id='word_1_255' title='bbox 344 3877 527 3946; x_wconf 81' lang='lat' dir='ltr'><strong>Interpretatt.</strong></span> <span class='ocrx_word' id='word_1_256' title='bbox 546 3885 572 3928; x_wconf 84' lang='lat' dir='ltr'><strong>et</strong></span> <span class='ocrx_word' id='word_1_257' title='bbox 594 3873 741 3928; x_wconf 73' lang='lat' dir='ltr'><strong>Obarene.</strong></span> <span class='ocrx_word' id='word_1_258' title='bbox 758 3893 780 3928; x_wconf 86' lang='lat' dir='ltr'><strong>a.</strong></span> <span class='ocrx_word' id='word_1_259' title='bbox 795 3878 835 3928; x_wconf 87' lang='grc'><strong>10.</strong></span> <span class='ocrx_word' id='word_1_260' title='bbox 852 3875 972 3944; x_wconf 68' lang='grc' dir='ltr'><strong>Αᾶρηαιί</strong></span> <span class='ocrx_word' id='word_1_261' title='bbox 982 3875 1047 3928; x_wconf 89' lang='lat' dir='ltr'><strong>dicti</strong></span> <span class='ocrx_word' id='word_1_262' title='bbox 1059 3881 1123 3930; x_wconf 85' lang='lat' dir='ltr'><strong>eunt</strong></span> <span class='ocrx_word' id='word_1_263' title='bbox 1134 3877 1175 3928; x_wconf 87' lang='lat' dir='ltr'><strong>vel</strong></span> <span class='ocrx_word' id='word_1_264' title='bbox 1188 3890 1281 3928; x_wconf 86' lang='lat' dir='ltr'><strong>omues</strong></span> 
     </span>
     <span class='ocr_line' id='line_1_33' title="bbox 55 3952 1281 4032; baseline 0.011 -31"><span class='ocrx_word' id='word_1_265' title='bbox 55 3952 98 4020; x_wconf 83' lang='lat' dir='ltr'><strong>titii,</strong></span> <span class='ocrx_word' id='word_1_266' title='bbox 113 3962 181 4026; x_wconf 89' lang='lat' dir='ltr'><strong>quod</strong></span> <span class='ocrx_word' id='word_1_267' title='bbox 198 3963 270 4029; x_wconf 81' lang='lat' dir='ltr'><strong>patri</strong></span> <span class='ocrx_word' id='word_1_268' title='bbox 294 3962 547 4032; x_wconf 71' lang='lat' dir='ltr'><strong>adgnaeaebantur„</strong></span> <span class='ocrx_word' id='word_1_269' title='bbox 562 3962 605 4013; x_wconf 87' lang='lat' dir='ltr'><strong>vel</strong></span> <span class='ocrx_word' id='word_1_270' title='bbox 625 3960 736 4027; x_wconf 88' lang='lat' dir='ltr'><strong>proprie</strong></span> <span class='ocrx_word' id='word_1_271' title='bbox 762 3959 811 4012; x_wconf 89' lang='lat' dir='ltr'><strong>filii</strong></span> <span class='ocrx_word' id='word_1_272' title='bbox 832 3960 959 4026; x_wconf 78' lang='lat' dir='ltr'><strong>minores,</strong></span> <span class='ocrx_word' id='word_1_273' title='bbox 981 3960 1030 4029; x_wconf 88' lang='lat' dir='ltr'><strong>qui</strong></span> <span class='ocrx_word' id='word_1_274' title='bbox 1053 3960 1232 4027; x_wconf 80' lang='lat' dir='ltr'><strong>primogenito</strong></span> <span class='ocrx_word' id='word_1_275' title='bbox 1253 3962 1281 4014; x_wconf 88' lang='lat' dir='ltr'><strong>iu</strong></span> 
     </span>
     <span class='ocr_line' id='line_1_34' title="bbox 54 4042 1283 4113; baseline 0.005 -21"><span class='ocrx_word' id='word_1_276' title='bbox 54 4042 155 4098; x_wconf 78' lang='lat' dir='ltr'><strong>eandem</strong></span> <span class='ocrx_word' id='word_1_277' title='bbox 172 4048 347 4102; x_wconf 84' lang='lat' dir='ltr'><strong>hereditatem</strong></span> <span class='ocrx_word' id='word_1_278' title='bbox 364 4054 392 4101; x_wconf 89' lang='lat' dir='ltr'><strong>et</strong></span> <span class='ocrx_word' id='word_1_279' title='bbox 408 4045 539 4100; x_wconf 83' lang='lat' dir='ltr'><strong>familiam</strong></span> <span class='ocrx_word' id='word_1_280' title='bbox 557 4044 643 4112; x_wconf 84' lang='lat' dir='ltr'><strong>patris</strong></span> <span class='ocrx_word' id='word_1_281' title='bbox 661 4045 911 4112; x_wconf 76' lang='lat' dir='ltr'><strong>adrnasoebantur:</strong></span> <span class='ocrx_word' id='word_1_282' title='bbox 936 4051 1033 4113; x_wconf 84' lang='lat' dir='ltr'><strong>postea</strong></span> <span class='ocrx_word' id='word_1_283' title='bbox 1053 4061 1118 4098; x_wconf 87' lang='lat' dir='ltr'><strong>vero</strong></span> <span class='ocrx_word' id='word_1_284' title='bbox 1141 4051 1173 4098; x_wconf 89' lang='lat' dir='ltr'><strong>ut</strong></span> <span class='ocrx_word' id='word_1_285' title='bbox 1189 4046 1238 4098; x_wconf 84' lang='lat' dir='ltr'><strong>filii</strong></span> <span class='ocrx_word' id='word_1_286' title='bbox 1256 4051 1283 4098; x_wconf 88' lang='lat' dir='ltr'><strong>et</strong></span> 
     </span>
     <span class='ocr_line' id='line_1_35' title="bbox 54 4122 1282 4200; baseline 0.011 -29"><span class='ocrx_word' id='word_1_287' title='bbox 54 4122 205 4184; x_wconf 70' lang='lat' dir='ltr'><strong>intendes</strong></span> <span class='ocrx_word' id='word_1_288' title='bbox 222 4134 257 4186; x_wconf 87' lang='lat' dir='ltr'><strong>ab</strong></span> <span class='ocrx_word' id='word_1_289' title='bbox 274 4131 399 4199; x_wconf 74' lang='lat' dir='ltr'><strong>adgestis</strong></span> <span class='ocrx_word' id='word_1_290' title='bbox 417 4148 531 4198; x_wconf 85' lang='lat' dir='ltr'><strong>coepere</strong></span> <span class='ocrx_word' id='word_1_291' title='bbox 548 4127 688 4200; x_wconf 75' lang='lat' dir='ltr'><strong>distingui,</strong></span> <span class='ocrx_word' id='word_1_292' title='bbox 712 4131 891 4197; x_wconf 76' lang='lat' dir='ltr'><strong>adgnatorum</strong></span> <span class='ocrx_word' id='word_1_293' title='bbox 913 4147 980 4186; x_wconf 89' lang='lat' dir='ltr'><strong>voce</strong></span> <span class='ocrx_word' id='word_1_294' title='bbox 997 4133 1092 4184; x_wconf 80' lang='lat' dir='ltr'><strong>tratres</strong></span> <span class='ocrx_word' id='word_1_295' title='bbox 1110 4129 1282 4195; x_wconf 85' lang='lat' dir='ltr'><strong>potissimum</strong></span> 
     </span>
     <span class='ocr_line' id='line_1_36' title="bbox 55 4213 1282 4284; baseline 0.013 -30"><span class='ocrx_word' id='word_1_296' title='bbox 55 4215 105 4261; x_wconf 87' lang='lat' dir='ltr'><strong>runt</strong></span> <span class='ocrx_word' id='word_1_297' title='bbox 119 4213 262 4282; x_wconf 79' lang='lat' dir='ltr'><strong>designati:</strong></span> <span class='ocrx_word' id='word_1_298' title='bbox 281 4218 330 4271; x_wconf 87' lang='lat' dir='ltr'><strong>sed</strong></span> <span class='ocrx_word' id='word_1_299' title='bbox 349 4224 375 4271; x_wconf 87' lang='lat' dir='ltr'><strong>et</strong></span> <span class='ocrx_word' id='word_1_300' title='bbox 398 4224 522 4270; x_wconf 83' lang='lat' dir='ltr'><strong>entensa¹</strong></span> <span class='ocrx_word' id='word_1_301' title='bbox 535 4222 577 4269; x_wconf 88' lang='lat' dir='ltr'><strong>est</strong></span> <span class='ocrx_word' id='word_1_302' title='bbox 600 4216 741 4282; x_wconf 85' lang='lat' dir='ltr'><strong>paullatim</strong></span> <span class='ocrx_word' id='word_1_303' title='bbox 766 4217 833 4268; x_wconf 87' lang='lat' dir='ltr'><strong>haec</strong></span> <span class='ocrx_word' id='word_1_304' title='bbox 856 4215 984 4282; x_wconf 64' lang='lat' dir='ltr'><strong>adunatio</strong></span> <span class='ocrx_word' id='word_1_305' title='bbox 1002 4231 1091 4284; x_wconf 86' lang='lat' dir='ltr'><strong>usque</strong></span> <span class='ocrx_word' id='word_1_306' title='bbox 1114 4217 1152 4276; x_wconf 87' lang='lat' dir='ltr'><strong>ad</strong></span> <span class='ocrx_word' id='word_1_307' title='bbox 1173 4223 1282 4270; x_wconf 84' lang='lat' dir='ltr'><strong>sextum</strong></span> 
     </span>
     <span class='ocr_line' id='line_1_37' title="bbox 55 4293 1282 4370; baseline 0.01 -28"><span class='ocrx_word' id='word_1_308' title='bbox 55 4293 87 4342; x_wconf 81' lang='lat' dir='ltr'><strong>rel</strong></span> <span class='ocrx_word' id='word_1_309' title='bbox 101 4299 237 4363; x_wconf 77' lang='lat' dir='ltr'><strong>sephmum</strong></span> <span class='ocrx_word' id='word_1_310' title='bbox 254 4305 386 4370; x_wconf 59' lang='lat' dir='ltr'><strong>madum:</strong></span> <span class='ocrx_word' id='word_1_311' title='bbox 405 4303 458 4358; x_wconf 83' lang='lat' dir='ltr'><strong>rid.</strong></span> <span class='ocrx_word' id='word_1_312' title='bbox 470 4299 633 4356; x_wconf 85' lang='lat' dir='ltr'><strong>Perizonius</strong></span> <span class='ocrx_word' id='word_1_313' title='bbox 644 4302 690 4354; x_wconf 89' lang='lat' dir='ltr'><strong>-ad</strong></span> <span class='ocrx_word' id='word_1_314' title='bbox 705 4301 772 4356; x_wconf 84' lang='lat' dir='ltr'><strong>Mel.</strong></span> <span class='ocrx_word' id='word_1_315' title='bbox 783 4299 843 4354; x_wconf 78' lang='lat' dir='ltr'><strong>Lib.</strong></span> <span class='ocrx_word' id='word_1_316' title='bbox 857 4302 882 4354; x_wconf 95' lang='grc' dir='ltr'><strong>Ι.</strong></span> <span class='ocrx_word' id='word_1_317' title='bbox 901 4321 923 4354; x_wconf 85' lang='lat' dir='ltr'><strong>a.</strong></span> <span class='ocrx_word' id='word_1_318' title='bbox 937 4307 962 4356; x_wconf 85' lang='grc'><strong>8.</strong></span> <span class='ocrx_word' id='word_1_319' title='bbox 987 4301 1015 4356; x_wconf 92' lang='lat' dir='ltr'><strong>iu</strong></span> <span class='ocrx_word' id='word_1_320' title='bbox 1031 4303 1109 4356; x_wconf 80' lang='lat' dir='ltr'><strong>Mire.</strong></span> <span class='ocrx_word' id='word_1_321' title='bbox 1131 4300 1204 4354; x_wconf 84' lang='lat' dir='ltr'><strong>Obn.</strong></span> <span class='ocrx_word' id='word_1_322' title='bbox 1215 4301 1282 4354; x_wconf 82' lang='lat' dir='ltr'><strong>Am-</strong></span> 
     </span>
     <span class='ocr_line' id='line_1_38' title="bbox 55 4376 528 4458; baseline 0.042 -36"><span class='ocrx_word' id='word_1_323' title='bbox 55 4376 129 4432; x_wconf 78' lang='lat' dir='ltr'><strong>rtelad.</strong></span> <span class='ocrx_word' id='word_1_324' title='bbox 154 4385 204 4438; x_wconf 86' lang='lat' dir='ltr'><strong>Vol.</strong></span> <span class='ocrx_word' id='word_1_325' title='bbox 226 4389 423 4458; x_wconf 74' lang='lat' dir='ltr'><strong>V111.p.118.</strong></span> <span class='ocrx_word' id='word_1_326' title='bbox 445 4389 528 4442; x_wconf 78' lang='lat' dir='ltr'><strong>Cana.</strong></span> 
     </span>
    </p>
   </div>
   <div class='ocr_carea' id='block_1_10' title="bbox 57 4452 1282 4609">
    <p class='ocr_par' dir='ltr' id='par_1_12' title="bbox 57 4452 1282 4609">
     <span class='ocr_line' id='line_1_39' title="bbox 111 4452 1282 4542; baseline 0.003 -20"><span class='ocrx_word' id='word_1_327' title='bbox 111 4464 139 4532; x_wconf 84' lang='lat' dir='ltr'><strong>b)</strong></span> <span class='ocrx_word' id='word_1_328' title='bbox 158 4470 218 4524; x_wconf 90' lang='lat' dir='ltr'><strong>Hoc</strong></span> <span class='ocrx_word' id='word_1_329' title='bbox 235 4490 288 4527; x_wconf 89' lang='lat' dir='ltr'><strong>non</strong></span> <span class='ocrx_word' id='word_1_330' title='bbox 305 4474 344 4528; x_wconf 87' lang='lat' dir='ltr'><strong>ita</strong></span> <span class='ocrx_word' id='word_1_331' title='bbox 362 4488 430 4542; x_wconf 84' lang='lat' dir='ltr'><strong>esee,</strong></span> <span class='ocrx_word' id='word_1_332' title='bbox 453 4489 487 4526; x_wconf 87' lang='lat' dir='ltr'><strong>eo</strong></span> <span class='ocrx_word' id='word_1_333' title='bbox 503 4472 532 4526; x_wconf 91' lang='lat' dir='ltr'><strong>in</strong></span> <span class='ocrx_word' id='word_1_334' title='bbox 550 4475 619 4538; x_wconf 87' lang='lat' dir='ltr'><strong>loco,</strong></span> <span class='ocrx_word' id='word_1_335' title='bbox 640 4473 688 4540; x_wconf 90' lang='lat' dir='ltr'><strong>qui</strong></span> <span class='ocrx_word' id='word_1_336' title='bbox 699 4487 766 4526; x_wconf 86' lang='lat' dir='ltr'><strong>mox</strong></span> <span class='ocrx_word' id='word_1_337' title='bbox 783 4452 911 4539; x_wconf 82' lang='lat' dir='ltr'><strong>sequetur</strong></span> <span class='ocrx_word' id='word_1_338' title='bbox 932 4470 967 4536; x_wconf 58' lang='grc' dir='ltr'><strong>(ᾗ.</strong></span> <span class='ocrx_word' id='word_1_339' title='bbox 985 4475 1009 4524; x_wconf 85' lang='lat'><strong>2.</strong></span> <span class='ocrx_word' id='word_1_340' title='bbox 1029 4477 1084 4524; x_wconf 87' lang='lat' dir='ltr'><strong>aot.</strong></span> <span class='ocrx_word' id='word_1_341' title='bbox 1102 4474 1132 4540; x_wconf 89' lang='lat' dir='ltr'><strong>a)</strong></span> <span class='ocrx_word' id='word_1_342' title='bbox 1162 4487 1282 4539; x_wconf 88' lang='lat' dir='ltr'><strong>expone·</strong></span> 
     </span>
     <span class='ocr_line' id='line_1_40' title="bbox 57 4553 216 4609; baseline 0.101 -16"><span class='ocrx_word' id='word_1_343' title='bbox 57 4555 112 4599; x_wconf 79' lang='lat' dir='ltr'><strong>mut.</strong></span> <span class='ocrx_word' id='word_1_344' title='bbox 135 4553 216 4609; x_wconf 75' lang='lat' dir='ltr'><strong>Miihl.</strong></span> 
     </span>
    </p>
   </div>
   <div class='ocr_carea' id='block_1_11' title="bbox 0 0 1521 5160">
    <p class='ocr_par' dir='ltr' id='par_1_13' title="bbox 0 0 1521 5160">
     <span class='ocr_line' id='line_1_41' title="bbox 0 0 1521 5160; baseline 0 0"><span class='ocrx_word' id='word_1_345' title='bbox 0 0 1521 5160; x_wconf 95' lang='lat' dir='ltr'><strong> </strong></span> 
     </span>
    </p>
   </div>
  </div>
 </body>
</html>
