3056 5154
463 346 518 432 lle
543 363 844 434 Fruasussunrsus.
1211 372 1285 440 stt

24 543 151 608 cedere
170 546 303 624 poterat
317 539 558 626 obligationes:
580 538 619 600 L.
631 537 664 601 6.
678 537 707 619 9
720 537 752 601 2
769 540 809 601 11.
823 540 862 601 de
875 539 1034 623 nuestus.
1049 540 1097 606 ita
1110 549 1234 620 tamen,
1249 551 1286 608 ιιι

25 647 234 734 praecedens
249 646 448 732 fidejussoris
464 645 629 728 obligatio
644 651 712 708 tum
728 645 859 710 demum
874 648 962 710 vires
977 657 1124 731 caperet,
1140 671 1238 734 quum
1251 658 1287 714 et

25 753 225 840 principalis
239 754 416 838 obligatio,
433 754 523 839 cujus
538 751 597 814 illa
614 749 762 814 adcessio
779 760 861 831 erat,
876 754 1055 818 constituta
1069 765 1170 819 esset:
1183 757 1221 820 L.
1233 756 1286 821 35.

25 865 66 926 D.
83 865 126 924 de
147 861 308 942 Fidejurs.
337 861 370 924 Is
401 881 494 942 vero,
518 860 574 944 qui
597 858 773 942 sponsione
799 880 856 923 sua
883 871 1105 926 antecesserat
1124 863 1286 927 debitoris

25 968 285 1054 obligationem,
301 966 435 1050 proprie
450 983 642 1030 nsnnsron
656 966 853 1031 vocabatur:
869 968 908 1030 L.
921 967 1012 1050 las.
1025 968 1076 1030 14.
1091 972 1132 1031 D.
1141 970 1287 1035 Mandat.
1383 984 1386 992 ⁴
1419 973 1424 986 '

24 1080 64 1142 In
80 1076 299 1160 fidejussione
315 1074 402 1138 dotis
419 1095 531 1137 caussa
545 1073 581 1137 id
592 1072 753 1155 notabile,
770 1073 859 1158 quod
870 1073 930 1138 illa
944 1083 1020 1159 post
1035 1077 1167 1160 nuptias
1178 1085 1287 1141 stante

25 1183 277 1249 matrimonioa
303 1181 421 1245 marito
444 1181 522 1244 data
536 1201 603 1244 non
627 1178 812 1264 obligabat,
834 1185 912 1245 ante
935 1183 1066 1266 nuptias
1082 1182 1172 1264 data,
1195 1184 1288 1248 firma

26 1289 210 1375 validaque
224 1289 418 1370 habebatur,
442 1294 478 1351 ut
493 1307 536 1350 ex
557 1287 801 1371 Harmenopuli
815 1292 1019 1353 Promtuorr‘o
1041 1291 1098 1353 IV.
1114 1289 1143 1353 8.
1155 1290 1186 1352 9.
1201 1299 1238 1357 ut
1253 1299 1288 1356 et

27 1403 64 1464 L.
79 1400 114 1461 1.
138 1399 172 1462 0.
192 1398 305 1461 Tbeod.
324 1398 365 1460 de
376 1398 525 1480 Μήνη.
548 1397 609 1459 dot.
627 1396 774 1460 ostendit
790 1395 943 1480 Cujacius
965 1397 1115 1459 Paratitl.
1132 1399 1177 1460 od
1190 1402 1236 1460 ιιι.
1254 1397 1288 1460 G.

29 1507 242 1588 Nesidejuss.
252 1504 312 1566 dot.
321 1504 405 1566 dent.
417 1503 633 1566 dissentiente
643 1511 753 1567 tamen
764 1503 882 1567 Jacob.
894 1503 1107 1568 Gotbofredo
1121 1505 1288 1568 Commeat.

30 1616 71 1675 od
88 1613 167 1674 God.
186 1612 298 1674 lbeod.
311 1612 383 1673 sbr'd.
400 1611 445 1674 Et
458 1631 537 1674 sane
553 1609 633 1695 quid
653 1612 756 1695 magis
771 1635 791 1674 a
804 1611 935 1674 ratione
951 1611 1094 1675 alienum
1112 1619 1171 1693 est,
1183 1631 1287 1697 ¹quarn

31 1721 148 1783 dotem
165 1739 233 1781 uon
250 1718 341 1780 credi
356 1717 486 1799 marito,
510 1717 562 1780 cui
578 1739 612 1780 se
638 1716 740 1803 ipsam
765 1738 850 1784 uxor
864 1718 1001 1782 credere
1022 1741 1089 1783 uon
1106 1718 1289 1782 dubitavit?

30 1830 66 1892 L.
81 1827 117 1890 2.
136 1827 169 1888 0.
182 1825 387 1908 Nefidejuss.
402 1826 463 1888 dot.
478 1825 562 1886 dent.
577 1825 614 1888 L.
629 1823 660 1887 8.
687 1825 720 1888 G.
736 1828 775 1887 de
788 1826 881 1890 Part.
895 1835 1035 1890 convent.

643 2040 651 2056 .
666 1994 697 2058 8.

489 1996 688 2180 numadum
706 2109 836 2181 obligatio.

124 2226 254 2314 Singuli
279 2226 488 2314 fidejussores
517 2229 716 2291 tenebantur
743 2227 777 2288 in
799 2226 953 2310 solidum,
974 2228 1181 2324 liberumque
1203 2232 1289 2296 adeo

35 2344 110 2400 erat
133 2334 301 2418 creditori,
329 2359 348 2398 a
373 2357 439 2421 quo
455 2334 561 2398 vellet
583 2332 722 2396 solidum
745 2341 873 2417 petere,
898 2336 1173 2422 quemadmodum
1199 2346 1233 2401 et
1255 2338 1289 2402 in

37 2446 107 2530 ejus
134 2443 277 2528 positum
308 2450 381 2507 erat
409 2442 556 2519 arbitrio,
581 2441 822 2524 debitoremne,
848 2465 890 2505 an
916 2444 1151 2528 fidejussorem,
1176 2447 1290 2530 ejusve

36 2551 178 2616 heredes
193 2557 238 2633 a),
258 2551 440 2618 convenire
462 2550 591 2614 mallet:
614 2554 650 2612 L:
658 2547 709 2612 20.
724 2551 766 2611 1).
777 2552 828 2618 ,de
846 2551 941 2614 Cond.
956 2553 1056 2614 abdet.
1069 2552 1108 2614 L.
1122 2552 1173 2615 16.
1189 2554 1217 2636 β.
1234 2554 1290 2617 ult.

38 2766 91 2820 uisi
105 2765 253 2818 aeriorum.
266 2765 327 2832 Gaj.
338 2765 388 2816 111.
400 2764 438 2832 §.l
447 2767 486 2816 19.
501 2764 648 2815 Praeterea
654 2763 713 2828 lege
726 2764 843 2834 quadem
855 2763 966 2832 (incerti
974 2765 1094 2818 auctoris
1102 2771 1129 2818 et
1141 2765 1287 2835 temporis)
1324 2817 1327 2824 Α

38 2855 210 2914 (autumem,
228 2854 284 2915 „ut
300 2847 332 2909 is,
351 2846 398 2917 qui
422 2859 569 2912 sponsores
596 2849 623 2895 et
646 2846 879 2912 fidepromissores
904 2849 1026 2915 accipiat,
1043 2848 1182 2916 praedicat
1199 2853 1290 2916 palam

38 2942 64 2989 ct
82 2937 210 3000 declaret,
228 2939 255 2987 et
273 2933 308 2986 de
327 2949 381 3002 qus
392 2949 422 2985 re
440 2931 506 2983 satis
521 2927 643 3003 accipiat,
656 2935 683 2981 et
700 2937 768 2998 quot
782 2945 929 2997 sponsores
944 2939 992 2984 snt
1002 2934 1177 3000 fidejussores
1189 2935 1218 2988 in
1229 2951 1290 2988 eam

39 3020 232 3087 obligationem
251 3023 414 3084 accepturus
430 3015 481 3070 sit:
499 3013 598 3068 et·nisi
613 3013 788 3079 praedixerit,
806 3015 969 3080 permittitur
987 3016 1166 3084 sponsoribus
1183 3025 1211 3072 et
1224 3019 1291 3072 fide-

39 3105 261 3171 promissoribus‚
279 3103 351 3155 intra
368 3102 439 3155 diem
457 3100 624 3154 tricesimum
641 3097 838 3165 praejudicium
850 3100 996 3164 postulare,
1014 3119 1070 3170 quo
1089 3109 1243 3172 quaeratur,
1255 3119 1291 3157 an

40 3209 75 3244 ex
93 3207 126 3243 ea
144 3194 203 3257 tege
220 3188 388 3257 praedictum
407 3187 451 3251 sit,
475 3189 503 3238 et
522 3186 545 3238 si
560 3183 714 3253 judicatum
732 3181 776 3247 sit,
794 3183 962 3250 praedictum
976 3202 1031 3239 non
1048 3203 1117 3250 esse,
1135 3188 1291 3242 liberantur.

41 3277 103 3338 Qus
122 3277 183 3342 lege
201 3274 393 3341 fidejussorum
410 3269 514 3324 mentio
538 3272 614 3325 nullo
638 3271 683 3330 ut;
709 3266 758 3318 sed
782 3265 810 3320 in
828 3284 882 3320 usu
908 3274 957 3332 est,
976 3271 1058 3324 etiam
1075 3271 1100 3324 si
1116 3272 1291 3339 fidejussores

41 3357 216 3425 accipiamus,
233 3355 412 3422 praedicere''
434 3355 469 3422 (t.
486 3356 570 3424 m).
595 3355 683 3406 Porro
702 3354 762 3418 lege
779 3352 896 3420 quadam
916 3355 1043 3408 Cornelia
1059 3354 1171 3408 vetitum
1189 3363 1239 3420 est,
1256 3373 1291 3410 ne

41 3444 114 3496 idem
132 3459 183 3510 pto
201 3443 307 3504 eodem,
326 3440 400 3507 apud
417 3440 543 3504 eundem,
561 3439 658 3492 eodem
676 3453 757 3502 anno,
783 3436 812 3490 in
829 3439 989 3506 ampliorem
1007 3455 1140 3493 summam
1159 3440 1292 3507 obligare-

42 3535 95 3594 tur,
114 3545 198 3597 quam
215 3527 244 3580 in
261 3517 332 3581 XX.
350 3525 435 3578 millia
453 3527 517 3578 HS.
535 3525 612 3578 Licet
629 3527 721 3576 antem
739 3522 823 3587 legem
837 3523 904 3574 banc
921 3539 1092 3578 communem
1105 3524 1190 3578 lusisse
1204 3525 1292 3579 omni·

42 3614 102 3677 bus,
121 3612 171 3681 qui
188 3627 239 3677 pro
257 3611 318 3664 aliis
335 3627 366 3663 se
389 3608 548 3678 obligarent,
568 3609 654 3675 Gajus
672 3611 784 3660 testetur
810 3607 846 3674 (t.
867 3610 955 3678 les),
978 3611 1098 3680 aliquam
1113 3618 1205 3664 tamen
1222 3608 1292 3664 inter

41 3700 220 3766 fidejussores
238 3703 266 3752 et
291 3711 437 3763 sponsores
462 3691 740 3760 fideivepromissores
765 3693 817 3744 boo
843 3708 953 3762 quoque
975 3695 1086 3773 nomine
1108 3693 1292 3762 intercessisse

42 3782 231 3855 differentiam,
248 3795 284 3832 ex
301 3777 335 3832 iis
354 3777 445 3843 colligi
463 3777 563 3845 poterit
581 3775 678 3839 verbis,
706 3792 780 3844 quae
792 3794 859 3831 mox
876 3780 1021 3848 adduntur,
1039 3781 1082 3834 his
1100 3781 1224 3850 quidem:
1242 3786 1293 3846 „et

42 3867 168 3936 quamvis
179 3881 297 3932 sponsor
314 3866 357 3918 rel
375 3862 591 3928 fidcipromisror
607 3861 636 3914 in
648 3862 808 3927 ampliorem
822 3864 1004 3928 pecuniam·
1014 3880 1044 3917 se
1061 3866 1229 3934 obligaverit,
1237 3882 1292 3924 nan

42 3959 135 4006 tamen
153 3949 322 4004 tenebitur.”
343 3951 434 4017 (Gens
455 3946 578 4000 Scholion
595 3963 658 3998 zum
674 3947 758 4016 Gajm
774 3963 802 4013 p.
814 3949 899 4014 416.).
918 3949 1059 4010 Quaedam
1075 3953 1156 4004 etism
1174 3951 1293 4018 excipie-
1395 3969 1399 3976 ·

42 4039 151 4100 bantur,
169 4036 198 4087 in
217 4035 317 4103 quibus
334 4036 380 4088 lex
397 4031 522 4101 permisit
532 4031 567 4083 in
585 4031 720 4110 infinitum
738 4031 805 4086 satis
819 4032 951 4098 accipere,
968 4036 1043 4087 velut
1056 4035 1081 4087 si
1097 4035 1169 4088 dotis
1184 4036 1293 4117 nornine

42 4122 109 4174 satis
128 4120 317 4186 accipiendum
334 4125 414 4174 esset.
434 4117 512 4186 (Gaj.
530 4117 551 4183 t.
568 4117 640 4183 125.)
657 4145 689 4156 -
705 4116 849 4170 Caeterum
866 4123 960 4170 conus
978 4117 1080 4184 placuit
1096 4120 1293 4185 posterioribus

41 4206 140 4260 aetatis
158 4204 377 4271 imperatoribus,
392 4205 493 4272 quippe
511 4200 559 4269 qui
576 4216 627 4266 pro
645 4201 755 4254 dotibus
767 4202 911 4256 reddendis
925 4204 1099 4270 fidejussores
1112 4202 1171 4256 dari
1183 4199 1304 4258 omnino
1392 4203 1397 4206 ’

40 4293 198 4344 noluerunt.
217 4290 281 4360 Vid.
299 4288 415 4358 quaein
433 4285 564 4342 orationis
582 4290 713 4338 contextu
731 4288 876 4342 laudantur
893 4290 954 4341 loca
968 4288 1151 4342 'theodosiani
1169 4294 1196 4342 et
1208 4289 1294 4343 Justi-

41 4375 138 4430 nianei
153 4374 273 4428 Codicis.
289 4373 377 4430 Mitte.
1014 4399 1017 4404 -
1063 4441 1065 4444 Ι

113 4462 148 4530 q)
168 4463 206 4514 st
223 4459 365 4527 sponsoris
379 4463 406 4511 et
417 4455 645 4523 fidepromissoris
658 4457 736 4510 heres
751 4471 806 4510 non
818 4457 1002 4524 obligabatnr3
1023 4457 1084 4524 Gaj.
1097 4458 1118 4526 t,
1132 4461 1189 4512 120.
1204 4456 1295 4522 Quint

43 4549 120 4616 quod
139 4565 175 4600 ex
194 4549 253 4613 lege
272 4543 356 4599 Furia
374 4543 408 4598 de
426 4557 530 4608 sponsu
548 4557 695 4608 sponsores
715 4548 742 4594 et
762 4542 995 4609 fideprontissores
1019 4543 1126 4598 biennio
1144 4543 1294 4596 liberaban-
