3130 5148
436 370 620 453 Errcursrs,
647 371 756 454 Quin
781 369 897 440 Oeenr
922 381 988 439 etc.
1268 344 1361 442 xxi

83 569 194 613 annum
211 545 310 610 1732.
324 546 439 610 lumen
456 545 632 623 vidissent3
647 556 739 610 certe
755 567 820 630 ego
836 545 1055 610 recentiorem
1071 545 1125 610 Jo.
1138 547 1229 612 Guil.
1240 547 1340 611 Hoff-

84 638 197 720 manno
218 655 461 738 interpretem,
483 655 525 717 ab
549 675 591 718 eo
613 663 903 718 commemoratum
924 655 981 736 *),
1003 654 1163 739 indagare
1193 655 1339 718 nondum

83 763 181 847 potui.
1325 751 1340 778 *

162 869 261 947 Quae
278 890 379 953 quum
402 868 546 950 itapint‚
566 867 661 952 larga
683 887 761 931 sane
786 867 899 932 messis
916 868 1115 952 superfuerit
1131 849 1266 932 necesse
1289 875 1339 933 est

82 999 167 1040 novo
184 975 530 1061 operisHeinecciani
552 958 685 1057 editori,
701 974 735 1037 in
752 995 817 1059 qua
829 981 939 1038 tamen
961 976 1153 1062 colligenda
1168 977 1271 1040 visum
1289 984 1340 1040 est

81 1084 166 1148 hunc
181 1083 317 1146 modum
329 1093 457 1163 tenere,
469 1089 505 1145 ut
519 1080 672 1145 absoluto
684 1081 856 1145 contextui
865 1081 1093 1148 Heinecciano
1105 1084 1221 1148 brevia
1237 1105 1340 1168 quae·

47 1205 51 1213 '
83 1191 154 1254 darn
179 1198 214 1254 et
237 1199 365 1277 tantum
390 1212 456 1254 non
478 1188 689 1254 tumultuaria
711 1188 979 1254 subnecteremus
1001 1212 1160 1277 parerga,
1184 1213 1257 1272 eos,
1283 1191 1341 1275 qui

83 1299 176 1382 plura
192 1306 251 1361 aut
271 1299 413 1361 rectiora
431 1297 557 1360 discere
580 1297 731 1380 cupiunt,
748 1296 802 1360 vel
825 1298 1007 1360 summatim
1026 1297 1202 1380 eductura,
1223 1297 1277 1362 vel
1298 1299 1341 1363 ad

79 1401 145 1470 'alia
166 1406 292 1488 scripta
315 1405 511 1488 plerumque
541 1424 628 1468 aevo
648 1404 878 1468 Heinecciano
906 1405 1095 1468 recentiora
1122 1405 1338 1490 ablegatura3

83 1534 123 1576 ue
139 1512 194 1576 vel
208 1514 400 1576 Heincocr'us
419 1513 494 1595 (qui
508 1511 623 1596 utique
640 1513 802 1596 genuinus
817 1511 992 1596 plurimum
1005 1513 1142 1596 prodest
1158 1513 1199 1577 ad
1216 1533 1341 1598 cogno·

83 1620 242 1684 scendum
258 1617 454 1702 disciplinae
476 1628 610 1682 nostrae
627 1629 757 1700 statum,
773 1639 872 1704 quern
886 1620 1004 1704 optimi
1023 1621 1146 1705 quique
1162 1619 1341 1704 superioris

81 1728 155 1792 aevi
168 1728 371 1810 interpretes
389 1729 624 1810 respexerunt)
643 1727 677 1789 in
695 1727 881 1790 Heineccio
897 1727 1016 1791 frustra
1038 1735 1266 1813 quaereretur,
1285 1728 1340 1793 vel

82 1837 169 1900 liber
187 1839 278 1898 notis
295 1833 575 1919 frequentioribus
590 1843 646 1898 aut
661 1833 898 1919 prolixioribus
914 1835 1082 1900 novissimi
1094 1836 1242 1901 Editoris
1258 1855 1340 1900 one-

83 1953 170 2008 ratus
193 1943 230 2005 in
256 1943 390 2006 nimiam
423 1941 560 2022 molem,
588 1961 674 2026 quae
696 1941 753 2005 vix
780 1951 923 2020 emtores
944 1943 1121 2008 inventurn
1149 1953 1254 2026 esset,
1280 1965 1339 2008 ex·

83 2058 258 2116 cresceret.
282 2049 378 2127 Quae
406 2059 517 2113 tamen
539 2051 667 2130 finium,
685 2051 802 2134 quibus
825 2070 930 2114 meam
948 2048 1222 2136 qualemcumque
1244 2052 1342 2135 opel-

84 2159 144 2222 lam
169 2157 430 2241 circumscripsi,
458 2158 610 2240 angustia
639 2179 705 2220 non
729 2156 853 2237 obfuit,
880 2179 948 2241 quo
969 2158 1074 2221 minus
1100 2179 1270 2240 caverem,
1296 2179 1342 2226 ne

84 2267 228 2330 lectores
244 2271 397 2328 carerent
418 2263 527 2326 indice
546 2264 647 2348 paulo
670 2264 814 2349 pleniori
836 2263 1102 2328 observationum
1128 2264 1228 2349 plane
1243 2287 1343 2349 egre-

86 2376 230 2458 giarum,
257 2372 378 2456 quibus
402 2380 480 2434 ante
502 2370 725 2434 Nostrarum.
747 2373 824 2434 Ant.
846 2373 1015 2434 Ferrutius
1028 2372 1084 2453 **)
1108 2393 1177 2434 rem
1200 2372 1341 2436 maxime

81 2481 307 2567 judiciariam,
328 2487 404 2564 post
424 2479 516 2542 illum
536 2480 609 2541 Cor.
627 2479 732 2542 Andr.
748 2479 901 2541 Dukerus
922 2478 956 2541 in
979 2479 1067 2542 notis
1090 2478 1232 2542 editioni
1252 2480 1341 2544 Livii

86 2587 427 2653 Drakenborchianae
455 2585 576 2650 additis
604 2585 697 2651 varia
726 2585 793 2650 alia
820 2585 1027 2671 antiquitatis
1059 2587 1169 2671 capita
1198 2588 1340 2653 illustra·

86 2707 211 2762 verunt.

151 2917 183 2987 ²²)
204 2917 262 2972 Sed
280 2917 324 2968 vel
341 2917 424 2983 hujus
442 2916 583 2981 praeclara
604 2916 791 2970 maroniano
810 2919 846 2970 ad
858 2917 954 2986 Liparo
966 2916 1069 2970 Juliom
1087 2918 1120 2969 ds
1138 2916 1275 2971 odudsriis
1286 2933 1343 2972 non

86 3004 172 3056 stetim
189 3003 222 3056 in
240 2999 395 3070 proximis,
414 3015 484 3068 quae
501 3006 566 3066 post
584 3017 687 3064 anuum
704 3007 779 3056 1732.
799 3002 976 3070 prodierunt,
994 3000 1159 3054 editionibus
1178 3005 1344 3069 Argentora-

87 3089 204 3141 tensibus
224 3101 361 3139 annorum
380 3089 455 3138 1734.
478 3090 505 3136 ct
525 3090 598 3139 1741.
617 3087 665 3137 scd
685 3085 803 3152 primum
821 3087 848 3139 in
867 3086 1019 3140 Basilcensi
1038 3092 1165 3151 postuma
1182 3089 1245 3157 anni
1268 3094 1342 3144 1742

91 3155 215 3242 quaeque
234 3174 304 3223 banc
322 3175 387 3221 sunt
404 3169 603 3238 subsequutae,
620 3169 648 3222 in
664 3171 797 3224 auxilium
815 3179 856 3226 cst
874 3176 977 3225 vocata.

134 3258 184 3326 ”)
211 3255 327 3310 Utinam
346 3256 381 3307 sd
399 3269 497 3307 manus
522 3269 583 3308 esse
606 3256 760 3321 potuissent
783 3257 864 3308 etiam
888 3257 973 3308 Notae
992 3253 1077 3308 Meu
1103 3255 1209 3308 Dukeri
1229 3259 1257 3309 in
1276 3259 1344 3310 Fer-

86 3345 147 3394 rotii
168 3341 357 3410 Epistolarum
382 3338 477 3392 Libros
499 3339 559 3394 111.
578 3342 702 3410 priores,
732 3342 839 3394 Patavii
863 3344 938 3394 1699.
957 3344 982 3393 8.
1001 3338 1119 3407 primum
1141 3339 1245 3407 editos,
1272 3359 1358 3412 quae,

86 3427 147 3480 olim
165 3425 369 3480 Dorvitlianam
390 3425 587 3478 Bibliothecam
606 3432 786 3490 ornaverunt,
813 3441 885 3478 nunc
910 3425 939 3478 in
957 3425 1108 3478 Bodleiano
1127 3426 1231 3480 Oxonii
1249 3428 1342 3482 adser-

86 3519 196 3577 vantur,
213 3517 284 3563 teste
299 3511 425 3578 Ootolopo
438 3511 556 3562 codicum
570 3510 654 3564 MSS.
673 3520 698 3562 et
716 3513 903 3578 impressorum
921 3529 980 3563 cuns
998 3512 1066 3562 notis
1080 3515 1265 3582 manuscriptis
1278 3515 1343 3567 olim

87 3596 331 3658 Doroilliunmm,
349 3611 420 3646 nunc
438 3591 620 3648 Bibliothecae
640 3595 806 3652 Bodleiunuc
828 3593 946 3662 (oxonii
962 3615 975 3646 e
994 3595 1174 3665 typoprapiteo
1198 3595 1343 3650 Clarendo-

86 3682 160 3732 nitrio
182 3683 260 3734 1806.
278 3681 319 3748 4.)
338 3697 403 3748 paq.
422 3683 465 3732 81.
483 3695 554 3731 num.
576 3683 616 3732 13.
