3030 5160
382 405 436 474 Da
462 405 637 476 Bosonuru
661 407 951 504 Possessrosrsus.

119 800 284 863 Ceterum
307 799 397 862 varie
414 798 606 890 dividuntur
625 815 787 864 souosuu
807 815 1055 865 sossussrouns.
1077 800 1178 864 Aliae
1198 819 1296 866 osor·-

44 925 162 972 usrunn
185 915 278 990 sunt,
305 927 325 970 a
346 906 509 970 Praetore
531 907 757 971 introductae:
787 907 826 968 L.
841 907 871 970 {t
888 909 917 989 §.
934 909 988 972 ult.
1004 909 1042 970 de
1060 909 1191 970 valon.
1206 911 1296 972 edict.

44 1017 121 1079 aliae
147 1024 494 1096 uxansoumunntsn,
527 1035 613 1099 quae
639 1015 847 1100 exlegibus,
878 1015 984 1096 SCtis,
1007 1015 1295 1078 constitutionibus

44 1125 242 1208 Principum,
264 1123 321 1186 vel
336 1124 416 1207 jure
436 1143 525 1185 novo
544 1122 763 1186 descendunt:
786 1123 814 1202 ς.
831 1122 1038 1186 armant.
1064 1124 1118 1185 De
1133 1122 1293 1186 bonorum

45 1231 303 1314 possessionibus
328 1229 607 1309 extraordinariis,
623 1251 709 1314 quae
731 1251 774 1292 ex
796 1229 1086 1294 constitutionibus
1104 1231 1294 1314 Principum
1336 1248 1352 1278 ··

45 1347 132 1401 natae
155 1348 245 1419 suut,
269 1336 491 1401 consulendus
507 1346 557 1401 est
580 1323 732 1422 Cujacius
748 1338 925 1408 observati.
942 1337 999 1399 XI.
1014 1337 1065 1400 14.
1081 1344 1126 1418 ι).
1152 1337 1295 1401 Ordina-

45 1447 103 1510 riae
117 1447 174 1511 vel
190 1461 385 1510 Romaanus
404 1451 510 1527 erant,
536 1443 593 1506 ubi
617 1444 709 1508 nulla
729 1465 811 1528 opus
833 1453 904 1508 erat
930 1465 1063 1510 caussae
1086 1447 1295 1530 cognitiones

48 1699 139 1751 tabulas
157 1699 305 1766 possessio
314 1687 386 1752 'cum
403 1717 432 1752 re
449 1701 558 1753 daretur
577 1700 668 1753 heredi
686 1700 810 1753 instituto
825 1699 872 1766 (L.
886 1704 926 1752 12.
935 1717 980 1767 pr.
992 1698 1027 1752 D.
1041 1701 1072 1751 de
1090 1701 1193 1771 r'njusto,
1209 1708 1296 1768 rupto,

46 1785 111 1834 irrito
120 1785 303 1852 factumst).
315 1785 386 1835 Dein
404 1785 439 1836 D.
451 1785 540 1838 Marci
557 1785 689 1850 rescripto
704 1783 826 1850 agnitum
848 1788 902 1847 est,
926 1799 988 1848 eos,
1004 1783 1051 1853 qui
1076 1801 1112 1837 ex
1133 1791 1295 1837 testamento

49 1883 93 1920 nou
107 1870 168 1936 jure
185 1869 261 1922 facto
283 1867 317 1935 (i.
330 1885 353 1920 e.
372 1868 447 1936 quod
463 1884 518 1921 nou
530 1869 585 1922 nisi
597 1869 733 1933 praetorio
747 1871 810 1936 jure
827 1870 913 1935 valet)
928 1871 1078 1924 secuudum
1090 1872 1198 1924 tabulas
1209 1872 1296 1924 bouu-

48 1969 99 2004 rnm
115 1955 322 2020 possessionem
340 1953 476 2020 petierint,
494 1970 576 2020 posse
588 1955 718 2008 adversus
732 1969 789 2015 eos,
808 1953 856 2020 qui
867 1954 902 2006 ab
920 1952 1047 2008 intestato
1062 1954 1209 2020 legitimam
1219 1957 1295 2008 bere-

50 2037 146 2094 ditatem
164 2037 316 2103 vindicent,
335 2039 478 2092 defendere
496 2055 526 2092 se
543 2057 592 2105 per
610 2039 798 2105 exceptionem
813 2039 870 2090 doli
884 2039 955 2092 mali.
977 2039 1206 2107 (Gaj.11.§.1rs.
1225 2044 1295 2102 120„

50 2121 89 2173 ubi
104 2122 166 2189 imp.
185 2123 330 2177 Antonino
348 2125 401 2176 boo
418 2123 579 2190 rescriptum
598 2123 733 2176 tribuitur.
762 2125 798 2175 At
815 2121 1006 2188 intelligendus
1032 2129 1074 2176 est
1091 2125 1131 2176 M.
1154 2122 1295 2185 Aurelium

51 2205 143 2258 ridde
160 2208 286 2276 Savigny
305 2209 333 2261 in
352 2210 377 2261 d.
396 2209 524 2262 Zsr'tscbr.
538 2209 567 2276 f.
589 2208 682 2261 Gereb.
699 2207 735 2260 R.
757 2207 796 2258 W.
814 2209 846 2258 Τ.
865 2207 899 2259 V.
920 2223 947 2273 p.
968 2212 1008 2261 18.
1025 2213 1081 2261 not.
1094 2215 1135 2262 24.
1153 2208 1296 2262 Fabricius

52 2288 91 2341 tr.
107 2307 129 2356 p.
143 2296 185 2346 98.
203 2299 262 2346 not.
279 2297 337 2348 128.
354 2310 381 2360 p.
397 2299 455 2354 list.
473 2298 529 2346 not.
549 2293 631 2359 157).
654 2293 690 2346 lt
714 2291 748 2342 de
767 2291 814 2344 tali
839 2291 868 2343 id
886 2290 1000 2356 intelligi
1024 2290 1104 2344 debet
1126 2299 1296 2359 testamento,

51 2373 87 2424 cui
102 2375 166 2429 nibil
182 2379 340 2442 deficiebat,
357 2385 463 2444 praeter
481 2380 595 2431 sormam
614 2376 732 2438 civilem;
759 2391 848 2442 neque
866 2375 938 2428 euim
956 2376 1106 2430 secundum
1124 2377 1230 2430 tabulas
1247 2377 1296 2428 bo·

53 2473 135 2512 norum
152 2463 374 2528 possessionum
393 2466 489 2516 ellectu
507 2463 621 2514 dabatur
640 2479 675 2513 ex
693 2466 863 2523 testamento,
882 2460 957 2530 quod
975 2467 1023 2513 aut
1044 2460 1146 2513 nullius
1164 2459 1296 2513 momenti

53 2551 100 2594 erat
120 2553 229 2613 propter
249 2545 365 2601 filii‘sui
384 2548 612 2613 praeteritionem,
638 2553 686 2600 aut
714 2553 809 2600 contra
832 2547 938 2598 tabulas
963 2546 1097 2598 bonorum
1122 2545 1296 2610 possessione

53 2626 190 2694 inpugnari
202 2638 323 2699 poterat,
341 2638 396 2697 aut,
410 2650 494 2701 quum
500 2636 563 2698 jure
575 2633 681 2688 tactum
692 2639 773 2696 esset,
790 2637 902 2697 propter
913 2630 1051 2683 testatoris
1063 2629 1159 2695 capitis
1172 2631 1296 2682 deminu·
1334 2655 1345 2660 -

53 2711 139 2766 tionem
148 2715 177 2767 in
194 2717 306 2771 irritum
315 2718 538 2770 constituebatur.
551 2718 675 2785 (cuuaj.
688 2716 1119 2785 11.§.ras.147-149.Frauole
1133 2713 1296 2768 Notberbca-

54 2797 117 2848 reclt
132 2816 157 2866 p.
171 2807 228 2857 117.
241 2819 286 2872 sq.
304 2802 436 2856 Universa
453 2808 545 2856 autem
564 2801 811 2856 demutationibus
829 2803 903 2856 bisce
921 2802 973 2856 sub
990 2800 1200 2868 imperatoribus
1218 2798 1295 2852 factis

54 2880 97 2934 vid.
113 2885 253 2942 Fabricius
274 2887 292 2940 l.
309 2879 335 2939 1.
344 2905 371 2953 p.
387 2892 437 2942 1117
448 2918 481 2926 -
497 2893 553 2940 144.
576 2887 708 2939 Huschke
727 2887 743 2939 l.
761 2887 778 2938 t.
796 2903 822 2952 p.
837 2892 871 2940 20
882 2917 913 2926 -
927 2888 995 2952 Ἃ).
1019 2887 1163 2938 Caeterum
1182 2885 1225 2938 bio
1239 2890 1297 2937 erat

54 2967 110 3018 ordo
126 2970 262 3025 bonorum
288 2973 469 3038 possessionis
495 2973 670 3038 deferendae,
694 2978 724 3026 ut
747 2972 835 3037 primo
860 2975 920 3024 loco
947 2973 1057 3024 daretur
1075 2980 1167 3024 eontra
1186 2970 1296 3035 tubulas,

55 3050 137 3106 deinde
162 3060 308 3110 secundum
332 3056 442 3118 tubulus,
466 3063 604 3122 postremo
622 3057 739 3110 intestati
755 3056 781 3108 b.
801 3073 828 3122 p.
857 3057 916 3109 Nec
934 3072 1064 3126 umquam
1081 3057 1151 3108 alius
1169 3057 1297 3108 observa·

54 3134 121 3190 batur
137 3144 214 3207 ordo,
234 3141 372 3212 siquidem
393 3143 452 3209 jam
474 3159 509 3194 ex
533 3142 671 3194 Praetoris
694 3141 784 3196 edicto
808 3142 836 3193 in
857 3140 984 3194 bonorum
997 3143 1160 3209 possessione
1180 3143 1296 3210 petenda

76 3227 189 3283 cundum
200 3229 311 3280 tabulas
328 3229 354 3281 b.
369 3245 396 3294 p.
414 3243 474 3280 eam
493 3227 623 3294 praeibat,
642 3245 713 3297 quae
727 3245 761 3280 ex
776 3225 897 3280 intestati
910 3241 993 3280 causa
1007 3225 1208 3278 admittebatur.
1225 3225 1296 3277 Nam

55 3320 89 3356 res
117 3309 171 3375 ipto
189 3312 238 3365 illo
259 3315 296 3364 Ι).
316 3312 413 3374 Marci,
432 3313 505 3380 quod
524 3314 604 3365 refert
623 3314 709 3379 Gajus
728 3313 813 3379 (lla.
828 3312 911 3378 120),
929 3327 984 3363 non
1004 3311 1127 3364 ordinem
1144 3308 1297 3362 immutavit
1362 3329 1370 3336 -

55 3386 60 3398 ’
156 3411 186 3449 or
211 3399 348 3450 bonorum
373 3397 556 3462 possessionis
583 3398 751 3460 deferendae,
780 3413 874 3448 verum
904 3395 1087 3461 legitimorum
1104 3392 1234 3445 heredum
1248 3392 1295 3459 jus

55 3475 147 3532 minuit.
205 3484 287 3546 Quae
305 3482 415 3550 quidem
433 3485 516 3534 semel
534 3483 673 3535 monuisse
691 3483 813 3546 sufficiat,
836 3498 870 3532 nc
888 3481 981 3532 eadem
1008 3480 1169 3546 redarguere
1187 3479 1255 3532 falsa
1268 3477 1297 3530 in

56 3565 183 3626 sequentib
236 3567 305 3620 locis
323 3566 512 3619 Heiueccianis
531 3583 668 3634 cogamur.
686 3567 773 3621 Maur.

114 3649 140 3714 1)
158 3652 191 3704 Iu
263 3652 346 3704 etoris
365 3651 449 3702 luisse
467 3657 608 3717 potestate,
634 3654 748 3705 velletne
772 3654 906 3706 bonorum
931 3649 1133 3717 possessionem
1147 3651 1228 3714 'dura
1247 3667 1297 3702 uec

55 3739 90 3790 ne,
104 3733 166 3785 satis
184 3737 313 3790 evincunt
327 3737 460 3800 exempla,
476 3737 575 3804 quibus
588 3740 703 3793 Praetor
715 3738 848 3790 bonomm
860 3727 1061 3803 possessionem
1077 3736 1157 3788 certis
1172 3736 1296 3802 personis
1322 3755 1354 3822 1,

57 3816 158 3880 negavit,
177 3836 247 3888 quas
266 3827 355 3873 tamen
373 3821 462 3872 edicto
481 3837 531 3873 suo
549 3838 604 3873 non
616 3830 768 3890 exceperat.
787 3825 858 3876 Sane
873 3824 907 3886 Q.
928 3823 1066 3884 Metellus,
1079 3823 1200 3886 Praetor,
1219 3821 1297 3874 Veci-

58 3895 95 3960 lio,
111 3902 208 3969 lenoui,
236 3907 370 3958 bonorum
394 3907 523 3980 Juventii·
540 3909 740 3972 possessionem
767 3908 917 3959 secundum
939 3906 1045 3958 tabulas
1064 3907 1129 3958 dare
1147 3906 1296 3970 recusabat,
1383 3913 1386 3918 '

58 3983 149 4038 tantum
168 3993 243 4057 quod
260 3993 323 4043 leno
341 3998 429 4045 esset:
454 3993 514 4044 Val.
530 3993 672 4046 Maximus
691 3994 753 4045 VII.
765 3998 789 4047 7.
804 3998 828 4048 7.
847 3994 1058 4058 Nonnumquam
1077 3995 1206 4043 tamensi
1224 3992 1297 4043 Con-

58 4067 120 4120 sules
137 4071 344 4129 intercedebant.
363 4077 408 4129 Sic
427 4093 511 4145 quum
539 4072 685 4142 Genucius,
711 4077 810 4130 Matris
833 4091 946 4142 magnae
964 4077 1067 4139 Gallus,
1090 4090 1106 4126 a
1127 4075 1176 4127 Cu.
1191 4079 1296 4139 Oreste,

58 4147 183 4222 Praetore,
201 4161 335 4216 bonorum
353 4160 556 4226 possessionem
574 4165 722 4216 securrdum
741 4163 846 4214 tabulas
865 4163 1050 4227 impetrasset:
1074 4159 1231 4211 Mamercus
1242 4165 1296 4212 Ae-

59 4234 138 4290 milius
155 4244 274 4310 Lepidus
289 4241 385 4300 ‚Consi
411 4247 580 4300 Praetorium
603 4247 820 4312 jurisdictionem
846 4247 977 4312 abrogare
1003 4261 1058 4298 uon
1076 4243 1217 4305 dubitavit,
1241 4259 1295 4296 nou

60 4319 129 4374 aliam
146 4329 180 4379 ob
198 4347 331 4396 caussam,
350 4348 432 4400 quam
451 4333 515 4400 quia
534 4332 671 4385 Genucius
689 4334 834 4402 amputatis
852 4331 1014 4399 genitalibus
1033 4347 1082 4382 neo
1094 4329 1134 4382 vir
1149 4334 1228 4392 esset,
1246 4345 1295 4380 nec

61 4407 161 4464 mulier:
179 4415 304 4470 Valerius
320 4417 398 4470 Max.
420 4418 482 4470 VII.
497 4423 522 4472 7.
532 4423 556 4471 6.
584 4419 663 4471 Heia.
730 4439 732 4444 ¹

21 4535 24 4542 ,
120 4497 149 4560 g)
170 4499 211 4552 De
221 4502 251 4556 b.
265 4519 291 4568 p.
305 4501 520 4555 extraordinaria
534 4501 588 4555 vid.
600 4519 654 4556 von
666 4505 740 4558 Iriibr
753 4504 770 4557 l.
784 4504 801 4560 t.
816 4513 890 4558 uum.
902 4508 928 4556 3.
942 4509 969 4556 et
982 4507 1007 4557 4.
1025 4501 1052 4554 in
1067 4502 1173 4552 Dcssen
1187 4501 1295 4568 Mopuz.

65 4585 118 4626 Μ·
132 4595 161 4634 w.
179 4587 269 4641 Τ.111.
287 4605 314 4655 p.
331 4593 494 4642 ass-250.
512 4587 601 4643 Haud.
