3122 5162
234 385 307 452 776
653 375 728 444 Ian
752 373 814 444 Ν.
837 373 918 442 Trr.
942 373 1070 446 xvllt

382 566 705 618 cnuvurffll'romaus
725 566 842 614 Numan
864 567 975 614 ΡΟΙΝΔ
996 566 1062 614 SIT.

383 677 440 726 nrt
461 675 638 726 esurieris
659 676 770 724 ronna
790 674 905 734 aquae
926 675 971 720 π
990 673 1083 722 tertis
1103 673 1331 724 mmnlerro
1355 675 1420 722 sm.

237 778 304 842 Sed
320 798 451 858 vereor,
465 784 502 839 ut
514 777 623 838 omnia
639 776 734 858 hujus
743 773 829 857 legis
844 773 953 856 capita
967 773 1090 837 viderit
1104 773 1272 857 Sigonius.
1295 773 1393 836 Nibil
1408 774 1488 835 enim

178 883 182 888 ’
238 887 292 950 bic
313 887 356 950 de
380 877 628 970 quaestionibus
646 891 681 946 et
698 882 849 971 torturis,
871 881 914 944 de
938 880 1056 964 quibus
1077 891 1238 946 statuerat
1258 878 1376 961 Sulla,
1397 891 1432 943 ut
1449 881 1488 942 ab

236 996 277 1058 iis
292 993 384 1056 nulla
395 991 539 1075 dignitas
549 988 895 1054 liberaretrrimmian.
905 987 1120 1073 Marcellinus
1128 991 1204 1052 lter.
1214 999 1340 1071 gestor.
1350 987 1487 1050 Xlltla.

237 1103 276 1164 L.
291 1101 341 1163 10.
357 1101 387 1182 §.
400 1099 430 1160 1.
449 1101 491 1160 D.
509 1099 548 1160 dc
566 1100 695 1174 Quaest.
715 1096 801 1160 Tale
817 1093 897 1180 quid
919 1104 1035 1178 postea
1059 1096 1158 1160 etiam
1181 1080 1326 1160 sdnxero
1342 1095 1487 1158 Valenti-

237 1211 364 1288 nianus,
379 1205 507 1270 Valens
522 1214 557 1269 et
573 1204 763 1285 Gratianus,
777 1205 1011 1286 Imperatores,
1029 1204 1067 1266 L.
1082 1205 1112 1267 1.
1129 1206 1162 1266 0.
1181 1205 1296 1266 ποσά.
1311 1205 1354 1266 de
1369 1204 1490 1280 Queat.

237 1319 272 1378 L
285 1314 317 1377 4.
334 1314 368 1377 0.
383 1315 428 1376 ud
440 1313 520 1396 Leg.
532 1314 595 1376 Jut.
610 1316 732 1395 majest.
746 1317 793 1393 l).

832 1499 841 1513 .
860 1451 912 1514 49.

706 1572 765 1622 Lex
777 1453 854 1621 Iulia
872 1570 904 1620 de
922 1570 1021 1621 eadem.

322 1673 471 1757 Sequuta
485 1679 535 1735 est
551 1687 619 1734 Lux
632 1686 731 1734 Juma
746 1669 926 1754 majestatis
940 1669 1048 1753 prior,
1063 1669 1130 1733 lata
1147 1691 1166 1732 a
1182 1669 1219 1734 C.
1229 1669 1325 1733 Julio
1342 1667 1488 1748 Caesare,

240 1802 304 1866 qua
318 1779 446 1862 itidem,
459 1788 495 1843 ut
516 1778 695 1864 majestatis
711 1777 872 1840 damnatis
889 1799 975 1862 aqua
990 1785 1025 1839 et
1040 1777 1109 1862 igni
1129 1776 1398 1858 interdiceretur,
1418 1799 1490 1839 cau·
1538 1805 1543 1846 4

239 1898 308 1953 tum
323 1888 449 1966 luerat,
464 1887 549 1950 test'e
566 1885 729 1949 Cicerone
745 1885 921 1966 Plaappd.
944 1884 974 1946 9.
996 1883 1051 1946 Ad
1074 1893 1257 1947 extremum
1275 1887 1430 1948 successit
1441 1888 1488 1946 lec

239 1997 326 2056 Iulia
348 1994 529 2078 posterior,
553 2014 648 2077 quam
666 1992 835 2076 Augustus
857 1991 997 2073 tulerat,
1020 1995 1176 2076 cujusque
1200 1992 1364 2077 pleraque
1382 1992 1490 2075 capita

241 2112 275 2165 et
289 2101 391 2165 bodie
414 2110 544 2164 exstant
560 2101 592 2162 in
610 2100 803 2182 fragmentis
816 2100 1123 2164 Jureconsultorum
1146 2101 1180 2163 in
1196 2104 1289 2162 ntnlo
1304 2103 1347 2163 l).
1364 2101 1406 2161 ud
1420 2103 1492 2180 Ing.

239 2212 303 2272 Jul.
319 2212 440 2292 majest.
463 2209 586 2272 Omnes
601 2189 663 2271 hac
678 2208 756 2292 lege
772 2208 951 2290 majestatis
965 2209 1016 2271 rei
1031 2208 1309 2293 pronunciantur,
1325 2207 1385 2292 qui
1399 2205 1493 2290 quid-

241 2337 338 2402 quam
353 2316 409 2380 vel
424 2323 539 2379 contra
553 2315 806 2399 rempublicam,
830 2313 887 2378 vel
903 2316 1057 2380 adversus
1073 2315 1262 2399 Principem
1279 2316 1494 2385 admiseraut;

241 2426 311 2488 sive
327 2425 438 2505 facto,
458 2424 527 2486 sive
541 2423 661 2486 libello
677 2423 803 2486 famoso
819 2422 976 2486 fecissent
990 2423 1152 2508 injuriam.
1167 2423 1212 2487 Et
1225 2433 1263 2486 ut
1277 2433 1376 2487 tanto
1393 2423 1494 2504 major
1542 2501 1543 2513 χ

242 2540 330 2596 esset
350 2552 480 2594 reorum
501 2531 617 2615 copia,
640 2532 739 2595 etiam
763 2529 880 2593 famosi
901 2531 1050 2594 bomines
1073 2541 1107 2595 et
1129 2531 1234 2613 servi,
1257 2538 1293 2593 et
1313 2530 1435 2594 liberti
1456 2529 1493 2592 ad

242 2639 462 2705 adcusandum
485 2638 751 2702 admittebantur.
788 2638 941 2702 Convicti
963 2660 1063 2722 porro
1092 2659 1136 2702 ex
1157 2639 1220 2704 bac
1239 2637 1335 2722 lege,
1372 2639 1400 2702 si
1424 2659 1493 2722 per-

241 2744 420 2811 duellionis
434 2744 485 2808 rei
500 2753 628 2826 essent,
643 2747 760 2829 capitis
776 2745 1016 2810 damnabantur
1030 2753 1073 2827 Ι)ε
1096 2767 1139 2810 ex
1161 2747 1226 2812 alia
1249 2768 1366 2811 caussa
1388 2749 1493 2810 mitius

241 2853 471 2939 puniebantur.
500 2852 558 2916 Sin
581 2854 615 2916 in
639 2862 733 2917 reatu
755 2854 989 2935 decessissent,
1019 2875 1082 2917 nec
1113 2854 1401 2937 asuccesson'bus
1422 2875 1495 2937 pur-

242 2969 417 3046 garentur,
447 2961 535 3024 bona
556 2962 635 3026 fisco
658 2961 918 3026 vindicabantur.
939 2962 1021 3024 Eam
1044 2962 1173 3048 legem,
1195 2962 1275 3025 licet
1299 2961 1380 3024 satis
1403 2979 1496 3024 sere-

242 3091 329 3150 ram,
351 3078 468 3152 postea
483 3076 593 3132 tamen
609 3069 765 3133 Tiberius
780 3069 979 3153 asperiorem
995 3059 1160 3151 reddidit,
1184 3078 1218 3132 et
1243 3069 1285 3132 ad
1302 3069 1375 3152 ipsa
1397 3069 1495 3144 dicta,

243 3198 328 3262 quae
350 3177 497 3260 impunia
519 3185 618 3240 antea
639 3185 754 3259 erant,
777 3176 916 3261 protulit
936 3180 978 3256 ⁸):
1001 3176 1138 3242 Tacitus
1159 3178 1277 3240 Annul.
1301 3178 1326 3238 Ῑ.
1351 3176 1404 3238 79.
1425 3161 1494 3240 Imo

500 3311 535 3320 -ιι

243 3367 274 3418 de
299 3366 355 3434 leye
381 3367 481 3436 majest.
500 3369 524 3422 1.
551 3374 591 3422 1³.
613 3369 779 3422 Laudabiles
797 3375 887 3422 nmen
907 3369 1049 3440 Principes
1066 3385 1208 3422 serrorum
1225 3366 1417 3420 testimonium
1433 3378 1493 3416 raro

243 3449 426 3514 admiserunt,
455 3453 539 3505 veluti
562 3455 712 3520 Trajanus‚
738 3460 807 3506 teste
834 3455 926 3507 Plinio
950 3457 1087 3522 Paneypr.
1105 3472 1127 3506 e.
1144 3458 1188 3506 42.
1206 3453 1299 3505 Nerva
1317 3457 1388 3504 teste
1408 3451 1496 3502 Dione

244 3537 341 3590 Cassio
358 3538 502 3590 LXVIII.
522 3545 545 3591 l.
569 3539 681 3592 Tacitus
700 3541 865 3604 Imperator,
891 3544 960 3590 teste
977 3540 1052 3591 Flav.
1075 3538 1198 3603 vopisco
1216 3536 1245 3588 iu
1262 3538 1316 3589 vita
1339 3537 1428 3590 Taciti
1444 3535 1497 3587 I·-

238 3632 360 3690 perator.
378 3641 401 3674 c.
418 3627 443 3676 9.
461 3625 560 3676 Ezecb.
580 3626 726 3690 Spanhcm.
742 3627 780 3677 ad
796 3623 899 3676 Julian.
921 3623 997 3676 Orat.
1015 3623 1040 3676 Ι.
1055 3641 1084 3692 p.
1101 3627 1161 3676 m
1184 3623 1266 3674 Heln.

313 3707 346 3774 q)
366 3707 428 3759 iam
443 3715 506 3762 autc
517 3725 564 3762 eos
576 3709 729 3764 sanciverat
739 3707 935 3762 Constantinus
949 3707 1001 3769 Μ..
1012 3713 1045 3760 ut
1055 3707 1080 3760 is
1095 3723 1217 3777 quoque,
1233 3706 1300 3774 qui,
1311 3722 1401 3774 quum
1417 3705 1497 3770 bajas
1541 3769 1542 3772 Ἴ

246 3789 364 3845 criminis
384 3791 502 3861 aliquem
519 3801 661 3861 arguerat,
678 3794 831 3847 convicium
849 3809 930 3846 anum
947 3809 1003 3848 uon
1020 3796 1123 3846 valeret
1138 3793 1334 3858 comprobare,
1354 3788 1497 3844 tormentis
1541 3797 1542 3870 p

247 3885 316 3928 essct
334 3877 534 3944 quaerendum,
552 3881 632 3946 cujus
650 3880 765 3933 consilio
783 3885 866 3948 atque
882 3877 1014 3932 instinctu
1031 3879 1067 3930 ad
1084 3877 1300 3932 criminationem
1311 3876 1395 3928 istam
1407 3889 1499 3927 παιω-
1541 3889 1542 3981 p

215 3996 222 4012 .
247 3961 318 4014 serit.
343 3962 407 4016 vld.
429 3964 463 4014 L.
480 3981 525 4016 aa«
547 3964 596 4016 ll.
616 3965 679 4018 (lod.
698 3964 741 4017 ad.
759 3965 822 4031 Lep.
840 3963 897 4016 Jnl.
914 3965 1017 4035 majest.
1039 3964 1073 4014 L.
1092 3966 1119 4016 ³.
1135 3964 1203 4016 Inrt.
1231 3962 1296 4014 as
1319 3961 1379 4012 sot
1409 3961 1499 4022 Qum

247 4047 354 4115 quidem
371 4047 606 4112 constitutionem,
636 4051 660 4103 si
678 4065 733 4102 non
751 4049 898 4115 integram,
924 4053 1042 4100 atcerte
1060 4045 1288 4110 emendatiorem,
1314 4062 1331 4097 e
1349 4041 1500 4100 Muratorii

247 4131 449 4201 Imcnpttonum
472 4133 607 4186 floruero
633 4135 734 4196 edidit,
753 4134 951 4201 luculentisque
968 4131 1113 4186 illustravit
1135 4130 1375 4184 observationibus
1393 4133 1500 4183 Kleasc

248 4205 277 4268 ln
294 4218 319 4270 d.
337 4219 465 4270 Zeitsctr.
474 4217 532 4287 sair
545 4222 631 4288 peret.
652 4222 688 4274 It.
715 4221 754 4274 W.
773 4222 805 4272 T.
820 4220 873 4273 IX.
891 4236 967 4272 num.
982 4217 1034 4294 Ill.
1055 4213 1250 4284 (Oomtuntiu’r
1262 4215 1387 4268 Edictum
1406 4217 1442 4268 de
1460 4231 1502 4266 ar·

248 4303 432 4369 manuatim)
452 4319 479 4369 p.
497 4308 609 4358 66—90.
629 4305 714 4358 Mill.

316 4389 343 4454 r)
362 4388 575 4440 interdicebatur
584 4390 623 4441 eis
633 4405 704 4458 aqua
712 4395 739 4442 et
747 4390 892 4456 ignqteste
902 4390 991 4440 Paulo
1000 4387 1127 4440 Seutcatt.
1138 4387 1257 4454 Recepit.
1271 4385 1299 4438 V.
1307 4389 1353 4438 29.
1363 4391 1386 4438 1.
1398 4386 1502 4438 Siade-

248 4477 415 4532 portatorum
425 4473 461 4526 ob
474 4476 525 4526 boc
538 4475 640 4528 crimen
651 4476 732 4528 etiam
744 4475 867 4528 meminit
877 4476 895 4528 J
897 4477 932 4526 ul.
945 4471 1117 4538 Capitolinus
1130 4472 1183 4524 utta
1195 4471 1403 4522 Pertinace.
1419 4468 1500 4522 Hera.

316 4555 343 4619 s)
363 4556 444 4610 Initio
458 4561 599 4625 Augustus
617 4561 708 4628 specie
726 4561 807 4626 bajus
823 4561 891 4627 legis
902 4560 937 4612 de
955 4559 1053 4612 libellis
1071 4555 1183 4612 tumosis
1201 4556 1385 4625 qaaaairerat,
1404 4561 1502 4620 postes
