3062 5164
419 373 497 446 De
520 373 617 444 June
641 333 922 447 Pnouroresunr.
1237 379 1308 450 808

41 577 164 621 aucune
182 573 386 618 suessonum
400 572 602 616 senarum
615 555 736 626 statuit,
746 571 838 634 quom
852 553 951 632 legem
967 552 1179 634 iltiltups‘b'nm
1189 565 1310 627 occant,

42 667 217 728 sortiatur.
243 663 334 739 Quod
348 665 494 745 priuatos
513 683 533 720 a
550 661 664 741 popsulo
681 663 775 742 petit,
792 669 849 724 out
864 661 1000 741 populus
1019 682 1039 722 o
1054 665 1189 742 priuato,
1208 663 1310 724 &na-
1434 669 1441 676 “

43 783 94 834 tus
112 794 158 838 ea
176 775 291 854 aliqua
310 774 450 842 civitate,
469 773 525 848 qui
538 769 676 850 judicet,
698 769 805 840 datur,
825 787 918 846 quum
938 770 1082 830 alternas
1100 771 1240 832 civitates
1261 791 1310 832 ro-

37 883 143 961 jectae
166 889 260 942 sunt.
289 878 380 954 Quod
401 880 474 938 civis
491 875 654 938 Romanus
673 898 694 941 a
715 876 820 938 Siculo
831 878 924 957 petit,
941 876 1068 970 Siculus
1078 878 1181 957 judea
1198 880 1310 950 dature

45 989 126 1067 quod
147 987 285 1049 Siculus
304 1005 324 1046 o
343 988 408 1046 erbe
422 985 573 1056 ronzano,
591 987 664 1046 eeu
681 985 844 1047 Romanos
861 984 968 1047 datur.
1000 986 1186 1048 Ceterarum
1202 1006 1311 1048 rerum

47 1097 154 1156 selecti
167 1095 303 1175 judices
328 1114 369 1154 er
390 1096 502 1154 civium
527 1092 741 1172 Romanorum
761 1098 913 1154 conuentu
933 1096 1070 1173 proponi
1089 1095 1196 1158 solent.
1222 1094 1311 1158 Inter

48 1211 198 1264 oratores
219 1209 251 1262 et
268 1202 458 1262 decumanos
477 1200 546 1280 lege
555 1199 786 1278 frumentariis,
806 1218 899 1278 quom
917 1197 1121 1264 Hieronicam
1140 1201 1311 1282 adpellant,

46 1311 166 1390 judicia
175 1310 284 1387 siunt.
306 1307 477 1391 Ejusmodi
497 1325 631 1390 quoque
651 1305 755 1388 leges,
773 1306 1015 1378 Macedonibus
1035 1309 1109 1374 aL.
1127 1307 1248 1372 Paullo
1267 1308 1310 1370 de

50 1416 180 1484 consilii
201 1416 368 1480 sententia
387 1415 490 1497 datas,
504 1421 656 1478 recenset
667 1414 739 1478 Liv.
750 1413 811 1476 XL
818 1417 853 1476 V.
864 1413 915 1478 29.
930 1413 1075 1482 Achaeis
1093 1416 1312 1500 praescriptas

52 1526 194 1590 Pausan.
219 1524 289 1586 VH.
304 1523 334 1586 8.
349 1523 379 1586 9.
394 1523 444 1585 10.

644 1701 651 1715 .
673 1653 746 1717 102.

378 1769 411 1822 Ut
428 1779 455 1821 st
472 1769 539 1830 eliis,
557 1654 670 1837 quus§S.
689 1770 726 1820 P.
750 1771 783 1828 Q.
804 1769 840 1823 R.
858 1771 889 1823 iis
908 1769 994 1823 dabat.

139 1873 365 1938 Adesdebant
383 1870 432 1934 his
452 1870 574 1934 deinde
596 1870 690 1954 leges
712 1871 874 1956 quaedam
896 1871 1090 1936 aRomanis
1107 1873 1208 1956 latae,
1232 1895 1312 1958 quar

60 1982 89 2044 in
109 1981 293 2066 provinciis
314 1981 482 2043 observari
506 1981 693 2063 oportebat.
716 1979 770 2043 Sic
797 2001 895 2063 quum
920 1980 978 2042 lex
1001 1981 1108 2045 Atilia
1137 1983 1312 2047 dedendo

60 2095 163 2150 tutore
179 2095 308 2150 tantum
327 2089 360 2150 in
377 2091 458 2152 urbe
476 2087 619 2150 valeret:
633 2086 710 2170 lege
726 2084 818 2151 Julia
834 2095 868 2150 et
884 2087 976 2152 Titia
993 2089 1121 2172 eadem,
1137 2091 1186 2154 uti
1199 2089 1313 2174 paullo

59 2203 131 2258 ante
159 2196 321 2278 diximus,
348 2195 447 2257 etiam
471 2195 512 2258 ad
535 2197 722 2279 provincias
748 2204 901 2280 porrecta
928 2204 994 2260 est:
1013 2202 1147 2280 ρνίηοφ.
1172 2200 1250 2259 Inst.
1275 2199 1335 2286 de·

59 2306 190 2366 Alition.
208 2312 266 2366 tut.
289 2303 397 2382 Quum
417 2304 549 2388 exlege
564 2304 657 2367 dulia
672 2303 714 2366 de
732 2303 921 2366 maritandis
940 2304 1110 2368 ordinibus
1123 2312 1214 2368 tutor
1233 2304 1315 2367 dan·

59 2411 120 2474 dus
144 2419 233 2474 esset
259 2412 291 2473 ei
318 2409 447 2475 mulieri
473 2403 678 2497 virginique,
708 2431 804 2496 quam
830 2431 873 2472 ex
896 2412 959 2475 hac
989 2413 1061 2496 ipsa
1081 2413 1160 2496 lege
1188 2411 1313 2474 nubere

61 2522 257 2604 oportebat,
274 2520 316 2582 ad
334 2518 446 2582 dotem
467 2519 624 2600 dandam,
643 2519 835 2602 dicendam,
854 2521 1170 2604 promittendamve3
1192 2520 1314 2583 fuctum

63 2628 171 2710 paullo
199 2634 252 2690 est
270 2625 409 2703 SCtnm,
438 2647 503 2710 quo
524 2637 669 2708 cautum,
691 2634 727 2691 ut
749 2627 848 2691 etiam
876 2628 909 2691 in
937 2630 1109 2714 provincia
1127 2629 1277 2693 similiter
1296 2651 1315 2692 a

67 2735 275 2799 Praesidibus
296 2755 339 2795 ex
356 2734 471 2797 eadem
488 2755 600 2798 caussa
620 2744 745 2799 tutores
769 2737 941 2800 darentur:
959 2737 1092 2822 Ulpian.
1111 2741 1241 2820 B'ragm.
1256 2740 1315 2801 XI.

71 2840 96 2901 1.
117 2843 244 2908 Similia
271 2842 424 2925 exempla
445 2843 701 2925 suppeditabunt
726 2845 764 2906 L.
779 2844 830 2906 19.
856 2847 897 2907 D.
915 2847 954 2907 de
979 2847 1056 2908 Ritu
1076 2855 1163 2929 nupt.
1192 2850 1312 2931 (quam

69 2950 190 3014 uberius
215 2949 426 3034 exposuimus
445 2947 479 3012 in
499 2950 610 3013 Gomm.
627 2954 671 3013 od
682 2953 720 3013 L.
731 2953 792 3016 Jul.
809 2961 839 3014 et
861 2953 941 3033 Pop.
958 2954 1024 3014 Lib.
1041 2956 1065 3014 I.
1085 2977 1110 3016 o.
1124 2956 1154 3016 5.
1166 2976 1199 3036 p.
1215 2954 1267 3018 64.
1285 2963 1314 3018 et

68 3057 128 3120 Lib.
146 3061 187 3120 II.
199 3079 226 3120 c.
238 3057 291 3120 21.
307 3079 338 3139 p.
353 3056 425 3120 334.
438 3060 499 3138 sq.)
523 3065 557 3119 et
573 3058 609 3119 L.
622 3059 652 3119 5.
666 3079 715 3140 pr.
733 3061 773 3122 D.
792 3062 831 3122 de
842 3060 1032 3139 Manumiss.
1052 3062 1129 3125 Huc
1148 3064 1316 3146 pertinent

70 3171 117 3226 tot
131 3165 292 3250 rescripta
305 3165 495 3248 Principum
512 3163 554 3226 ad
572 3165 812 3249 provinciarum
827 3166 1013 3247 Praesidae,
1028 3169 1145 3251 quibus
1159 3171 1214 3234 vel
1228 3193 1316 3237 nova

61 3271 131 3356 jura
152 3274 236 3337 dant
254 3271 448 3356 provinciis,
473 3272 528 3336 vel
552 3272 654 3336 dubia
676 3281 710 3336 et
735 3276 888 3361 ambigua
911 3275 1087 3358 decidunt,
1108 3285 1145 3340 ut
1162 3299 1205 3340 ex
1225 3279 1317 3343 Pan-

66 3380 164 3444 dectis
188 3381 310 3444 nostris
333 3403 371 3443 ac
402 3389 543 3464 utroque
564 3380 691 3444 Codice
718 3383 794 3446 satis
827 3385 981 3468 adparet:
1004 3386 1042 3447 L.
1063 3385 1113 3448 14.
1132 3387 1174 3450 D.
1191 3388 1230 3448 de
1255 3387 1316 3468 Off.

66 3489 173 3552 Proes.
192 3489 233 3552 L.
251 3489 301 3552 14.
318 3490 360 3551 D.
379 3491 423 3550 ad
442 3489 560 3551 SOtum
584 3490 767 3570 ffbrpillian.
785 3490 823 3553 L.
838 3492 866 3552 1.
885 3494 926 3557 D.
940 3495 979 3556 de
995 3495 1132 3576 Adigeis.
1153 3497 1190 3558 L.
1212 3495 1261 3557 12.
1274 3495 1316 3558 D.

66 3596 98 3656 de
115 3598 243 3660 Oscstod.
260 3616 341 3659 reor.
400 3663 405 3669 ,

629 3729 658 3810 §-
680 3729 752 3796 103.

436 3845 562 3896 Necnon
580 3845 671 3898 edictis
692 3845 887 3898 Proconsulum
901 3848 941 3916 n).

142 3945 191 4010 At
214 3944 395 4035 praecipue
413 3945 469 4030 jus
488 3946 523 4008 in
545 3946 723 4029 provinciis
741 3947 1011 4031 proficiscebatur
1034 3971 1076 4012 ex
1097 3951 1214 4017 edictis
1233 3952 1317 4016 Pro-

70 4053 229 4118 consulum
252 4062 287 4116 et
306 4052 509 4139 reliquorum
526 4054 784 4138 magistratuum,
808 4075 894 4140 quae
909 4057 1004 4121 simul
1023 4081 1061 4124 ac
1079 4059 1112 4121 in
1130 4059 1316 4143 provincias

66 4157 137 4224 ituri
156 4167 269 4237 erant,
293 4181 513 4245 componere,
533 4183 571 4224 ac
593 4161 669 4223 dein
693 4162 827 4244 publice
847 4185 1035 4248 proponere
1055 4167 1217 4231 solebant.
1239 4169 1316 4230 Hoc

66 4268 206 4332 edictum
222 4268 328 4331 tribus
348 4268 544 4354 plerumque
559 4270 707 4354 partibus
725 4273 907 4335 constabat.
931 4273 1014 4335 Nam
1032 4274 1138 4358 primo
1156 4274 1259 4339 multa
1273 4298 1316 4338 ex

127 4493 161 4559 p)
182 4494 227 4544 De
243 4491 338 4544 odietis
356 4489 583 4558 provincialibus:
602 4493 698 4545 Bschii
717 4494 770 4545 Pr.
791 4495 822 4544 de
835 4495 916 4546 edicto
922 4504 1052 4562 perpetuo
1060 4497 1226 4563 prouinciali.
1240 4498 1315 4564 Lips.

68 4579 137 4628 1752.
154 4583 181 4630 4.
200 4583 228 4630 et
246 4577 275 4628 in
293 4593 387 4644 opusc.
405 4593 432 4644 p.
453 4581 502 4630 168
514 4604 548 4616 ·-
564 4582 622 4630 185.
640 4576 728 4632 Haut.
