3056 5154
258 382 330 450 css
666 351 668 356 ’
693 373 777 446 nn.
795 373 855 442 ru.
902 373 981 444 nr.
1006 374 1067 442 rr.

258 553 420 618 Solebant
450 557 559 616 tamen
583 548 682 612 etiam
707 571 782 614 reue
811 557 847 614 et
874 557 968 614 actor
992 569 1236 634 nonnumquam
1265 551 1460 638 transigercin

257 662 329 742 via,
363 667 398 722 et
428 666 506 721 tune
531 677 666 741 quoque
691 657 935 737 dimittebatur,
962 654 1079 741 quiin
1102 656 1159 740 jus
1183 655 1291 720 fuerat
1310 663 1461 743 vocatus‘).

256 901 364 966 plnres,
382 895 430 965 qui
447 895 562 951 uindices
583 893 753 946 contundunt
774 907 837 946 cnm
854 891 971 945 sediblu.
997 892 1090 946 Vsdes
1111 888 1185 944 enim
1207 893 1334 946 cavebant
1348 894 1377 946 dc
1388 893 1461 961 J'udicic

257 982 329 1047 sisti,
348 982 395 1037 ubi
413 980 441 1034 in
459 980 507 1046 jus
524 983 644 1032 ventum.
654 981 758 1035 luerat:
787 979 907 1033 vindices
920 977 1053 1031 cavebant
1070 981 1170 1042 actori,
1187 985 1220 1030 ut
1241 994 1302 1034 reus
1319 978 1460 1042 dimitteretu,

184 1096 185 1099 ¹
257 1071 402 1136 autequam
419 1066 457 1117 in.
460 1065 510 1132 jus
528 1063 639 1116 veniret.
657 1063 721 1116 Vid.
741 1065 925 1126 Gothofredus
943 1063 981 1128 ad
998 1063 1066 1116 XII
1083 1059 1165 1114 Tale.
1184 1061 1237 1126 tal.
1255 1063 1279 1116 Ι.
1294 1081 1320 1131 p.
1337 1069 1387 1118 185.
1410 1063 1460 1118 cete.

257 1171 317 1206 rum
335 1152 452 1217 pertinet
471 1150 523 1201 huc
540 1149 634 1200 titulus
647 1149 682 1200 D.
697 1149 732 1201 In
741 1151 791 1220 jus
810 1148 894 1201 vocati
910 1156 940 1198 nt
957 1156 1026 1207 eant,
1039 1156 1085 1198 ont
1098 1147 1161 1198 satir
1173 1149 1215 1198 nel
1225 1157 1326 1199 cannam
1343 1149 1399 1200 dent.
1409 1146 1460 1200 Heia

257 1235 281 1288 E
300 1237 370 1302 Gajo
382 1235 429 1288 lv.
443 1237 465 1302 ξ.
483 1239 526 1287 21.
540 1234 598 1300 jam
618 1233 756 1298 discimus,
775 1235 902 1286 vindicem
921 1230 1051 1284 nontam
1069 1232 1104 1282 ad
1123 1231 1151 1284 in
1167 1231 1215 1296 jus
1231 1232 1460 1302 vocationemque

257 1322 292 1374 ed
310 1337 370 1372 cem
388 1319 455 1385 legis
474 1318 616 1381 actionem,
636 1333 706 1385 quae
723 1333 772 1384 per
789 1333 886 1370 manus
913 1317 1085 1382 injectionem
1103 1317 1198 1379 flebat,
1225 1316 1390 1382 pertinuisse,
1404 1317 1460 1384 siqui·

257 1407 319 1460 elem
336 1420 393 1458 non
411 1403 487 1456 licuit
507 1403 631 1472 judicato
649 1419 761 1469 manum
778 1402 832 1457 sibi
850 1403 984 1468 depellere
1009 1408 1037 1454 et
1049 1416 1100 1468 pro
1118 1414 1148 1472 se
1165 1403 1228 1468 lege
1243 1417 1329 1467 agere,
1344 1402 1386 1454 red
1399 1403 1459 1452 andr

257 1490 365 1544 dandus
382 1489 440 1552 fuit,
462 1487 510 1556 qui
527 1501 578 1552 pro
595 1486 719 1551 judicato
737 1504 863 1542 caussam
881 1492 992 1560 ageret:¹
1006 1502 1067 1556 quc,
1078 1503 1135 1538 non
1154 1488 1219 1539 dato
1236 1487 1283 1539 ille
1300 1487 1395 1537 durnum
1409 1486 1460 1536 duce

257 1578 336 1629 batur
354 1576 387 1626 ab
407 1577 498 1625 actore
513 1578 540 1624 et
554 1570 729 1623 vinciebatur.
757 1572 853 1640 Itaque
871 1573 998 1624 cohaeret
1011 1571 1103 1638 potius
1121 1572 1188 1622 haec
1206 1572 1283 1623 notio
1300 1587 1356 1622 curn
1371 1571 1461 1637 iis,an

256 1661 292 1714 ab
309 1661 428 1713 Auctore
453 1671 537 1722 snpra
554 1655 604 1708 ΙΙΙ.
622 1661 664 1720 29,
684 1659 756 1724 (30.)
774 1663 798 1710 4.
818 1673 833 1708 e
851 1657 933 1709 Gellii
952 1657 985 1708 N.
1003 1657 1038 1708 A.
1058 1655 1093 1708 X
1096 1650 1140 1708 1¹1.
1158 1661 1200 1710 10.
1219 1661 1283 1708 sunt
1304 1656 1388 1708 adlata
1401 1653 1460 1706 Harl.

256 1746 321 1798 Duc
339 1750 418 1808 sunt,
431 1757 502 1812 quae
519 1741 562 1794 hic
580 1741 792 1793 considerentur.
819 1741 944 1794 Primum
962 1746 1020 1799 est,
1036 1746 1070 1792 nt
1085 1755 1264 1807 quaeremus,
1281 1757 1357 1809 quem
1370 1741 1394 1792 iu
1408 1742 1460 1792 hum

256 1828 371 1884 adhibiti
389 1829 489 1882 luerint
505 1827 645 1880 vindices?
663 1829 699 1879 Et
713 1826 836 1896 plerique
848 1827 877 1878 in
895 1832 1003 1878 essunt
1014 1827 1158 1888 sententia,
1176 1831 1208 1878 ut
1226 1826 1378 1892 existiment,
1391 1825 1459 1876 dmrlns

256 1917 341 1970 fuisse
358 1914 478 1967 vindices
496 1913 530 1966 ab
548 1912 600 1975 his,
619 1911 711 1979 quiin
728 1911 777 1976 jus
793 1912 882 1966 vocati
900 1917 998 1964 essent.
1020 1912 1078 1962 Nec
1095 1916 1151 1976 est,
1170 1912 1245 1978 quod
1264 1913 1331 1964 hanc
1347 1910 1458 1964 sententian

257 2001 422 2054 deseramus.
448 1999 585 2049 Provocat
602 1995 780 2058 Hanboldus,
800 1997 847 2064 qui
865 1997 893 2048 in
912 1997 1026 2047 adversa
1044 2001 1120 2060 parte
1138 2002 1207 2059 stat,
1224 1995 1262 2048 'ad
1280 1996 1380 2064 Gajum,
1392 1993 1459 2062 qnippe

257 2085 305 2153 qui
323 2101 339 2136 e
354 2083 488 2150 judicate,
501 2099 563 2133 cum
582 2096 637 2149 quo
652 2081 719 2146 legis
735 2080 840 2133 actione
852 2097 900 2147 per
918 2095 1017 2132 manns
1034 2079 1210 2146 injectionem
1227 2087 1355 2148 ageretur,
1370 2079 1459 2132 vindicrn
1495 2111 1496 2114 =

257 2170 379 2222 dandum
397 2185 457 2221 esse
480 2172 582 2218 statuat
601 2165 664 2232 (IV.
679 2168 700 2234 ξ.
716 2167 783 2233 21.).
809 2167 863 2219 Sed
881 2167 956 2216 salvs
974 2179 1017 2216 res
1035 2169 1085 2216 cst.
1110 2165 1180 2217 Nam
1200 2183 1257 2218 non
1275 2165 1459 2218 modericum

257 2270 349 2308 recens
369 2255 459 2306 oblata
476 2253 505 2306 in
520 2255 567 2318 jus
584 2251 677 2307 vocari
695 2257 820 2316 poterant
837 2251 885 2314 rei,
903 2249 1098 2304 verumetiam
1117 2267 1152 2302 ex
1166 2250 1286 2316 judicati
1303 2265 1397 2311 censen
1411 2255 1428 2299 rl
1439 2247 1459 2296 de

257 2340 307 2392 hac
325 2339 435 2408 quidem
452 2338 573 2406 loquitur
592 2338 678 2404 GsJ'us
699 2338 747 2404 (cf.
760 2339 848 2402 ,Huge
861 2337 897 2388 It.
916 2337 950 2388 Gr
966 2335 1010 2390 ed.
1020 2335 1078 2390 XI.
1093 2353 1119 2402 p.
1137 2340 1207 2400 318„
1230 2337 1280 2388 ubi
1293 2353 1323 2388 ea
1336 2337 1371 2388 vel
1382 2330 1459 2386 manne

257 2427 421 2478 advertenda
444 2430 523 2486 sunt,
542 2437 612 2491 quse
634 2423 669 2474 ad
693 2421 835 2475 eluendam
853 2424 923 2488 Aug:
942 2422 1015 2475 Guil.
1037 2421 1194 2476 Schroeteri
1211 2420 1421 2488 reprehensionem
1433 2415 1459 2483 (ir

258 2511 310 2564 obe.
320 2511 382 2580 jur.
401 2510 448 2562 civ.
466 2524 493 2573 p.
512 2513 554 2560 24.
573 2523 614 2574 sq.
626 2512 683 2558 not.
702 2506 759 2572 35.)
780 2507 815 2560 V.
835 2506 876 2558 Gl.
893 2512 1000 2569 monem
1020 2506 1157 2563 thmeru
1174 2508 1193 2560 l.
1214 2509 1232 2562 l.
1250 2510 1271 2575 ξ.
1286 2511 1328 2566 46.
1343 2522 1366 2570 p.
1382 2508 1423 2556 lll.
1434 2516 1459 2566 sq·

257 2601 313 2650 not.
332 2600 357 2648 5.
376 2600 403 2646 et
420 2593 441 2659 h.
462 2596 518 2646 108.
537 2609 563 2657 p.
584 2595 641 2644 130.
658 2595 714 2643 not.
732 2591 783 2656 8.).
803 2591 923 2654 Accedit,
943 2591 1155 2662 qucuutoernr-
1165 2591 1257 2648 verbis
1276 2593 1357 2659 stus
1373 2588 1460 2644 lamuh-

256 2697 318 2734 rum
336 2677 501 2730 mentionem
515 2675 581 2728 tacit
594 2675 724 2730 adversus
743 2691 805 2728 enm
823 2676 1102 2744 propositarumqui
1118 2676 1147 2730 iu
1161 2678 1210 2744 jus
1228 2682 1339 2732 vocchrs
1355 2689 1420 2741 neque
1431 2687 1460 2722 ve

258 2764 335 2827 uerit,
353 2778 441 2830 neque
458 2760 593 2814 vindicem
610 2760 727 2820 dederit;
744 2761 899 2827 (comment.
910 2763 958 2816 IV.
969 2763 990 2830 h.
1002 2766 1045 2816 46.
1057 2763 1090 2816 cf.
1103 2767 1130 2814 et
1140 2763 1172 2817 1..
1190 2767 1234 2816 22.
1246 2764 1268 2830 h.
1284 2767 1306 2814 l.
1319 2762 1351 2814 D.
1366 2759 1392 2812 de
1405 2755 1459 2824 njc

257 2849 381 2908 coeundo,
401 2863 471 2914 quae
489 2863 525 2898 ex
546 2845 634 2911 ejusd.
653 2846 717 2912 sti
733 2845 794 2898 Lib.
811 2847 833 2898 Ι.
856 2855 993 2901 comment.
1011 2847 1048 2902 ad
1063 2847 1144 2914 Leno.
1164 2847 1301 2903 XII'tab.
1318 2847 1419 2900 desumta
1430 2845 1459 2890 st

258 2935 396 2990 Zimmern
414 2932 431 2984 l.
446 2931 463 2984 l.
482 2931 503 2998 ξ.
523 2935 581 2984 tus.
597 2945 624 2996 p.
641 2934 701 2984 329.
719 2929 775 2988 uot‘.
795 2933 861 3003 16.)
872 2959 905 2972 --
917 2933 1041 2987 Alterum
1057 2932 1127 2986 illud
1146 2936 1212 2995 erat,
1233 2933 1308 3001 quod
1325 2927 1459 3000 quaerendum

231 3016 237 3028 “
257 3019 336 3074 nohis
354 3017 564 3083 proposuimus:
588 3016 808 3082 procuratorene
834 3017 951 3071 officium
973 3017 1134 3073 sustinuerit
1155 3017 1260 3072 vindex
1280 3018 1311 3085 (i.
1327 3034 1348 3070 e.
1363 3017 1420 3080 ejm.
1432 3006 1459 3076 qui

258 3105 332 3158 litem
349 3117 400 3169 pro
418 3115 465 3155 reo
491 3101 520 3154 in
535 3117 567 3154 se
585 3100 758 3169 susciperet),
777 3118 811 3156 an
829 3102 999 3169 fidejussoris
1008 3139 1022 3168 ,.
1031 3101 1080 3170 qui
1097 3101 1157 3156 sisti
1175 3119 1253 3156 reum
1271 3095 1459 3168 promitteretllt

257 3195 337 3255 neget
362 3185 539 3249 Heineccius,
552 3186 750 3251 'procuratoris
771 3189 834 3240 loco
850 3188 943 3240 tuisse
966 3188 1114 3251 vindicem,
1137 3193 1195 3240 tum
1215 3188 1278 3252 bio,
1294 3194 1348 3239 tum
1364 3177 1459 3250 superiore

258 3274 377 3343 quodam
397 3272 426 3325 in
444 3273 504 3326 loco
517 3271 593 3338 (Lib.
604 3272 654 3323 Ill.
670 3272 722 3326 Tit.
735 3273 819 3326 XXI.
831 3274 852 3339 t.
864 3308 889 3326 s.
900 3278 957 3328 net.
975 3274 1002 3326 b.
1019 3289 1046 3338 p.
1064 3274 1152 3341 5543.
1169 3277 1206 3328 At
1224 3272 1293 3326 nihil
1310 3272 1426 3340 quicqum
1437 3263 1458 3314 ab

257 3377 290 3414 eo
308 3361 419 3414 allatrun
438 3362 496 3420 cst,
515 3371 599 3423 quare
616 3357 740 3422 Boethii,
758 3358 810 3410 viri
827 3360 881 3410 fide
898 3358 1064 3425 dignissimi,
1082 3359 1265 3424 spernendum
1288 3363 1399 3424 putemus
1410 3347 1457 3401 lust

213 3453 218 3468 ⁴
257 3444 393 3507 monium,
412 3442 459 3510 qni
477 3479 493 3506 „
500 3441 601 3494 vindex
618 3443 691 3505 est'',
709 3442 810 3510 inquit,
828 3445 900 3512 „qui
918 3444 1029 3498 ulterius
1046 3459 1157 3499 causam
1176 3443 1291 3510 suscipit
1307 3436 1459 3496 vindicium,

257 3531 341 3583 veluti
359 3543 428 3596 quos
447 3543 519 3582 nunc
536 3533 725 3593 procuratores
744 3529 900 3582 vocamus.'’
922 3531 981 3598 (Cf.
994 3531 1131 3584 Zimmern
1149 3529 1167 3584 l.
1186 3530 1202 3582 l.
1222 3545 1249 3594 p.
1267 3529 1340 3594 330.)
1358 3523 1414 3587 Quin
1426 3515 1460 3583 ips

258 3615 329 3681 Gajo
348 3611 531 3666 testimonium
549 3611 702 3666 denuntiari
715 3618 813 3677 potest,
833 3613 881 3682 qui
897 3615 970 3668 idem
988 3616 1066 3679 dicit,
1085 3613 1127 3668 his
1145 3627 1213 3669 usus
1227 3613 1328 3666 verbis:
1345 3605 1460 3680 „fviudicm

258 3701 348 3763 dabat,
362 3697 410 3766 qui
427 3714 477 3763 pro
497 3713 526 3750 se
544 3711 654 3750 causam
671 3713 752 3764 agere
768 3699 905 3761 solebet'';
918 3701 967 3752 IV.
980 3701 1000 3768 ξ.
1012 3705 1054 3754 46.
1073 3700 1183 3754 Vindex
1201 3699 1284 3766 igitur
1302 3696 1350 3752 luit
1365 3689 1460 3764 queris-r

258 3789 354 3846 sertor,
373 3782 419 3851 qui
443 3786 517 3836 velut
534 3800 569 3836 ex
587 3782 716 3836 servitute
733 3783 761 3836 in
779 3784 931 3840 libertatem
949 3785 1103 3840 vindicabat
1119 3767 1258 3850 prensum.
1285 3786 1320 3836 Et
1333 3795 1404 3851 quum
1417 3773 1461 3826 dib

258 3869 335 3922 cilius
353 3869 516 3922 inveniretur
534 3867 646 3931 vindex,
667 3884 749 3936 quam
765 3871 919 3938 fidejussor,
937 3871 1051 3924 Praetor
1067 3870 1183 3924 vindicis
1200 3867 1285 3925 dandi
1303 3883 1376 3921 onere
1390 3865 1461 3914 leves

257 3953 403 4008 videturin
414 3954 460 4020 jus
475 3958 591 4017 vocatos,
604 3955 669 4007 satis
684 3955 793 4019 hebens,
808 3955 1026 4008 vadimoniorum
1039 3956 1103 4023 jure
1116 3971 1165 4009 eos
1177 3953 1309 4020 adligarer
1328 3949 1389 4020 (vid.
1398 3951 1461 4000 nott·

258 4041 331 4108 adh.
353 4041 417 4106 17.).
446 4037 647 4107 Nequeigitur
658 4041 827 4105 dubitemus,
847 4040 974 4108 qnin'his
998 4041 1204 4108 adstipulcnrur,
1223 4041 1272 4108 qui
1288 4039 1381 4103 duplex
1396 4027 1461 4084 distit-

257 4125 394 4193 ruendum
412 4139 472 4178 esse
488 4125 847 4199 censeant-vadimonium
857 4143 952 4192 genus,
964 4129 1080 4182 alterum
1096 4130 1174 4180 vetus
1187 4125 1255 4178 illud
1272 4113 1461 4190 legiuncuvll

257 4214 357 4266 eurum
375 4210 508 4263 actionem
530 4209 628 4276 judicii
650 4227 733 4264 cansa
751 4212 809 4266 deri
834 4212 960 4277 solitum,
977 4215 1107 4277 alterum,
1126 4212 1207 4282 quod.
1223 4209 1460 4276 praetorianume
1497 4229 1498 4254 r

257 4296 345 4359 liceat,
360 4308 447 4363 quem
465 4296 602 4350 Praetoris
620 4296 708 4348 edicto
726 4302 774 4348 eut
790 4296 976 4352 introductum
994 4304 1042 4351 eut
1055 4299 1152 4352 saltem
1169 4294 1282 4362 propius
1300 4291 1421 4346 delinitum
1434 4280 1460 4332 lli

258 4381 380 4448 Ejusque
398 4381 463 4434 item
479 4386 536 4432 erat
554 4381 657 4446 duplen¹
674 4383 761 4433 torma
778 4397 809 4434 ec
827 4384 896 4438 finis.
914 4384 1007 4438 Unum
1024 4388 1082 4438 erat
1100 4383 1182 4445 illud,
1199 4381 1275 4450 quod
1291 4378 1319 4432 in
1335 4379 1412 4430 locum
1424 4364 1461 4416 vll·

257 4463 325 4515 dicis
343 4464 426 4517 dandi
444 4465 590 4527 successim
609 4467 643 4518 de
660 4479 748 4533 eoque
761 4464 952 4535 intelligendus
971 4469 1057 4536 Gajns
1075 4469 1123 4520 IV.
1138 4467 1159 4534 t.
1173 4470 1226 4530 46,
1245 4463 1293 4518 ubi
1308 4463 1408 4518 torsitsu
1421 4455 1461 4518 Ροςι

257 4549 356 4604 verber
381 4564 496 4619 „neque
510 4549 645 4606 viudmem
663 4551 798 4616 dederit'’,
816 4552 980 4620 cogitatione
996 4554 1182 4622 supplendum
1199 4551 1266 4607 erit:
1283 4561 1368 4616 neque
1382 4537 1460 4603 biddu*
