3062 5156
632 363 708 430 Lm.
733 363 758 430 1
783 361 863 432 Tm.
890 362 1018 430 xxm.

778 539 809 619 §.
829 539 861 602 u

376 652 795 724 dammartin-tunm,
815 653 1287 723 (unvammeins).

282 754 587 819 Finiebaturetiam
608 754 780 816 mulierum
800 756 908 820 tutela
921 771 1006 818 tuus
1022 773 1133 819 rurum
1148 756 1392 831 salaminon
1409 773 1461 818 m·

199 879 379 945 monuit,
404 861 680 947 quemadmodum
701 881 799 945 supra
816 881 882 926 ms.
901 883 928 923 1.
945 879 1014 926 rur.
1029 883 1123 924 mr.
1141 885 1174 924 n.
1188 863 1241 925 22
1260 863 1462 926 observavi-

199 993 278 1034 mus.
309 971 395 1034 Nam
420 977 614 1044 constater
639 969 776 1052 Ulpian.
802 971 930 1052 Frogm.
955 989 1069 1034 mr.
1092 970 1123 1032 3
1144 971 1298 1054 ingenuis
1322 969 1460 1032 feminis

199 1081 320 1148 tubus:
333 1078 516 1140 libertabus
534 1097 617 1159 opus
632 1077 733 1139 fuisse
750 1088 886 1159 quotuor
901 1079 1015 1150 meru,
1032 1078 1059 1139 si
1078 1077 1185 1140 tutela
1203 1077 1295 1140 exire
1313 1075 1461 1139 vellent.

198 1185 294 1248 Horis.
316 1185 498 1248 Praeterea
520 1184 622 1247 tutori
639 1184 751 1265 licuit,
778 1205 815 1246 se
830 1186 977 1247 obds‘oore
996 1189 1112 1258 tutelo,
1127 1187 1149 1247 i.
1168 1207 1198 1248 e.
1211 1185 1343 1268 dicere,
1362 1182 1460 1247 nolle

198 1313 235 1356 se
253 1301 396 1356 tutorem
415 1313 503 1368 esse3
522 1313 589 1375 quo
606 1290 740 1375 quidem
756 1291 847 1354 facto
869 1292 968 1356 desiit
986 1313 1058 1355 esse
1072 1301 1165 1355 tutor
1177 1293 1224 1372 f).
1252 1291 1351 1369 Quae
1368 1300 1460 1355 tute·

198 1401 255 1463 lae
277 1400 445 1464 abdicatio
470 1419 581 1484 neque
604 1420 676 1461 cum
700 1396 851 1461 cessione
871 1399 998 1463 tutelae
1026 1399 1266 1464 commiscenda
1288 1411 1341 1463 est
1366 1399 1459 1478 (vid.

199 1507 268 1570 Tit.
285 1523 451 1570 xiii-xx.
465 1507 494 1588 §.
509 1507 591 1587 18),
609 1527 719 1590 neque
735 1528 808 1570 cum
821 1509 1037 1572 excusatione
1056 1515 1213 1588 tutorum,
1225 1527 1291 1590 qua
1305 1507 1460 1590 pupillo-

198 1636 268 1678 rum
283 1623 412 1678 tutores
425 1614 475 1678 uti
490 1635 626 1678 necesse
639 1615 824 1697 habebant,
844 1625 881 1680 ut
896 1639 916 1679 a
931 1614 1037 1680 tutela
1057 1614 1279 1678 liberarentur
1292 1619 1340 1694 t).
1355 1613 1459 1676 Masi.

616 1959 702 2024 LIB.
723 1961 750 2024 1.
772 1961 865 2025 TIT.
886 1960 1027 2026 XXIII.

807 2129 844 2166 DE

477 2249 1169 2345 cusauoslousa

283 2428 570 2507 Quemadmodum
592 2437 712 2492 tutores
732 2431 898 2516 personis,
915 2430 963 2494 ita
987 2447 1195 2496 contrusus.
1207 2433 1307 2494 rebus
1329 2431 1458 2496 daban-

200 2545 254 2600 tur
266 2535 313 2618 l’),
330 2556 468 2620 quorum
487 2536 583 2621 origo
599 2537 664 2599 erit
679 2558 722 2600 ex
738 2538 989 2622 antiquitatibus
1003 2537 1198 2621 repetenda.

790 2689 819 2770 ς.
841 2687 871 2749 1.

659 2805 803 2858 voratores
819 2805 998 2874 quotupls'oest

285 2903 462 2968 Curatores
482 2913 539 2969 aut
559 2923 713 2970 tumuisti
731 2913 842 2988 eraut,
861 2916 919 2970 aut
936 2921 1135 2970 uouomu.
1151 2904 1208 2968 Illi
1223 2904 1357 2989 legibus
1378 2903 1455 2967 XII
1529 2929 1530 2988 j

200 3011 413 3093 Tabularum,
430 3013 465 3075 bi
479 3012 590 3078 edicto
606 3013 777 3077 Praetoris
790 3012 960 3076 debebant
975 3013 1156 3097 originem:
1170 3011 1306 3095 Ulpiau.
1317 3013 1455 3094 Frogm.
1529 3017 1530 3072 ζ

201 3119 276 3179 ΧΠ.
292 3119 322 3182 1.
348 3120 591 3184 Ibatumentorsi‘
607 3142 675 3185 non
698 3129 809 3202 erant,
833 3122 911 3205 quia
932 3122 1006 3185 Lex
1025 3120 1100 3183 XII
1122 3119 1326 3184 Tabularum
1349 3120 1455 3202 patri-
1529 3158 1530 3168 κ

199 3209 340 3290 familias
360 3229 406 3318 ¹du
427 3232 543 3302 tutelo,
561 3249 627 3294 uon
655 3237 766 3292 autem
791 3231 832 3292 ds
851 3234 1015 3292 soranum
1034 3226 1149 3310 legare
1172 3226 1228 3289 vel
1249 3234 1453 3290 testamento

201 3332 377 3418 disponere
397 3335 599 3417 permiserat.
625 3336 719 3421 [Nec
736 3344 833 3419 pater
854 3335 968 3398 testari
990 3342 1123 3418 poterat
1145 3355 1244 3417 super
1265 3333 1375 3398 tutela
1397 3332 1452 3396 vel

199 3440 327 3504 familia
339 3439 518 3506 liberorum
536 3443 569 3505 in
585 3463 660 3506 eum
680 3466 806 3527 casum,
823 3465 890 3528 quo
911 3443 975 3527 ipsi
995 3440 1096 3506 liberi
1117 3449 1351 3506 testamentum
1372 3461 1453 3502 con-

201 3547 282 3611 dere
306 3556 452 3630 possent.
473 3548 588 3612 Simile
615 3551 695 3634 quid
722 3553 756 3614 in
779 3552 1013 3616 substitutione
1033 3549 1189 3634 pupillari
1214 3546 1454 3612 animadverti-

198 3672 287 3718 mus:
307 3655 345 3716 1.
360 3653 389 3716 7.
408 3656 447 3717 1.
467 3656 518 3718 14.
532 3658 575 3717 1).
589 3658 629 3718 do
649 3658 742 3741 Vulg.
756 3670 787 3722 et
796 3681 875 3742 pop.
889 3655 1027 3740 substit.]

271 3859 302 3926 1)
322 3857 384 3924 Uip.
402 3858 451 3912 Fr.
469 3859 522 3910 XI.
542 3863 583 3913 17.
610 3859 695 3915 Mitt.

260 3943 302 4010 lg)
322 3943 441 3995 Rudortl
455 3942 473 3995 t.
492 3942 510 3994 1.
528 3945 550 3996 l.
567 3945 589 4012 ξ.
606 3952 649 4000 40.
666 3965 693 4015 p.
710 3952 771 4001 311.
789 3963 830 4014 sq.
847 3945 930 3997 Num.
947 3944 998 4018 III.
1016 3941 1105 3996 urst.

269 4028 301 4094 a)
321 4027 363 4080 Gt.
380 4028 425 4081 Io.
443 4029 530 4081 Glieb.
550 4031 643 4097 Segeri
661 4034 721 4085 dtas.
739 4031 825 4082 brevis
846 4045 973 4083 curarum
996 4028 1115 4080 tritonis.
1143 4025 1218 4092 Lips.
1238 4030 1318 4080 1763.
1335 4033 1363 4081 4.
1381 4034 1410 4080 et
1426 4029 1454 4082 iu

200 4125 293 4178 opusc.
312 4111 375 4163 Vol.
392 4111 414 4164 1.
431 4127 458 4177 p.
478 4115 524 4164 111
535 4119 636 4168 -143,
654 4115 743 4170 Haud.
1307 4131 1313 4136 '

269 4198 302 4264 b)
322 4196 369 4250 Sio
386 4197 453 4250 alius
464 4198 587 4268 plerique
599 4200 786 4264 remotiorum,
804 4205 916 4267 propter
926 4215 972 4262 ou,
990 4213 1061 4266 quse
1079 4198 1205 4263 teguntur
1222 4197 1278 4262 §.t-
1289 4195 1315 4246 I.
1332 4197 1383 4264 apsi
1398 4203 1454 4248 test.

200 4291 248 4334 tut.
267 4283 328 4334 dari
345 4290 457 4350 possunt
472 4287 499 4334 et
516 4284 548 4335 1..
569 4289 608 4336 14.
629 4285 664 4337 D.
682 4287 714 4337 de
731 4285 929 4338 testamentoria
946 4291 992 4335 tut.
1010 4283 1100 4350 „quio
1116 4295 1261 4347 personae,
1279 4293 1337 4331 non
1354 4295 1455 4332 causae

199 4367 243 4420 rol
260 4367 299 4420 rei
319 4368 422 4435 (tutor)
442 4367 550 4419 damr.”
569 4368 647 4430 Quae
665 4373 763 4431 umen,
782 4366 922 4436 quomodo
934 4365 1111 4432 intelligenda
1124 4365 1188 4430 sint,
1201 4363 1257 4417 vid.
1269 4365 1304 4418 de
1315 4364 1393 4417 stiur
1405 4365 1423 4416 1.
1436 4365 1454 4416 t.

199 4464 226 4515 p.
247 4453 279 4502 16
289 4479 321 4490 ·-
330 4455 373 4506 24.
392 4451 426 4502 du
444 4449 579 4517 savigny:
597 4451 696 4518 Beros
706 4467 818 4502 amarer
837 4451 896 4502 Zeit
904 4449 960 4516 fiir
981 4449 1180 4517 Gesetaqstunq
1198 4467 1224 4515 p.
1242 4454 1300 4502 103.
1315 4465 1378 4517 sqq.
1396 4451 1453 4500 Ru·

199 4534 272 4586 dorii
286 4533 303 4586 1.
322 4535 339 4586 l.
359 4537 380 4587 1.
398 4550 424 4600 p.
442 4538 485 4587 46.
503 4549 562 4603 sqq.
583 4534 669 4587 Mitlt.
