3080 5154
252 363 575 448 ornationem
603 365 764 436 Persian
790 369 876 436 Por.
904 365 1091 436 Sonvmnn.
1232 371 1304 439 153

632 543 662 624 s.
682 541 712 604 a.

577 657 614 710 Et
630 658 672 712 11.
690 658 767 713 ritib.

132 759 242 836 Quum
256 779 339 823 vero
361 779 404 820 ex
425 757 596 843 principiis
608 751 698 844 ¹juris
712 759 857 824 Romani
872 771 908 826 et
921 761 962 843 ii,
977 760 1034 846 qui
1050 775 1182 824 cnP1n1s
1201 778 1303 824 nunr-

65 885 239 948 nuncnunc,
254 865 311 931 vel
326 866 511 949 maximam,
527 867 581 931 vel
599 867 751 951 mediam,
767 865 899 932 fuerant
912 870 1009 954 passi,
1025 868 1168 933 civiliter
1183 867 1304 932 mortui

64 977 255 1040 viderentur:
279 976 316 1039 L·
329 975 380 1038 63.
395 976 424 1056 §.
432 980 495 1058 fin.
513 978 554 1036 D.
568 977 636 1038 Pro
653 981 751 1051 socio,
768 976 973 1057 factumest,
992 983 1027 1040 ut
1042 975 1098 1040 vel
1118 983 1232 1060 patre,
1246 974 1303 1039 vel

64 1083 120 1146 filio
140 1084 250 1167 capite
274 1083 457 1164 deminuto,
480 1083 588 1168 patria
611 1090 759 1168 potestas
786 1085 980 1150 solveretur.
1002 1085 1083 1148 Erat
1109 1084 1197 1146 enim
1219 1082 1303 1148 hacc

64 1192 180 1276 propria
196 1192 319 1256 civium
335 1191 571 1256 Romanorum.
590 1192 738 1256 Maxima
752 1213 833 1256 vero
850 1192 966 1278 capitis
981 1191 1163 1256 deminutio
1179 1213 1303 1274 servos,

63 1301 156 1364 media
172 1299 331 1376 ἀπόλιδας
347 1299 525 1363 efficiebat.
546 1298 652 1384 Atqui
667 1301 752 1366 servi
769 1309 804 1364 et
818 1300 988 1385 peregrini
1010 1320 1072 1364 nec
1090 1299 1226 1376 habere,
1240 1319 1303 1365 nec

64 1430 121 1474 esse
134 1417 293 1493 poterant
306 1409 341 1473 iu
359 1407 469 1493 patria
482 1415 665 1492 potestate:
681 1407 768 1472 Plin.
784 1409 884 1491 Eprtst.
901 1408 942 1471 X.
956 1407 987 1472 6.

632 1561 661 1642 s.
681 1559 712 1623 a.

286 1678 363 1736 Quae
380 1686 468 1761 tamen
476 1677 544 1748 jare
558 1677 675 1746 postlim.
694 1683 719 1727 et
736 1677 899 1729 restitutione
917 1675 1066 1730 tollebatur.

130 1781 219 1843 Hinc
235 1780 442 1864 captivitate,
455 1778 614 1842 servitute
633 1799 775 1863 poenae,
792 1800 897 1864 aquae
910 1784 944 1841 et
955 1778 1040 1864 ignis
1055 1776 1302 1859 interdictione,

66 1887 295 1972 deportatione,
309 1888 379 1951 sive
396 1888 497 1972 patris
513 1887 583 1949 sive
599 1886 671 1967 filii,
682 1895 828 1972 potestas
843 1885 951 1970 patria
967 1886 1117 1950 cessabat
1132 1885 1177 1966 1’).
1192 1883 1303 1948 Priori

66 2005 156 2060 tamen
172 2019 251 2062 casu
266 1997 328 2060 illa
343 1995 559 2082 postliminio,
573 1994 668 2078 (Gaji
683 1993 897 2075 lusanae.)
916 1991 1153 2079 posterioribus
1168 1993 1304 2056 restitu-

67 2105 139 2168 tione
153 2105 308 2190 plenaria
323 2111 456 2188 poterat
471 2103 675 2188 recuperari:
690 2103 769 2166 J..1.
787 2104 819 2165 0.
834 2103 873 2165 de
889 2104 975 2166 Sent.
983 2123 1072 2185 paee.
1086 2100 1167 2165 Ant.
1176 2097 1301 2164 Schult.

66 2215 99 2275 nd
114 2217 186 2298 Gajs‘
202 2215 283 2277 Inst.
299 2214 324 2275 Ι.
338 2213 368 2296 §-
383 2212 413 2274 1.
429 2233 463 2294 p.
481 2210 531 2273 47.

636 2324 667 2406 §-
687 2323 718 2386 4.

434 2416 438 2425 ¹
490 2441 546 2492 Nee
564 2457 617 2492 non
635 2439 694 2493 ΙΙΙ.
714 2438 861 2508 adoptione.

132 2540 332 2627 Exspirabat
358 2539 457 2605 etiam
481 2550 629 2628 potestas
654 2539 763 2626 patria
780 2555 994 2603 nnorrtortn:
1015 2559 1082 2601 non
1103 2536 1193 2623 quod
1217 2535 1303 2599 filius

67 2648 201 2734 suijuris
221 2651 334 2731 fieret,
357 2649 414 2712 sed
437 2649 528 2734 quod
543 2650 578 2713 in
598 2649 696 2714 aliam
717 2656 853 2734 gentem
875 2646 1007 2733 aliaque
1028 2668 1119 2710 sacra
1139 2643 1304 2711 transiret.

68 2754 135 2818 Vid.
149 2779 240 2843 supra
263 2759 321 2821 lit.
335 2757 393 2819 XI.
406 2757 457 2820 19.

640 2867 670 2948 §-
691 2866 721 2928 5.

509 2981 547 3034 Et
562 2979 615 3033 IV.
633 2981 849 3051 emancipatione.

135 3081 200 3146 Sed
215 3083 412 3169 praecipuus
427 3082 553 3161 modus,
570 3104 635 3167 quo
651 3083 760 3167 patria
775 3087 922 3168 potestas
940 3101 1037 3166 quam
1051 3078 1303 3143 sollemnissime

67 3189 252 3274 solvebatur,
269 3199 341 3255 erat
354 3208 596 3276 Ennuclenrro,
613 3213 698 3277 quae
714 3192 758 3255 ob
773 3191 950 3276 triplicem,
967 3208 1051 3272 quae
1064 3185 1203 3249 subinde
1216 3186 1305 3248 facta

68 3307 116 3380 cst,
129 3302 354 3384 mutationem,
369 3301 403 3365 in
423 3317 596 3383 munnam,
615 3299 685 3362 sive
701 3302 887 3382 legitimam,
900 3310 1181 3378 ANAsrnsmNnnr,
1199 3300 1233 3356 et
1249 3308 1306 3355 ,ιυ-

69 3421 264 3474 snrursnnnu
280 3408 454 3473 dividitur:
473 3410 502 3490 S.
518 3408 548 3471 6.
562 3408 641 3470 Inst.
656 3408 684 3468 tr.
701 3416 722 3470 t.
737 3411 780 3490 0).
1270 3381 1281 3400 ’

123 3615 151 3684 b)
171 3617 247 3682 Ergo
267 3613 382 3667 durante
403 3613 559 3682 captivitate
578 3612 626 3681 jus
642 3611 747 3680 patriae
764 3611 906 3678 potestatis
925 3627 981 3664 non
998 3613 1026 3664 tn
1043 3631 1167 3682 stupeam
1185 3617 1257 3676 crat,
1275 3614 1307 3662 nt

68 3697 172 3766 loquitu
188 3701 255 3768 Ulp.
272 3701 382 3769 braym.
403 3701 441 3752 X.
455 3705 479 3753 4.
495 3699 516 3767 t.
527 3704 553 3752 ὁ.
566 3699 632 3752 Inst.
647 3698 673 3751 Ιι.
685 3706 703 3750 t.
721 3697 770 3750 sed
787 3698 868 3764 plane
885 3697 1081 3763 perimebatur3
1100 3703 1128 3751 et
1144 3696 1307 3764 postliminii
1361 3731 1368 3740 ,

69 3781 159 3839 demum
173 3786 239 3853 jure
256 3785 481 3854 temperabatur,
500 3784 565 3853 quia
582 3783 749 3852 fingebatur,
767 3781 936 3849 postliminio
954 3799 1092 3838 reversum
1110 3799 1260 3853 numquam
1277 3781 1306 3834 in

68 3869 205 3934 captivitate
224 3870 322 3924 tuisse:
341 3872 367 3922 d.
383 3871 403 3937 ἓ.
420 3877 447 3924 5.
465 3871 532 3924 Inst.
549 3870 574 3922 Ιι.
594 3879 613 3921 t.
631 3871 664 3922 L.
685 3873 725 3922 16.
744 3869 780 3920 D.
793 3869 824 3920 de
845 3867 920 3937 Capt.
938 3877 964 3920 et
972 3869 1089 3937 postlim.
1107 3868 1180 3922 Hinc
1198 3864 1306 3931 captivo

67 3959 144 4020 patre,
160 3956 239 4009 liberi
257 3954 347 4008 valide
360 3955 471 4022 nuptias
489 3958 660 4019 contrahere,
681 3953 788 4019 testari,
812 3953 975 4006 hereditates
1000 3955 1075 4007 adire
1093 3952 1226 4020 poterant.
1250 3950 1306 4004 Ubi

67 4052 121 4090 vero
136 4047 210 4107 pater
227 4041 397 4109 postliminio
415 4041 531 4109 patriam
542 4045 704 4107 potestatem
716 4043 861 4105 receperat,
879 4039 929 4092 filii
943 4057 978 4092 ex
989 4038 1092 4104 nuptiis
1104 4039 1158 4092 illis
1171 4035 1306 4104 procreati

68 4119 260 4190 icpctcstatem
284 4127 329 4178 avi
346 4126 504 4193 veniebant,
522 4127 596 4180 bona
612 4143 630 4179 a
647 4123 710 4178 filiis
736 4123 874 4193 adquisita
899 4125 959 4192 ejus
982 4129 1072 4188 mant,
1091 4127 1306 4189 testamentaque

68 4222 148 4263 corum
164 4214 241 4265 nulla
258 4217 348 4275 erant3
366 4217 395 4264 at
411 4213 522 4278 nuptias
540 4210 694 4265 rescindere
711 4216 787 4277 pater
805 4226 861 4262 non
878 4211 935 4263 fere
952 4213 1067 4276 poterat.
1086 4211 1216 4262 Thomas.
1234 4208 1305 4260 Deis.

68 4291 98 4342 ed
112 4293 134 4347 ln
148 4305 164 4350 t.
181 4316 203 4349 c.
223 4303 247 4350 l.
265 4300 289 4362 ς.
304 4303 331 4350 ὁ.
344 4315 375 4367 p.
393 4303 418 4351 ὁ.
436 4298 578 4372 ες..Ηιι“π.
605 4297 646 4350 Gt.
665 4297 697 4348 L.
715 4301 740 4350 9.
758 4298 779 4364 ξ.
795 4301 819 4350 l.
838 4297 926 4350 1..1o.
943 4288 976 4349 L.
996 4299 1036 4347 ll.
1055 4295 1090 4347 D.
1110 4295 1141 4346 de
1158 4297 1214 4348 ratu
1231 4301 1306 4362 nupt.

68 4374 94 4429 Ι..
111 4383 147 4433 12.
164 4382 184 4449 §.
202 4386 228 4435 0.
247 4383 283 4435 D.
302 4383 333 4434 de
351 4385 445 4452 captia.
463 4391 489 4436 et
501 4383 617 4452 postlim.
643 4382 732 4436 Mtte.

126 4466 152 4532 c]
172 4468 246 4520 Gerl.
265 4467 419 4536 Schcltinga
439 4468 608 4522 Diss.1.11.
632 4469 663 4520 de
681 4464 906 4537 emancipationii.
924 4466 1030 4522 Franci.
1050 4469 1125 4522 1⁷30.
1144 4467 1219 4518 1731.
1236 4467 1262 4518 4.
1279 4465 1307 4516 et

68 4542 279 4620 inlellenbergii
292 4552 406 4622 jurispr.
423 4559 478 4608 ant.
497 4555 528 4610 Τ.
546 4555 583 4610 11.
599 4569 627 4622 p.
644 4557 696 4608 449
712 4585 742 4596 -
755 4557 816 4610 650.
845 4549 934 4606 Hand.
