3030 5160
230 405 302 474 50⁰
596 396 674 464 Lm.
700 397 761 464 lll.
787 395 872 464 Tru.
897 394 1110 483 1X.(v111.)

234 577 334 654 bona,
357 571 383 635 si
406 570 532 634 liberos
554 570 716 636 haberent
743 569 884 636 heredes
906 569 962 634 vel
988 571 1149 634 bonorum
1170 591 1377 652 possessores,
1392 573 1463 636 nibil

233 683 318 766 juris
333 688 473 762 patrono
487 686 590 742 esset:
610 679 661 742 sin
676 679 746 742 sine
766 677 881 742 liberis
902 676 1105 740 decesserint
1125 676 1285 759 intestati,
1302 679 1341 742 ad
1352 701 1463 742 omnem

236 788 456 852 hereditatem
474 786 605 870 patroni
620 793 825 869 patronaeve
837 791 1050 860 vocarentur3
1072 783 1121 846 sin
1139 805 1220 847 vero
1232 785 1369 850 feceriut
1379 793 1465 849 testa-

236 903 392 974 mentum,
416 901 640 978 patronosque
667 898 723 956 aut
744 902 899 976 patronas
925 891 1167 974 praeterierint,
1192 892 1228 956 lri
1244 914 1305 976 per
1324 895 1464 957 bonomm

235 1003 474 1088 possessionem
497 1000 629 1064 tertiam
652 999 814 1063 bonorum
834 1006 979 1082 partem,
1002 1001 1093 1078 (non
1114 1005 1150 1062 ut
1171 1007 1272 1062 antea
1294 999 1463 1080 dimidiam)

238 1117 529 1194 consequerentur,
545 1107 607 1186 ita,
627 1117 663 1172 ut
683 1128 756 1170 eam
772 1105 960 1190 portionem
984 1105 1054 1168 sine
1079 1126 1182 1168 onere
1197 1106 1375 1186 baberent,
1392 1115 1420 1168 et
1431 1129 1466 1168 ne

236 1219 352 1302 legata
368 1215 502 1300 quidem
512 1215 765 1280 ,fideicommissa
780 1212 894 1276 liberis
908 1213 1022 1278 liberti
1036 1212 1222 1277 libertaeve
1246 1223 1409 1296 praestare
1421 1236 1468 1276 co·

99 1337 114 1364 ·
237 1333 404 1411 gerentur.
419 1324 478 1389 Jus
488 1343 588 1406 porro
604 1321 689 1386 illud
704 1321 949 1386 succedendiin
964 1319 1060 1385 bonis
1073 1319 1268 1385 libertorum
1285 1320 1308 1383 J
1310 1322 1466 1384 ustinianus

238 1433 338 1496 etiam
362 1429 405 1494 ad
426 1429 637 1494 collaterales
658 1435 871 1512 patronorum
896 1436 1122 1512 cognatosque
1146 1447 1250 1512 usque
1277 1427 1322 1490 ad
1343 1428 1466 1512 quintum

238 1539 374 1626 gradum
396 1537 566 1601 extendit:
594 1536 623 1616 §.
644 1535 674 1599 3.
697 1539 775 1600 Inst.
797 1538 826 1600 Ιι.
844 1546 866 1598 t.
895 1535 1071 1619 Denique,
1093 1534 1222 1598 sublata
1241 1534 1421 1598 Latinitatis
1439 1543 1465 1596 et

239 1646 463 1713 dedititiorum
486 1644 696 1725 conditione,
713 1644 863 1708 omnibus
883 1643 1069 1726 promiscue
1089 1641 1253 1704 libertinis
1276 1641 1410 1704 testandi
1421 1642 1465 1724 jas

238 1754 387 1819 indulsit:
409 1754 447 1814 L.
462 1773 516 1814 un.
534 1751 566 1812 0.
582 1752 621 1813 de
638 1749 711 1813 Lot.
727 1753 775 1814 lr'lr.
792 1753 855 1813 toll.
868 1757 899 1810 et
915 1748 1024 1836 epm.
1042 1750 1074 1810 0.
1090 1751 1130 1811 de
1143 1751 1224 1810 Ded.
1240 1750 1290 1810 ab.
1308 1751 1369 1809 rota
1383 1747 1465 1810 adeo

230 1881 304 1946 ‚que
319 1859 467 1943 patronis
481 1857 536 1922 vel
554 1859 610 1942 jus
634 1842 741 1939 suum,
758 1856 811 1920 vel
835 1855 950 1920 saltem
972 1866 1099 1940 partem
1122 1863 1274 1941 speratae
1296 1853 1465 1918 hereditatis

238 1989 304 2031 non
325 1967 478 2049 exiguam
498 1965 630 2029 ademit.

595 2286 683 2350 LlB.
703 2286 766 2350 Ill.
789 2286 881 2350 TIT.
903 2287 969 2350 lX.
994 2284 1126 2366 (Vlll.)

846 2448 881 2484 DE

465 2567 871 2644 ADSIGNATIONE
896 2567 1261 2644 LIBER'l'ORlJM.

318 2751 536 2815 Ansrcnarro
553 2755 774 2813 nlssnn'roirun
796 2750 900 2814 veluti
916 2751 1071 2835 exceptio
1089 2759 1160 2814 erat
1174 2751 1287 2835 legum
1305 2753 1347 2816 de
1362 2773 1462 2815 succes·
1498 2829 1499 2840 ἵ

191 2907 202 2936 ,
237 2862 329 2925 sione
352 2859 556 2922 libertorum.
577 2855 662 2919 Nam
679 2857 770 2941 quod
786 2857 991 2945 generaliter
1009 2858 1179 2941 superiore
1202 2859 1303 2924 titulo
1319 2859 1459 2924 definitum
1498 2861 1499 2865 ’

237 2975 304 3046 est,
328 2965 459 3049 patroni
479 2962 621 3045 liberos,
643 2973 773 3029 mortuo
797 2974 951 3050 parente,
973 2965 1088 3050 aequis
1109 2965 1318 3048 portionibus
1338 2967 1370 3030 in
1391 2963 1460 3028 banis

236 3075 430 3138 libertorum
451 3072 638 3151 succedere,
653 3071 688 3134 id
702 3072 787 3135 hanc
806 3071 934 3136 babere
947 3070 1179 3156 exceptionem
1194 3073 1400 3158 intelligitur,
1417 3067 1460 3132 nisi

237 3180 293 3244 uni
321 3201 363 3242 ex
385 3179 499 3243 liberis
531 3180 686 3245 libertum
713 3178 939 3264 adsignaverit
966 3189 1133 3265 patronus.
1162 3179 1259 3258 Quae
1281 3196 1459 3248 Ansrunlrro

237 3287 343 3372 qualis
359 3287 477 3370 fuerit,
492 3287 534 3352 ad
550 3288 635 3351 hunc
651 3285 781 3349 titulum
798 3286 983 3350 docendum
1000 3293 1058 3349 est.

817 3464 847 3545 ς.
870 3463 901 3525 1.

551 3579 624 3632 Jura
640 3586 798 3658 potronatus=
814 3579 842 3630 in
859 3594 973 3647 qrconom
991 3577 1173 3630 constiterant?

318 3695 404 3758 Satis
428 3694 539 3779 opima
565 3695 645 3758 olim
676 3703 771 3758 erant
789 3697 867 3781 jura
888 3702 1093 3782 patronatus,
1121 3695 1263 3759 Praeter
1288 3717 1376 3780 spem
1395 3689 1456 3754 enin
1495 3763 1496 3781 χ

237 3803 449 3866 successionis
472 3823 542 3866 cum
565 3803 629 3866 isto
644 3805 722 3888 jure
744 3804 968 3888 conjunctam,
984 3801 1026 3865 de
1050 3824 1115 3886 qua
1140 3803 1239 3866 titulo
1262 3801 1457 3886 praecedente

237 3918 354 3990 actum,
364 3919 506 3992 patrono
522 3909 730 3975 debebantur
744 3931 878 3995 operae,
894 3908 993 3990 dona,
1009 3929 1160 3972 munera:
1171 3909 1239 3972 vid.
1256 3911 1329 3974 Jac.
1344 3903 1456 3973 Oiselius

236 4017 280 4078 od
292 4018 369 4098 Goja‘
381 4016 459 4078 lost.
477 4018 518 4078 ΙΙ.
531 4017 606 4078 9.·4.
616 4039 649 4099 p.
665 4040 703 4082 m.
715 4018 787 4080 156.
809 4019 880 4080 lino
896 4015 1045 4097 libertus,
1062 4039 1128 4080 non
1145 4017 1260 4100 minua,
1276 4039 1371 4102 quam
1386 4011 1456 4082 filius,
1494 4029 1495 4087 l

236 4123 326 4188 alere
343 4123 519 4188 tenebatur
532 4133 725 4208 patronum,
739 4146 799 4209 pro
819 4124 918 4187 modo
934 4123 1144 4204 facultatum,
1160 4124 1188 4188 si
1201 4124 1228 4186 is
1245 4125 1288 4188 ad
1305 4128 1455 4209 egestatem

235 4239 408 4313 vergeret:
428 4229 551 4295 Paulus
565 4232 721 4296 Sententt.
740 4234 880 4314 Recepta
895 4233 937 4292 ΙΙ.
951 4229 1003 4291 32.
1018 4230 1048 4290 1.
1063 4231 1099 4291 L.
1113 4231 1144 4292 5.
1159 4231 1187 4311 §.
1202 4229 1252 4292 18.
1269 4239 1305 4294 et
1319 4233 1355 4293 In
1370 4230 1416 4290 ait
1430 4222 1456 4280 1)-
1493 4233 1494 4250 l

237 4337 278 4408 da,
291 4339 447 4419 Adgnosc.
464 4347 495 4399 et
512 4339 614 4400 atend.
633 4341 680 4401 lr'b.
703 4338 802 4403 Unde
819 4335 969 4422 opulenti
986 4335 1098 4399 liberti
1112 4336 1216 4400 velati
1232 4359 1307 4422 pars
1323 4331 1455 4423 quaedam

238 4451 331 4506 erant
354 4441 563 4528 patrimonii,
585 4453 619 4508 et
636 4445 712 4529 jure
735 4448 761 4508 is
785 4443 934 4528 locuples
961 4444 1144 4526 videbatur,
1167 4445 1219 4508 cui
1243 4445 1353 4529 plures
1374 4437 1454 4504 essent

236 4547 349 4613 liberti
363 4549 607 4633 locupletiores.
