3030 5160
375 337 432 406 Da
458 339 657 408 Vsnaonms
681 335 986 408 Oamearrorrsus.
1235 349 1307 416 trs

46 515 210 600 Ejusdem
233 522 343 578 tamen
374 512 504 578 virtutis
531 521 602 576 erat
628 513 811 596 responsio,
841 523 1004 599 concepta
1029 515 1307 600 impersonaliter,

46 623 162 706 qualis
174 630 225 686 est
235 620 294 684 illa
306 619 394 703 apud
406 619 556 684 eumdem
568 619 721 687 Plautum
734 621 880 684 Pseudol.
890 626 960 686 Aet.
971 625 993 684 I
993 623 1028 686 V.
1043 645 1086 687 se.
1099 623 1130 686 6.
1144 644 1171 685 o.
1183 624 1235 689 14.
1242 648 1306 708 sqq.

220 745 301 806 mn.
323 743 457 806 Nullum
468 745 621 826 pernotum
635 750 692 814 est,
714 744 797 824 quod
809 748 914 820 seiam,
930 747 1122 826 attitularier,

226 849 270 910 Ut
289 854 457 932 concepisti
468 850 571 922 verta,
597 849 719 931 Viginti
734 852 836 912 minas
978 835 983 844 ⁶

220 954 379 1016 strn’?
398 957 502 1017 Banu.
523 975 718 1018 urrunnun.

48 1079 106 1142 Cf.
124 1077 260 1141 Plautus
275 1079 423 1140 Booobtd.
438 1083 508 1138 Aet.
518 1076 624 1138 [Vae.
639 1075 669 1138 8.
687 1099 715 1138 o.
728 1077 779 1140 37.
790 1099 854 1159 sqq.
870 1076 995 1141 Saltem
1012 1079 1039 1142 si
1053 1079 1139 1144 servi
1149 1079 1195 1144 ita
1206 1081 1307 1166 stipu-

46 1186 115 1247 lati
139 1191 258 1264 essent,
279 1205 346 1246 non
376 1183 481 1246 minus
507 1184 727 1269 adquirebant
756 1183 906 1264 dominis,
929 1205 1026 1268 quam
1055 1189 1082 1250 si
1099 1187 1138 1250 iis
1160 1187 1308 1270 stipulati

48 1300 166 1355 essent
180 1290 386 1365 nominatim,
414 1289 470 1353 vel
496 1291 570 1371 sibi,
591 1290 648 1353 vel
664 1311 895 1356 conservorum
917 1292 1062 1356 cuidam:
1084 1295 1121 1356 L.
1139 1294 1190 1356 15.
1214 1298 1256 1356 D.
1272 1298 1310 1358 de

49 1399 170 1479 Stepwl.
188 1416 305 1460 servor.
326 1395 580 1481 Nonnumquam
603 1407 638 1460 et
661 1399 699 1479 is,
716 1399 773 1483 qui
793 1397 1000 1480 promiserat,
1023 1399 1135 1464 denuo
1156 1400 1309 1486 rogabat,

50 1515 98 1586 et,
126 1504 181 1589 qui
201 1511 390 1588 rogaverat,
412 1504 522 1569 denuo
545 1504 772 1587 promittebat,
799 1504 902 1589 idque
932 1507 1098 1572 vocabant
1117 1511 1309 1589 reetrpularr'.

50 1611 236 1695 Stipulatio
258 1631 338 1676 vero
359 1619 394 1674 et
415 1611 623 1695 restipulatio
646 1617 769 1694 sponsrb
793 1609 975 1676 dicebatur.
998 1613 1089 1676 Nota
1110 1620 1161 1678 est
1175 1615 1309 1698 sponsio

44 1718 238 1804 judicialis:
261 1719 435 1800 spondesne
451 1722 647 1802 quebgmtm,
667 1723 699 1782 at
711 1741 799 1782 meus
815 1723 880 1781 stt?
898 1721 1042 1800 spondeo,
1063 1725 1095 1783 st
1107 1731 1183 1784 tuae
1200 1727 1250 1785 sit.
1266 1724 1312 1785 lat

51 1837 88 1888 tu
107 1846 228 1909 quoque
255 1827 428 1907 spondeane
453 1829 647 1908 qarbgentos,
674 1831 711 1888 aa·
734 1836 808 1888 tuus
834 1829 899 1888 sit?
921 1829 1066 1907 spondeo,
1092 1832 1129 1890 ni
1143 1849 1230 1892 meres
1252 1834 1310 1892 sit:

54 1933 131 1996 Car.
143 1931 300 2018 Sigonius
318 1936 356 1995 de
370 1931 498 1996 Judr‘or‘is
512 1935 536 2014 L
551 1933 602 1996 21.
612 1955 646 2015 p.
657 1933 730 2006 466.
744 1938 786 2014 ⁰).
810 1931 983 2010 Quaerunt
997 1935 1178 2018 prudentes
1195 1937 1310 2017 nostri,

54 2061 115 2104 eur
129 2039 164 2102 in
180 2039 395 2123 stipulatione
411 2040 631 2122 interrogatio
647 2048 680 2102 et
696 2039 867 2122 responsio
879 2040 1075 2123 exigantur?
1090 2045 1135 2106 Et
1149 2044 1202 2108 hio
1217 2044 1310 2108 multi

54 2146 160 2211 multa
175 2146 316 2228 etgvaria
331 2146 502 2212 disserunt.
532 2144 601 2208 Sed
623 2153 717 2209 acute
741 2145 897 2209 observat
913 2145 1025 2210 Guido
1048 2148 1214 2212 Pancirol.
1234 2154 1309 2214 Ver.

55 2256 156 2316 Leott.
174 2253 299 2318 ulae
323 2252 408 2316 nihil
436 2273 576 2336 magnae
609 2252 669 2334 rei,
695 2260 729 2314 et
759 2272 845 2336 quae
875 2250 909 2313 in
937 2258 1133 2336 perpetuum
1158 2257 1309 2340 obligare
1340 2253 1343 2259 ’

55 2361 215 2441 deberet,
244 2359 314 2423 sine
344 2359 609 2445 interrogatione
642 2367 676 2420 et
706 2357 922 2442 responsione
956 2368 1082 2442 gestum
1121 2383 1193 2425 esse
1222 2364 1310 2447 apud

54 2469 237 2532 Romanos.
253 2465 354 2530 Tales
373 2466 460 2528 enim
472 2465 751 2550 interrogationes
770 2472 804 2527 et
821 2467 1053 2548 responsiones
1070 2468 1182 2551 factae,
1195 2470 1309 2534 obser-

55 2598 170 2639 vamus
185 2574 218 2638 in
235 2573 379 2636 ferendis
395 2573 525 2656 legibus
539 2571 799 2658 plebiscitisque,
807 2572 841 2634 in
853 2573 1003 2658 rogando
1020 2585 1146 2658 senatu,
1160 2577 1194 2641 in
1212 2579 1311 2643 adro-

56 2681 258 2767 gationibus,
294 2681 525 2744 contrahendis
548 2680 687 2764 nuptiis,
716 2681 899 2765 pangendis
926 2681 1134 2766 foederibus,
1156 2685 1311 2750 iacienda

56 2790 241 2869 deditione,
256 2796 293 2851 ut
313 2788 412 2851 facile
429 2789 598 2873 adpareat,
622 2789 834 2872 praecipuum
858 2807 991 2872 semper,
1008 2790 1107 2853 animi
1133 2790 1310 2856 deliberati

56 2900 186 2984 signum
207 2896 337 2961 Romae
360 2897 464 2961 visum
488 2915 559 2959 esse
582 2893 894 2976 interrogationem,
926 2916 964 2958 ac
979 2905 1151 2980 sequutam
1173 2921 1310 2983 respon-

56 3006 185 3068 sionem
204 3024 393 3086 congruam.

646 3156 675 3237 ς.
697 3152 728 3213 r.

464 3269 687 3338 Respondenrtum
706 3275 764 3319 erat
782 3284 905 3335 congrue.

141 3379 184 3445 Id
199 3400 297 3464 porro
315 3379 472 3442 adcurate
488 3386 560 3442 erat
571 3375 822 3457 observandum,
837 3383 873 3438 ut
888 3374 1144 3457 responderetur
1156 3398 1311 3464 congrue.

57 3488 149 3551 Hinc
165 3488 192 3550 si
208 3487 293 3550 alter
307 3495 440 3572 rogaret
456 3487 613 3572 quinque,
634 3485 720 3547 alter
735 3482 849 3544 decem
872 3481 1092 3566 promitteret,
1114 3485 1169 3548 vel
1184 3487 1210 3549 si
1226 3487 1312 3552 alter

57 3603 195 3680 rogaret
208 3616 302 3678 pure,
320 3594 405 3658 alter
427 3615 499 3656 cunr
522 3592 715 3658 conditione
738 3591 955 3674 promitteret,
975 3590 1101 3654 inutilis
1123 3602 1192 3658 erat
1208 3597 1312 3681 stipu-

57 3703 158 3770 latio:
181 3703 247 3784 §.ln
263 3705 343 3764 Inst.
357 3702 396 3762 de
404 3703 510 3763 Inserit.
527 3702 631 3784 stapel.
643 3696 839 3782 Exemplum
850 3705 899 3760 est
911 3698 997 3782 apud
1009 3699 1162 3765 Plautum
1175 3703 1312 3767 minum.

59 3813 131 3872 Aet.
147 3809 183 3872 V.
196 3830 292 3870 scena
306 3808 336 3870 2.
353 3829 379 3869 o.
389 3807 444 3870 '34
458 3829 502 3890 sq.
520 3805 629 3885 Quum
646 3807 733 3869 enim
749 3805 966 3892 interroganti
982 3807 1120 3892 Lysiteli
1130 3834 1151 3886 ιΔ

260 3931 416 4013 Sponden'
437 3951 514 4012 ergo
533 3940 620 3992 tuom
639 3940 771 4012 gnatam
787 3951 915 3993 oaorem
936 3931 1013 3989 milri
1020 3933 1036 3989 t

130 4172 160 4240 o)
180 4168 356 4224 Aoouratiore
374 4173 464 4218 tamen
483 4171 509 4218 ot
526 4165 601 4217 velut
617 4166 728 4233 propria
750 4164 880 4233 loquendi
897 4167 1000 4240 ratione
1027 4165 1130 4233 sponsio
1153 4172 1180 4218 et
1201 4167 1314 4235 rempu-

61 4259 124 4310 lota'o
142 4262 238 4310 contra
256 4259 406 4319 ponuntur,
423 4254 475 4304 hoo
489 4255 578 4316 paeto,
597 4256 628 4302 ut
644 4250 691 4302 illa
703 4249 814 4318 quidem
831 4251 867 4302 ad
885 4251 993 4314 actoris,
1012 4251 1077 4302 baso
1094 4266 1158 4302 vero
1170 4251 1204 4303 ad
1219 4251 1314 4303 adver-

61 4343 127 4396 sarii
141 4344 190 4410 jus
208 4340 350 4394 referenda
368 4339 417 4400 sit;
433 4353 516 4401 „nam
534 4342 609 4390 eotor
626 4341 757 4402 provocat
768 4335 953 4390 adversarium
972 4334 1129 4402 sponsione,
1142 4335 1206 4388 si-
1216 4363 1249 4378 -
1259 4352 1312 4388 non

62 4427 226 4492 exhibuerit,
244 4431 292 4480 aut
309 4441 365 4478 nou
382 4421 538 4486 restituerit,
557 4422 602 4476 illo
620 4425 709 4474 autem
733 4417 864 4472 adversus
881 4417 1054 4484 sponsionem
1073 4415 1313 4486 adversarii'resti·

63 4512 209 4580 pulatur.”
237 4510 299 4575 Gaj.
319 4508 365 4560 lV.
385 4507 406 4573 §-
422 4510 479 4560 165·
499 4505 539 4556 Cf.
560 4504 625 4558 ibid.
643 4504 717 4571 §.1:3.
735 4506 829 4572 §.Idm
847 4509 903 4558 167.
923 4508 979 4557 180.
998 4504 1084 4556 ruant.
