3062 5164
154 387 342 454 Aaronom
367 380 443 449 Ina.
466 380 494 448 l.
520 377 606 448 Gar.
631 377 691 448 1v.
713 378 768 446 lla
793 378 888 448 June
911 379 1192 451 Ριιοιιιιοιιιιιιιιι.
1235 383 1303 452 801

39 566 158 630 fuerat
183 563 241 648 jus
259 557 430 638 Italicum,
456 556 514 639 qui
537 556 608 640 agri
631 555 732 618 etiam
752 557 865 618 mani
878 555 1031 618 emendo
1050 554 1218 619 dicuntur:
1239 554 1308 618 Cic.
1400 543 1402 554 ’

36 693 97 756 pro
111 673 240 733 Macco
257 665 346 730 aaa.
374 665 496 729 Censui
513 664 599 726 enim
618 662 786 728 censendo
802 661 997 726 dicebantur
1010 664 1098 746 agri,
1117 663 1174 748 qui
1193 664 1308 728 venire

42 778 186 862 emique
211 781 370 860 poterant
383 774 461 858 jure
485 770 589 836 civili:
607 772 725 834 Festus
745 772 803 834 sub
820 791 903 834 voce
925 776 1097 852 ασκεω).
1117 771 1200 835 Jure
1218 770 1309 835 civili

42 887 97 952 vel
114 883 307 962 Quiritium
331 881 492 945 venibant
510 885 637 944 tanturn
657 899 709 942 res
726 877 877 962 mancipi.
904 878 945 940 In
960 898 1069 942 rerum
1092 886 1202 942 autem
1218 899 1310 944 man-

44 995 110 1078 cipi
125 1011 277 1056 numero
301 999 396 1054 erant
416 995 542 1053 tanturn
559 987 697 1072 praedia
718 984 781 1048 soli
805 984 925 1050 Italici.
948 985 1023 1050 Vid.
1039 986 1093 1049 Jo.
1109 985 1171 1050 Ge.
1190 983 1310 1050 Graov.

45 1105 87 1166 od
103 1102 170 1164 fflc.
190 1100 265 1164 ord.
281 1106 315 1161 et
328 1098 373 1162 ·V.
389 1096 427 1160 (l.
441 1093 625 1178 Schulting.
641 1096 771 1156 Adnott.
786 1095 831 1156 ad
849 1093 972 1176 Ulpium
981 1115 1017 1176 p.
1030 1093 1103 1160 619.

615 1311 696 1366 ῦΑΡ.
714 1313 762 1366 lv.

361 1449 425 1513 nn
446 1447 565 1514 suan
587 1447 953 1513 PROVINCIARUM
967 1453 1012 1532 ΙΙ).

640 1599 669 1680 §-
690 1598 742 1661 99.

574 1715 648 1774 Quid
656 1691 816 1784 provincio?

141 1833 347 1900 Durissimae
364 1834 398 1898 in
413 1833 495 1898 orbe
514 1833 669 1897 Romano
691 1833 892 1898 conditionis
916 1844 1011 1900 erant
1023 1837 1232 1921 provinciae,
1248 1862 1314 1926 quo

60 1947 194 2010 nomine
210 1942 399 2027 adpellatas
422 1948 551 2006 constat
566 1963 679 2004 omnes
694 1941 769 2007 illas
791 1940 962 2026 regiones,
978 1966 1059 2029 quas
1076 1945 1130 2010 vel
1145 1949 1241 2012 armis
1257 1949 1316 2013 de·

60 2056 173 2136 victas,
191 2052 247 2118 vel
264 2050 332 2115 alio
347 2049 447 2112 modo
468 2051 620 2114 redactas
635 2051 668 2112 in
685 2058 898 2133 potestatem,
914 2052 1158 2137 magistratibus
1176 2057 1241 2121 suis
1257 2058 1324 2122 ad-,

59 2160 293 2226 ministrandas
309 2158 530 2243 subjiciebant
541 2157 700 2220 Romani:
712 2159 829 2224 Festus
846 2163 905 2224 sub
918 2181 1001 2223 voce
1011 2165 1192 2241 monstratae
1201 2186 1233 2246 p.
1243 2164 1316 2228 384.

59 2273 296 2332 Plomma
309 2267 560 2349 adpellnbontnr,
573 2265 656 2348 qood
663 2271 800 2349 populos
809 2268 977 2358 ¹Romamne
993 2289 1046 2330 eoa
1056 2273 1199 2350 prooics't,
1214 2273 1248 2334 id
1260 2283 1317 2348 eat,

60 2387 137 2438 onte
161 2379 250 2436 vicit:
270 2373 387 2437 Isidor.
415 2373 501 2455 Ors'g.
524 2373 614 2434 XIV.
633 2373 662 2434 5.
686 2377 917 2436 Pnorrncran
939 2395 975 2435 ec
997 2396 1112 2436 cnosso
1137 2379 1319 2442 vocobulum

60 2491 262 2566 occeperunt.
278 2481 482 2562 Prr'ncipatuc
498 2485 801 2564 compungentium,
816 2502 898 2562 quoe
914 2481 958 2544 ad
971 2484 1047 2544 nls'oa
1063 2484 1168 2566 Reges
1178 2490 1318 2567 pertrita·

63 2593 145 2664 bont,
163 2611 260 2670 quom
275 2593 307 2651 s‘n
317 2591 376 2670 jos
388 2609 482 2651 annm
497 2591 636 2651 Romam·
648 2592 797 2652 vincendo
813 2590 1001 2671 redigerent,
1012 2594 1127 2672 procul
1134 2599 1257 2674 positor
1267 2614 1320 2656 re-

68 2703 171 2780 giones
182 2700 366 2779 provincsba
381 2696 592 2778 adpellerent.

633 2851 662 2931 5.
684 2849 756 2912 loc

337 2967 474 3026 Quomodo
492 2966 565 3034 renio
583 2966 694 3020 redacta
709 2967 739 3019 ιἰι
751 2966 905 3036 provincias
914 2966 1056 3033 formam?

149 3085 277 3167 Leges,
301 3103 381 3167 quas
404 3105 424 3148 a
445 3083 572 3147 victore
593 3083 719 3168 populo
742 3084 905 3168 ejusmodi
927 3085 1083 3168 regiones
1102 3087 1320 3174 accipiebant,

73 3207 271 3256 rnomnomn
294 3207 410 3254 nortun
431 3191 485 3255 vel
505 3200 667 3256 nonnum
690 3191 894 3256 dicebantur.
916 3192 1016 3278 Cujus
1037 3194 1086 3256 rei
1104 3194 1186 3258 haec
1208 3199 1321 3261 obser·

71 3307 144 3364 vata
166 3307 217 3362 est
235 3299 332 3362 ratio.
354 3299 512 3381 Senatus,
530 3299 675 3382 acceptis
692 3300 733 3362 ab
752 3300 958 3384 Imperatore
980 3301 1022 3363 dc
1042 3303 1201 3385 superatis
1218 3303 1323 3367 hosti-

68 3408 141 3488 bus,
160 3414 197 3470 et
216 3406 355 3490 regione
374 3407 407 3470 in
426 3415 626 3491 potestatem
644 3405 760 3491 populi
776 3407 920 3472 Romani
938 3408 1084 3491 redacta,
1100 3409 1231 3493 litteris,
1252 3416 1323 3492 (so-

68 3514 184 3578 lebant
201 3515 305 3595 enim,
326 3513 450 3597 quires
469 3515 576 3579 laetas
591 3514 810 3595 nunciabant,
825 3515 966 3579 Romam
982 3517 1119 3582 nuncios
1135 3540 1207 3583 cum
1221 3521 1322 3585 hastis

68 3621 237 3703 laurentia,
255 3621 442 3706 litterisque
457 3623 552 3687 lauro
572 3621 729 3688 involutis
746 3623 892 3688 mittere:
909 3623 1056 3688 Gronov.
1071 3628 1175 3690 Diatr.
1191 3632 1234 3692 ad
1249 3631 1323 3694 Sta-

69 3735 145 3794 tium
166 3752 192 3794 c.
207 3729 260 3794 46.
275 3752 310 3812 p.
329 3723 400 3794 310.
420 3728 476 3793 vel
499 3731 558 3794 sub
581 3731 840 3814 Imperatoribus
860 3732 946 3815 ipsas
966 3755 1148 3817 pugnarum
1169 3737 1323 3804 victoria-

69 3859 207 3923 rumque
223 3838 365 3922 picturas
389 3838 423 3900 in
439 3838 552 3902 urbem
574 3838 788 3923 perferendas
804 3838 900 3902 darer
914 3840 1098 3906 Herodian.
1114 3845 1197 3906 Hae'st.
1215 3848 1275 3910 III.
1293 3847 1323 3910 9.

78 3945 145 4010 VII.
157 3945 207 4028 2.)
226 3945 261 4008 in
277 3945 389 4029 primis
405 3944 613 4028 consulebat,
635 3969 715 4031 quas
729 3946 824 4031 leges
839 3947 935 4012 'victis
950 3949 1022 4013 dari
1035 3950 1194 4034 placeret
1219 3952 1323 4020 Facto

137 4153 181 4220 ιιι)
203 4151 268 4205 Vin
281 4153 413 4206 Huschke
431 4152 504 4221 Vers.
523 4154 548 4206 d.
562 4153 638 4208 Sero.
661 4151 731 4207 lull.
749 4170 776 4221 p.
790 4159 851 4210 559.
868 4161 925 4208 not.
935 4159 978 4210 68.
991 4173 1017 4222 p.
1034 4161 1095 4210 tw.
1106 4163 1163 4210 not
1180 4162 1223 4213 86.
1239 4159 1325 4214 Miill.

137 4239 172 4305 n)
193 4239 237 4290 De
251 4237 316 4304 jure
329 4238 531 4304 provinciarum
552 4239 586 4290 ci.
605 4237 702 4291 Bachii
719 4240 757 4291 Η.
774 4239 803 4290 J.
822 4240 858 4292 ΙΙ.
879 4245 902 4301 l,
920 4245 1044 4306 35-38.
1062 4243 1121 4294 Pet.
1139 4244 1202 4295 Ant
1221 4244 1258 4296 du
1271 4246 1325 4300 Pui

70 4321 144 4376 Dios.
161 4323 241 4390 Spsc.
258 4324 338 4390 oanq.
347 4323 437 4393 jurid.
456 4324 591 4376 continens
602 4323 730 4392 quaedam
744 4325 853 4394 dejure
868 4326 1067 4393 presenciarum
1081 4327 1187 4394 imperti
1200 4328 1325 4382 Romani.

71 4407 101 4458 L.
121 4409 154 4460 B.
175 4411 252 4461 1807.
270 4411 295 4461 8.
318 4413 346 4460 ct
368 4407 542 4474 potissimum
565 4425 618 4462 von
638 4407 757 4474 Savigny
779 4409 934 4462 Gesctielte
959 4411 984 4463 d.
1003 4411 1039 4464 R.
1060 4412 1096 4464 R.
1114 4413 1149 4463 im
1169 4413 1327 4468 Mittelolser

70 4491 100 4540 T.
118 4493 140 4542 l.
158 4509 182 4542 c.
208 4496 234 4544 2.
253 4507 278 4556 p.
295 4496 331 4545 49
343 4521 375 4532 —
387 4496 430 4546 68.
451 4493 508 4559 (ed.
530 4494 566 4546 11.
583 4494 610 4560 ξ.
625 4498 656 4546 17
668 4523 704 4532 -—
715 4494 783 4560 23.)
801 4493 891 4548 Harl.
916 4495 1022 4548 Walter
1041 4497 1078 4551 R.
1097 4495 1282 4565 nectamus.
1302 4521 1325 4556 o.

71 4576 167 4629 XXll.
189 4593 216 4641 p.
235 4580 290 4631 217
299 4609 333 4618 -
345 4583 405 4632 236.
425 4575 512 4631 Milli.
