2968 5154
199 381 269 448 120
667 369 742 438 Lus
768 370 793 438 l.
817 368 898 438 Trr.
923 371 983 438 IX

195 551 283 614 hunc
299 547 422 613 veteris
432 547 517 634 juris
530 547 674 630 rigorem
690 545 888 629 benigniore
904 544 1181 630 interpretatione
1204 543 1371 626 emollire,
1390 565 1452 628 pn·

197 658 368 739 tribusque
388 662 514 718 tantum
543 654 726 718 concedere
752 651 810 737 τὴν
839 651 968 738 ἀπειλὴν
991 656 1193 737 τεθνηκέναι,
1216 655 1453 714 nominationem

197 769 313 828 mortes.
342 761 447 828 Aliud
474 762 561 824 enim
588 762 710 827 docent
733 770 782 827 tot
805 761 977 846 exempla,
1002 762 1184 846 exquibus
1207 767 1317 844 patet,
1340 767 1453 843 patres

198 873 305 955 domi,
320 871 477 935 adhibitis
494 870 527 932 in
547 869 718 933 consilium
737 869 939 950 necessariis,
957 869 1099 952 virisque
1115 867 1326 951 principibus,
1348 866 1455 928 liber-

198 1001 289 1044 orum
307 999 434 1043 caussas
449 978 645 1060 cognovisse
661 978 706 1059 f),
721 979 828 1061 iisqne
842 998 904 1060 pro
919 977 970 1040 rei
993 979 1158 1061 gravitate
1178 996 1304 1060 poenas
1323 981 1360 1036 et
1375 995 1455 1056 sup-

196 1088 299 1172 plicia
312 1084 487 1148 inflixisse:
501 1084 578 1147 Val.
594 1087 685 1150 Max.
701 1086 736 1146 V.
750 1085 781 1148 2.
796 1085 873 1147 Sen.
886 1087 927 1146 de
938 1087 1034 1148 ¹(item
1049 1084 1136 1146 1.15.
1153 1085 1253 1147 Hunc
1267 1083 1303 1144 in
1317 1081 1453 1144 modum

196 1219 216 1260 a
230 1195 377 1280 patribus
393 1193 502 1256 necati
520 1191 673 1255 dicuntur
687 1191 831 1254 Cassius:
846 1191 923 1255 Val.
937 1193 1027 1254 Max.
1043 1195 1062 1253 l.
1079 1213 1104 1253 c.
1117 1191 1281 1276 (quamvis
1297 1190 1331 1253 id
1354 1210 1456 1271 argu-

196 1303 314 1364 mentis
333 1301 447 1364 solidis
470 1301 503 1362 in
526 1300 659 1363 dubium
676 1309 775 1363 vocet
789 1300 925 1384 Dionys.
945 1299 1054 1363 Halic:
1070 1303 1147 1362 Ant.
1166 1301 1254 1362 Rom.
1272 1299 1340 1359 Lib.
1365 1296 1454 1358 VIII.

194 1409 277 1489 79.),
287 1407 384 1472 Fabii
401 1410 526 1472 Eburni
541 1408 638 1489 filius,
650 1405 737 1491 apud
753 1405 912 1483 Quinctil.
928 1409 1102 1470 Declamat.
1115 1391 1191 1487 III,
1201 1407 1354 1486 Scaurus,
1364 1401 1455 1487 apud

194 1515 271 1578 val.
285 1515 376 1577 Max.
391 1519 463 1580 ibid.
472 1564 481 1599 ,
499 1515 651 1597 Fulvius,
670 1513 758 1598 apud
774 1513 906 1578 Sallust.
919 1517 957 1578 de
972 1517 1049 1578 bello
1067 1517 1156 1577 caut.
1169 1515 1237 1596 39.’,
1258 1513 1356 1576 Titus
1372 1531 1453 1575 vero

194 1622 309 1686 Arrius
326 1624 443 1686 eodem
452 1625 530 1707 jure
546 1622 648 1686 tilium
667 1622 785 1684 exsilio
803 1621 986 1705 damnavit,
1003 1621 1091 1706 apud
1109 1621 1186 1685 Sen.
1200 1625 1220 1684 1.
1237 1643 1263 1684 c.

777 1774 806 1856 ς.
830 1773 861 1836 a.

605 1891 657 1942 Jm
675 1900 717 1943 ter
734 1889 912 1966 venumdandi
927 1887 1031 1943 liberos.

278 1990 406 2053 Eadem
424 1990 532 2075 patria
546 1997 694 2074 potestas
706 1989 998 2075 'complectebatur
1016 1991 1060 2054 Il.
1077 2005 1137 2053 sus
1155 1999 1205 2051 ter
1224 2004 1455 2052 vsuuunsum

195 2113 315 2161 mutos.
337 2097 373 2160 Si
389 2099 476 2160 enim
492 2098 598 2182 prima
616 2098 689 2162 vice
710 2087 863 2162 venditus
883 2099 917 2161 in
936 2097 1130 2162 servitutem
1150 2096 1252 2178 filius,
1264 2096 1456 2188 'manumis-

195 2204 289 2268 sione
307 2205 495 2270 libertatem
514 2215 758 2289 recuperasset3
772 2206 890 2272 iterum
906 2207 1006 2270 vendi
1023 2210 1156 2286 poterat
1172 2227 1192 2268 a
1204 2212 1311 2286 patre.
1325 2203 1456 2266 Iterum

194 2315 421 2397 manumissus,
444 2315 554 2380 denuo
568 2315 603 2377 in
622 2321 821 2398 potestatem
844 2313 945 2397 patris
964 2311 1155 2393 recidebat,
1173 2311 1344 2394 vendique
1366 2310 1456 2372 adeo

194 2428 328 2504 poterat
349 2423 492 2485 tertium.
515 2421 583 2485 Sed
606 2421 783 2504 impetrata
805 2421 937 2483 tertium
957 2419 1132 2499 libertate,
1157 2439 1175 2481 e
1196 2418 1304 2502 patria
1321 2417 1456 2480 demum

195 2536 362 2611 potestate
389 2529 519 2591 exibat:
534 2529 674 2612 Dionys.
693 2525 804 2590 Halic.
825 2525 937 2588 1127.
955 2526 1102 2610 Simplic.
1127 2527 1358 2588 Commentad
1378 2527 1458 2606 Epi-

194 2645 264 2698 ctet.
281 2635 443 2696 Encbr'rid.
457 2634 508 2696 37.
529 2634 574 2696 Et
591 2635 738 2718 quamvis
754 2635 826 2698 Jac.
840 2632 1006 2695 Raevard.
1022 2635 1066 2693 od
1079 2634 1153 2693 IIII
1166 2633 1239 2694 stt.
1251 2634 1309 2692 III.
1323 2628 1458 2694 Alenus

195 2741 256 2804 der
275 2740 318 2804 ad
335 2739 412 2823 Gaji
427 2741 506 2802 Inst.
524 2741 550 2800 1.
568 2740 598 2802 6.
616 2740 646 2804 3.
658 2763 692 2822 p.
709 2763 748 2802 m.
768 2741 820 2803 56.
839 2746 873 2802 et
886 2740 958 2802 Jec.
977 2738 1273 2802 Gothofr.ad1.1..
1291 2739 1365 2800 XII
1382 2741 1458 2802 Tan.

196 2850 253 2910 IV.
270 2871 304 2930 p.
325 2847 396 2910 202.
421 2849 541 2910 erroris
564 2855 703 2931 arguant
725 2845 939 2930 Dionysium,
956 2867 1095 2931 eamque
1116 2845 1254 2910 Romuli
1274 2846 1392 2928 legem
1416 2845 1458 2908 de

195 2954 394 3038 imaginaria
407 2954 467 3020 illa
484 2955 572 3019 trina
588 2955 802 3036 venditione,
820 2954 956 3037 quaein
976 2953 1230 3017 manumissione
1250 2955 1461 3017 observaba-

194 3070 265 3143 tur,
287 3061 542 3147 intelligendam
566 3064 783 3127 arbitrentur:
802 3061 862 3124 hos
882 3060 971 3144 ipsos
993 3067 1103 3124 tamen
1128 3061 1162 3123 in
1185 3081 1226 3123 eo
1246 3060 1334 3144 fugit
1356 3061 1460 3124 ratio.

194 3168 292 3233 Ritus
306 3170 392 3232 enim
413 3170 472 3234 ille
493 3170 709 3253 imaginariae
728 3169 931 3232 venditionis
950 3167 1013 3250 fuit
1031 3169 1116 3252 legis
1132 3168 1230 3232 actio.
1253 3167 1356 3251 Legis
1372 3189 1460 3231 vero

196 3277 344 3340 actiones
368 3277 497 3341 demum
515 3299 534 3340 e
554 3278 629 3340 XII
648 3277 769 3340 tabulis
795 3283 892 3339 natae
911 3283 995 3338 sunt.
1026 3277 1110 3361 Ipsis
1134 3296 1269 3360 quoque
1288 3275 1461 3339 ¹Alcandri

197 3390 231 3445 et
248 3382 450 3446 Gotbofredi
472 3385 672 3468 argumentis
696 3384 827 3448 abunde
846 3383 1046 3476 satisfactum
1070 3406 1089 3445 a
1107 3383 1238 3446 Theod.
1255 3383 1387 3448 Marcil.
1409 3385 1461 3445 In-

195 3499 273 3571 terp.
296 3491 370 3552 XII
392 3492 464 3552 Tob.
490 3491 598 3553 XXV.
619 3489 698 3554 Ant.
726 3489 908 3576 Schulting.
933 3493 977 3552 od
1008 3491 1076 3572 Ulp.
1099 3492 1199 3572 I‘rag.
1224 3492 1265 3553 X.
1283 3490 1312 3551 1.
1327 3514 1364 3574 p.
1384 3491 1462 3554 592.

193 3628 493 3640 -———=—a——--·-

195 3697 230 3750 Ρ.
242 3698 263 3748 1.
276 3711 302 3760 p.
314 3693 470 3761 513.sqq.),
483 3699 616 3762 sequutae
629 3702 695 3748 sunt
704 3695 765 3749 Viri
780 3695 957 3768 impiissimi,
968 3695 1196 3761 Bynkersboekii,
1213 3696 1301 3748 Oam
1314 3699 1463 3757 secundae,

196 3780 226 3834 id
243 3785 298 3843 est,
316 3783 397 3830 nome
414 3783 442 3828 et
464 3777 606 3830 stricturae
623 3780 658 3832 ad
675 3779 750 3832 illem
768 3778 882 3832 amicam
900 3779 1013 3833 Noodtii
1038 3778 1258 3844 Responsionern
1279 3781 1359 3848 (opp.
1379 3784 1418 3835 P.
1437 3784 1462 3834 Ι.

198 3880 224 3929 p.
243 3868 303 3916 389.
322 3863 409 3932 sqq.).
426 3863 496 3914 Rem
515 3864 646 3916 conticere
663 3864 770 3916 videtur
788 3866 865 3917 locus
886 3864 999 3916 Tertull·
1019 3865 1056 3915 ad
1073 3865 1179 3918 Notion.
1197 3864 1222 3917 1.
1243 3870 1284 3917 lb.
1303 3866 1387 3918 Hem.
1419 3867 1463 3918 De

193 3947 283 4013 patrie
296 3951 429 4013 potestate
440 3947 514 4012 apud
525 3949 664 4000 Romanos
676 3947 705 4000 in
720 3948 774 4002 alia
785 3949 878 4002 omnia
891 3949 943 4000 init
954 3947 1149 4012 Amplissimus
1161 3949 1362 4014 Pentadius,
1375 3953 1463 4019 cujus

196 4029 397 4096 elegantissima
416 4031 594 4100 disquisitio„
607 4032 768 4086 eruditionis
793 4035 887 4097 plena,
909 4032 984 4084 bend
1008 4031 1046 4083 ita
1065 4032 1170 4098 pridem
1195 4032 1251 4086 luci
1267 4041 1309 4086 est
1327 4038 1464 4100 exposita

199 4115 348 4182 (Groning.
368 4118 459 4181 1⁷75).
486 4116 529 4168 De
546 4116 765 4181 Bynkersboekii
783 4123 811 4168 et
828 4116 941 4170 Noodtii
957 4116 1121 4182 conjecturis
1137 4118 1251 4187 'quoqne
1268 4120 1464 4172 consulendus

196 4200 229 4252 cl.
247 4201 280 4252 G.
299 4201 346 4254 W.
364 4201 399 4254 ab
423 4201 527 4252 Oosten
553 4199 588 4252 de
613 4202 710 4266 Bruyn
733 4200 762 4254 in
782 4201 912 4254 Discern:
937 4201 1149 4256 etintendit.
1171 4205 1254 4257 Cana.
1279 4202 1345 4254 Vid.
1372 4217 1464 4270 supra

125 4296 129 4308 ⁴
196 4287 253 4336 aot.
270 4297 301 4347 a,
318 4290 346 4336 ct
364 4285 489 4337 Gebauer
507 4284 582 4336 Diss.
601 4286 636 4338 11.
655 4284 743 4336 Mtnt

265 4367 294 4431 t)
315 4368 388 4422 Hinc
405 4376 482 4435 pater
499 4369 652 4434 adpellatnr
660 4368 749 4438 judee
777 4369 931 4428 domesticus
948 4367 1024 4434 apud
1041 4369 1135 4420 Seuer.
1157 4367 1281 4422 Omeros.
1300 4370 1344 4422 II.
1364 4375 1393 4423 3.
1414 4374 1463 4423 do-

197 4450 502 4586 mestimrpimom'stratm
519 4454 594 4520 apud
611 4455 704 4508 Scuec.
723 4453 755 4504 de
766 4452 865 4520 Benef.
877 4453 934 4506 III.
949 4457 989 4506 ll.
1001 4453 1161 4521 censorfilis'
1177 4453 1252 4519 apud
1267 4455 1344 4506 Suet
1361 4455 1464 4508 ouant

195 4550 220 4585 c.
242 4536 282 4586 16.
329 4535 380 4586 eis.
