3062 5156
153 337 157 344 ’
200 365 274 431 rea
649 357 724 424 nm.
749 355 777 424 r.
802 357 883 425 mn
908 357 1000 424 xxi.

197 535 352 620 petebats
375 533 413 597 L.
432 532 483 596 11.
498 533 540 594 D.
555 533 584 595 Ιι.
601 542 622 596 t.
645 531 866 596 hereditatem
892 533 980 596 enim
1005 553 1141 596 cernere
1163 541 1198 596 et
1220 531 1312 597 adire
1334 532 1450 616 pupilli

197 643 331 706 nomine
350 663 416 704 non
433 649 583 726 poterat,
600 641 679 726 quia
698 641 802 703 cretio
826 648 861 704 et
878 641 983 704 aditio
1007 651 1101 706 erant
1124 649 1215 704 actus
1236 640 1397 726 legitimi:
1416 641 1450 701 L.

197 754 226 812 4.
244 753 274 812 5.
288 750 330 810 0.
349 751 389 811 de
407 750 485 812 Jure
500 750 589 811 deltb.
609 748 680 813 Jae.
699 748 854 812 Gothofia
877 750 1052 812 Commod
1070 751 1102 812 0.
1122 751 1234 812 itreod.
1252 752 1298 809 tit
1314 749 1359 809 ‘de
1380 748 1451 808 Ore-

197 862 278 920 tr'one
293 879 326 938 p.
347 855 420 919 330.
451 857 608 941 Denique
632 859 794 920 bonorum
815 856 936 941 pupilli
958 877 1068 920 curam
1088 857 1136 918 ita
1156 859 1311 939 gerebat,
1333 863 1370 919 ut
1390 857 1450 916 loeo

159 1033 165 1044 ¹
197 967 316 1028 domitet
328 965 522 1027 haberetur:
547 965 584 1024 L.
603 963 654 1026 27.
673 966 714 1026 1).
730 966 759 1024 b.
779 974 799 1026 t.
829 965 873 1028 Et
892 965 926 1027 id
946 965 1080 1050 quidem
1099 964 1216 1027 tutoris
1231 981 1367 1044 munus,
1387 981 1449 1045 quo

197 1080 265 1135 tum
282 1093 443 1154 personae
461 1071 598 1156 pupilli,
617 1079 685 1134 tum
703 1071 864 1134 bonorum
886 1072 1034 1158 ejusdem
1050 1093 1158 1136 curam
1177 1072 1334 1156 gerebat,
1354 1089 1451 1132 voca-

197 1181 294 1243 batur
312 1195 432 1243 onsrro
444 1178 499 1242 vel
515 1193 804 1243 Anurnrsrnnrroz
820 1178 889 1242 Cic.
906 1182 1006 1261 sape.
1020 1201 1046 1244 a.
1061 1181 1112 1242 11.
1130 1179 1288 1257 Quamvis
1304 1187 1371 1240 tam
1384 1176 1449 1239 late

197 1288 391 1372 plerumque
409 1287 473 1349 hoc
487 1269 685 1350 vocabulum
708 1286 889 1370 accipiatur
907 1287 1198 1370 aJureconsultis,
1215 1294 1298 1351 utet
1317 1287 1449 1347 auctore·-

197 1405 292 1458 totem
314 1394 562 1479 complectatur.

784 1509 814 1590 δ.
834 1508 865 1571 2.

565 1617 678 1676 Quaado
695 1618 865 1686 interponere
883 1619 1086 1672 auctoritatem?

283 1719 341 1782 Sin
365 1719 526 1782 infantiae
550 1739 652 1781 annos
675 1727 861 1802 superasset
880 1719 1043 1803 pupillus,
1069 1720 1141 1804 ipse
1169 1728 1282 1782 omnes
1305 1719 1448 1782 actiones

197 1828 299 1911 legis,
321 1848 500 1911 omnesque
525 1834 711 1890 contractus
732 1833 865 1910 poterat
887 1827 1073 1912 explicare,
1090 1828 1138 1890 ita
1158 1836 1287 1907 tamen,
1311 1835 1348 1888 ut
1366 1834 1450 1888 tutor
1516 1811 1517 1814 ¹

198 1957 365 2022 praesens,
376 1935 527 2020 perfecto
543 1935 692 2018 negotio,
709 1935 816 1998 statim
833 1953 970 2000 necron
985 1937 1090 2017 fieret,
1104 1942 1138 1997 et
1152 1934 1229 1997 hine
1243 1935 1307 1997 ista
1319 1933 1449 1997 sollem-

198 2045 248 2106 nis
270 2043 468 2127 adprobatio
485 2045 667 2106 vocabatur
683 2059 906 2106 huoronrrns.
929 2042 1215 2120 Quemadmodum
1238 2042 1325 2104 enim
1348 2063 1448 2126 popu-

198 2151 248 2216 lus
260 2152 420 2236 jubebat,
441 2152 581 2215 Senatus
600 2167 737 2214 ,everoit
761 2151 878 2214 fiebat:
900 2151 972 2214 Liv.
989 2153 1014 2213 I.
1029 2150 1079 2214 17.
1098 2152 1145 2214 ita
1162 2150 1307 2235 pupillus
1330 2151 1449 2236 agebat
1517 2180 1518 2212 r

199 2269 233 2324 et
250 2261 482 2342 contrahebat,
499 2267 589 2322 tutor
602 2259 839 2343 interponebat
853 2275 1120 2323 AUOTORITATEM
1135 2263 1178 2340 ⁰),
1196 2259 1266 2320 sine
1289 2279 1355 2341 qua
1370 2257 1449 2321 vali·
1517 2233 1518 2276 ³

199 2369 273 2432 dum
291 2368 378 2432 baud
397 2376 468 2432 erat
485 2355 675 2452 negotium,
697 2366 723 2428 si
744 2366 877 2450 quando
897 2367 1045 2430 deterior
1064 2388 1105 2430 eo
1123 2367 1196 2450 ipso
1215 2367 1312 2428 fieret
1333 2364 1449 2450 pupilli

199 2477 362 2540 conditio:
368 2482 471 2558 princ.
488 2477 565 2538 Inat.
579 2478 607 2536 h.
625 2484 646 2536 t.
659 2483 714 2538 aut
732 2475 758 2536 si
771 2475 925 2538 adeunda
938 2482 1024 2537 esset
1038 2474 1216 2556 hereditas,
1235 2486 1291 2540 aut
1307 2474 1450 2557 petenda

199 2585 361 2646 bonorum
377 2582 550 2666 possessio,
562 2591 619 2646 aut
635 2584 844 2667 suscipienda
859 2604 902 2644 ex
917 2581 1169 2646 fideicommisso
1185 2584 1373 2648 hereditas:
1388 2583 1449 2666 §.L

199 2693 277 2753 laet.
292 2693 320 2752 b.
338 2700 359 2752 t.
379 2689 435 2752 Ad
452 2711 491 2752 ea
507 2689 605 2771 enim,
619 2712 704 2774 quae
717 2690 973 2754 sollemnitatem
982 2692 1067 2775 juris
1084 2691 1331 2772 desiderabant,
1344 2691 1450 2776 expli-

200 2800 305 2864 canda
326 2805 434 2861 tutore
454 2805 588 2860 auctore
610 2819 692 2882 opus
711 2819 798 2881 esse,
822 2799 868 2862 ait
882 2798 1018 2862 Paullus
1041 2801 1074 2862 L.
1093 2799 1142 2862 19.
1164 2802 1205 2861 D.
1225 2801 1264 2862 de
1280 2802 1377 2862 Auct.
1397 2809 1449 2861 tut.

785 2953 814 3034 a.
836 2951 866 3014 a.

546 3060 770 3131 Interponebatur
787 3079 818 3112 ea
837 3059 958 3112 sollemni
965 3059 1101 3126 formula.

283 3153 359 3216 Non
376 3153 458 3238 e'rgo
470 3154 648 3218 auctoritas
665 3162 735 3217 erat
751 3153 839 3216 nuda
854 3152 1065 3236 adprobatio,
1081 3174 1142 3216 nec
1152 3154 1275 3238 jussus3
1290 3153 1351 3216 sed
1363 3161 1451 3216 actus

72 3339 79 3346 Ι
197 3259 366 3345 legitimus
383 3269 418 3323 et
433 3261 610 3338 sollemnis,
627 3270 783 3344 certaque
803 3261 944 3324 formula
960 3261 1184 3346 explicandus.
1206 3261 1306 3324 Unde
1323 3271 1359 3324 et
1376 3283 1451 3324 con-

199 3368 359 3431 ditionem
375 3390 442 3433 non
465 3369 641 3432 admittere
662 3368 797 3432 dicitur:
814 3369 852 3432 L.
863 3368 892 3431 8.
907 3371 948 3430 D.
963 3369 991 3430 b.
1003 3379 1024 3430 t.
1046 3368 1169 3431 Procul
1184 3368 1297 3449 dubio,
1314 3369 1374 3431 ubi
1394 3391 1452 3452 pu-

198 3476 297 3562 pillus
320 3499 348 3539 v.
365 3499 392 3538 c.
414 3478 448 3539 in
475 3478 623 3540 cretione
645 3477 839 3541 hereditatis
862 3478 965 3540 verba
989 3476 1141 3561 legitima
1164 3476 1451 3560 pronunciaverat,

38 3653 49 3668 ἱ
148 3633 153 3638 „
198 3581 465 3669 interrogabatur
487 3594 591 3648 tutor:
612 3601 794 3648 AUGTORNE
821 3601 935 3667 ESSET,
956 3602 1002 3648 UT
1024 3601 1188 3648 PUPILLUS
1205 3602 1452 3648 HEREDITATRM

197 3711 325 3756 nnrnnr
351 3698 617 3767 cannnanroua?
640 3713 748 3777 eoque
777 3693 988 3773 adfirmante,
1012 3700 1084 3755 rata
1115 3700 1184 3754 erat
1211 3692 1332 3776 pupilli
1356 3694 1453 3756 actio.

125 3792 130 3800 ’
200 3799 286 3864 Sane
304 3795 536 3864 eodemmodo
552 3803 792 3884 auctorfiebat,
809 3800 865 3885 qui
880 3800 1105 3884 adrogabatur
1121 3800 1162 3861 ab
1179 3799 1261 3862 alio:
1279 3798 1348 3862 Cic.
1366 3801 1452 3862 Orat.

194 3929 256 3991 pro
271 3889 358 3970 (tomo
371 3931 396 3970 c,
407 3907 460 3970 29.
484 3909 529 3971 Et
549 3909 819 3993 interrogationis
833 3908 897 3971 hoc
912 3908 945 3972 in
961 3908 1101 3992 negotio
1117 3907 1228 3971 factae
1244 3907 1370 3971 diserte
1387 3928 1454 3970 me-

199 4015 295 4079 minit
316 4014 452 4079 Paullus
468 4014 505 4077 L.
522 4015 552 4077 3.
573 4019 613 4078 D.
634 4020 673 4080 de
691 4021 785 4080 Auct.
804 4026 834 4078 et
852 4037 1006 4078 consensu
1025 4025 1081 4076 tut.
1102 4025 1134 4078 et
1152 4025 1270 4089 corat,
1289 4014 1401 4101 [forte
1420 4023 1453 4078 et

199 4123 336 4186 Terent.
356 4124 502 4184 Eunuoh.
517 4125 561 4186 II.
578 4125 608 4188 3.
627 4148 653 4188 o.
672 4124 740 4210 98]
762 4123 909 4209 quamvis
931 4145 1001 4186 eam
1021 4117 1087 4184 non
1111 4123 1278 4186 existimet
1299 4123 1452 4187 absolute

199 4231 426 4296 necessariam.
446 4230 726 4317 Interponebatur
742 4253 822 4295 vero
840 4232 1017 4294 auctoritas
1031 4231 1140 4294 statim
1156 4232 1277 4316 inipso
1295 4232 1452 4316 negotio:

199 4339 257 4402 sed
280 4340 327 4402 ita
350 4347 478 4422 tamen,
495 4348 531 4403 ut
552 4363 619 4404 non
642 4343 730 4424 prius
754 4348 870 4403 auctor
891 4340 987 4404 fieret
1008 4347 1113 4420 tutor,
1136 4360 1232 4424 quam
1252 4340 1399 4423 pupillus
1419 4338 1452 4402 id

269 4545 299 4612 o)
319 4545 360 4598 Cf.
379 4545 511 4599 Huschke
536 4546 609 4614 Veis.
628 4547 653 4600 d.
673 4545 747 4600 Sero.
770 4545 840 4599 thu.
858 4561 886 4612 p.
904 4549 965 4599 404.
985 4543 1072 4598 Mttt.
