<?xml version="1.0" encoding="UTF-8"?>
<!DOCTYPE html PUBLIC "-//W3C//DTD XHTML 1.0 Transitional//EN"
    "http://www.w3.org/TR/xhtml1/DTD/xhtml1-transitional.dtd">
<html xmlns="http://www.w3.org/1999/xhtml" xml:lang="en" lang="en">
 <head>
  <title>
</title>
<meta http-equiv="Content-Type" content="text/html;charset=utf-8" />
  <meta name='ocr-system' content='tesseract 3.04.00' />
  <meta name='ocr-capabilities' content='ocr_page ocr_carea ocr_par ocr_line ocrx_word'/>
</head>
<body>
  <div class='ocr_page' id='page_1' title='image "./jogottliebheine00haubgoog_0196.png"; bbox 0 0 3080 5154; ppageno 0'>
   <div class='ocr_carea' id='block_1_1' title="bbox 320 303 1302 431">
    <p class='ocr_par' dir='ltr' id='par_1_1' title="bbox 320 303 1302 431">
     <span class='ocr_line' id='line_1_1' title="bbox 320 303 1302 431; baseline 0.012 -18"><span class='ocrx_word' id='word_1_1' title='bbox 320 345 424 431; x_wconf 80' lang='lat' dir='ltr'><strong>Qms.</strong></span> <span class='ocrx_word' id='word_1_2' title='bbox 452 345 550 422; x_wconf 72' lang='lat' dir='ltr'><strong>Mon.</strong></span> <span class='ocrx_word' id='word_1_3' title='bbox 575 303 643 414; x_wconf 69' lang='lat' dir='ltr'><strong>«lus</strong></span> <span class='ocrx_word' id='word_1_4' title='bbox 668 349 779 424; x_wconf 82' lang='lat' dir='ltr'><strong>Pnrn.</strong></span> <span class='ocrx_word' id='word_1_5' title='bbox 805 349 891 419; x_wconf 81' lang='lat' dir='ltr'><strong>Per.</strong></span> <span class='ocrx_word' id='word_1_6' title='bbox 917 347 1021 420; x_wconf 82' lang='lat' dir='ltr'><strong>Sonv.</strong></span> <span class='ocrx_word' id='word_1_7' title='bbox 1232 357 1302 426; x_wconf 84' lang='lat' dir='ltr'><strong>ltttt</strong></span> 
     </span>
    </p>
   </div>
   <div class='ocr_carea' id='block_1_2' title="bbox 60 523 1302 613">
    <p class='ocr_par' dir='ltr' id='par_1_2' title="bbox 60 523 1302 613">
     <span class='ocr_line' id='line_1_2' title="bbox 60 523 1302 613; baseline 0.003 -25"><span class='ocrx_word' id='word_1_8' title='bbox 60 525 155 606; x_wconf 88' lang='lat' dir='ltr'><strong>docti,</strong></span> <span class='ocrx_word' id='word_1_9' title='bbox 187 539 421 588; x_wconf 79' lang='lat' dir='ltr'><strong>suunsrnruu</strong></span> <span class='ocrx_word' id='word_1_10' title='bbox 449 531 621 606; x_wconf 88' lang='lat' dir='ltr'><strong>vocatum,</strong></span> <span class='ocrx_word' id='word_1_11' title='bbox 652 523 709 608; x_wconf 92' lang='lat' dir='ltr'><strong>qui</strong></span> <span class='ocrx_word' id='word_1_12' title='bbox 736 531 838 588; x_wconf 88' lang='lat' dir='ltr'><strong>testes</strong></span> <span class='ocrx_word' id='word_1_13' title='bbox 864 527 1089 609; x_wconf 77' lang='lat' dir='ltr'><strong>convocabat,</strong></span> <span class='ocrx_word' id='word_1_14' title='bbox 1121 547 1302 613; x_wconf 83' lang='lat' dir='ltr'><strong>eorumque</strong></span> 
     </span>
    </p>
   </div>
   <div class='ocr_carea' id='block_1_3' title="bbox 59 629 1303 822">
    <p class='ocr_par' dir='ltr' id='par_1_3' title="bbox 59 629 1303 822">
     <span class='ocr_line' id='line_1_3' title="bbox 59 629 1303 713; baseline 0.003 -17"><span class='ocrx_word' id='word_1_15' title='bbox 59 633 161 712; x_wconf 90' lang='lat' dir='ltr'><strong>tidem,</strong></span> <span class='ocrx_word' id='word_1_16' title='bbox 180 638 273 694; x_wconf 87' lang='lat' dir='ltr'><strong>tacta.</strong></span> <span class='ocrx_word' id='word_1_17' title='bbox 293 629 440 694; x_wconf 81' lang='lat' dir='ltr'>auricula</span> <span class='ocrx_word' id='word_1_18' title='bbox 454 629 502 713; x_wconf 77' lang='lat'><strong>¹¹),</strong></span> <span class='ocrx_word' id='word_1_19' title='bbox 521 632 765 698; x_wconf 81' lang='lat' dir='ltr'><strong>obtestabatur:</strong></span> <span class='ocrx_word' id='word_1_20' title='bbox 785 633 908 698; x_wconf 84' lang='lat' dir='ltr'><strong>Merill.</strong></span> <span class='ocrx_word' id='word_1_21' title='bbox 930 634 1056 698; x_wconf 63' lang='lat' dir='ltr'><strong>otum.</strong></span> <span class='ocrx_word' id='word_1_22' title='bbox 1076 634 1163 699; x_wconf 87' lang='lat' dir='ltr'><em>VIII.</em></span> <span class='ocrx_word' id='word_1_23' title='bbox 1174 635 1227 700; x_wconf 81' lang='lat'><strong>37.</strong></span> <span class='ocrx_word' id='word_1_24' title='bbox 1247 637 1303 700; x_wconf 84' lang='lat' dir='ltr'><strong>Fr.</strong></span> 
     </span>
     <span class='ocr_line' id='line_1_4' title="bbox 59 738 1278 822; baseline -0.006 -18"><span class='ocrx_word' id='word_1_25' title='bbox 59 743 227 804; x_wconf 87' lang='lat' dir='ltr'><strong>Bmmmer.</strong></span> <span class='ocrx_word' id='word_1_26' title='bbox 244 740 285 800; x_wconf 80' lang='lat' dir='ltr'><strong>de</strong></span> <span class='ocrx_word' id='word_1_27' title='bbox 299 739 377 822; x_wconf 74' lang='lat' dir='ltr'><strong>Leg.</strong></span> <span class='ocrx_word' id='word_1_28' title='bbox 397 738 482 802; x_wconf 78' lang='lat' dir='ltr'><strong>Crito.</strong></span> <span class='ocrx_word' id='word_1_29' title='bbox 497 759 524 803; x_wconf 88' lang='lat' dir='ltr'><strong>c.</strong></span> <span class='ocrx_word' id='word_1_30' title='bbox 539 739 590 804; x_wconf 80' lang='lat'><strong>13.</strong></span> <span class='ocrx_word' id='word_1_31' title='bbox 607 738 657 801; x_wconf 96' lang='grc'><strong>14.</strong></span> <span class='ocrx_word' id='word_1_32' title='bbox 1273 747 1278 760; x_wconf 86' lang='grc'><strong>”</strong></span> 
     </span>
    </p>
   </div>
   <div class='ocr_carea' id='block_1_4' title="bbox 635 903 717 985">
    <p class='ocr_par' dir='ltr' id='par_1_4' title="bbox 635 903 717 985">
     <span class='ocr_line' id='line_1_5' title="bbox 635 903 717 985; baseline -0.037 -17"><span class='ocrx_word' id='word_1_33' title='bbox 635 904 664 985; x_wconf 70' lang='lat' dir='ltr'><strong>s.</strong></span> <span class='ocrx_word' id='word_1_34' title='bbox 687 903 717 968; x_wconf 90' lang='lat' dir='ltr'><strong>s.</strong></span> 
     </span>
    </p>
   </div>
   <div class='ocr_carea' id='block_1_5' title="bbox 344 1019 1007 1090">
    <p class='ocr_par' dir='ltr' id='par_1_5' title="bbox 344 1019 1007 1090">
     <span class='ocr_line' id='line_1_6' title="bbox 344 1019 1007 1090; baseline 0.003 -16"><span class='ocrx_word' id='word_1_35' title='bbox 344 1021 365 1074; x_wconf 93' lang='lat' dir='ltr'><em>I</em></span> <span class='ocrx_word' id='word_1_36' title='bbox 368 1019 395 1073; x_wconf 90' lang='lat' dir='ltr'><strong>V.</strong></span> <span class='ocrx_word' id='word_1_37' title='bbox 414 1021 502 1072; x_wconf 85' lang='lat' dir='ltr'><strong>Pater</strong></span> <span class='ocrx_word' id='word_1_38' title='bbox 519 1019 658 1074; x_wconf 66' lang='lat' dir='ltr'><strong>subtratis.</strong></span> <span class='ocrx_word' id='word_1_39' title='bbox 690 1019 719 1073; x_wconf 86' lang='lat' dir='ltr'><strong>V.</strong></span> <span class='ocrx_word' id='word_1_40' title='bbox 740 1022 827 1074; x_wconf 86' lang='lat' dir='ltr'><strong>Pater</strong></span> <span class='ocrx_word' id='word_1_41' title='bbox 835 1021 1007 1090; x_wconf 76' lang='lat' dir='ltr'><strong>fiduciarius.</strong></span> 
     </span>
    </p>
   </div>
   <div class='ocr_carea' id='block_1_6' title="bbox 60 1137 1305 1874">
    <p class='ocr_par' dir='ltr' id='par_1_6' title="bbox 60 1137 1305 1874">
     <span class='ocr_line' id='line_1_7' title="bbox 127 1137 1302 1226; baseline 0.003 -24"><span class='ocrx_word' id='word_1_42' title='bbox 127 1137 346 1220; x_wconf 78' lang='lat' dir='ltr'><strong>Praesentem</strong></span> <span class='ocrx_word' id='word_1_43' title='bbox 361 1160 461 1223; x_wconf 88' lang='lat' dir='ltr'><strong>porro</strong></span> <span class='ocrx_word' id='word_1_44' title='bbox 477 1137 593 1204; x_wconf 79' lang='lat' dir='ltr'>adesse</span> <span class='ocrx_word' id='word_1_45' title='bbox 616 1139 795 1222; x_wconf 75' lang='lat' dir='ltr'>oportebat</span> <span class='ocrx_word' id='word_1_46' title='bbox 814 1161 881 1204; x_wconf 91' lang='lat' dir='ltr'><strong>non</strong></span> <span class='ocrx_word' id='word_1_47' title='bbox 898 1138 1001 1203; x_wconf 90' lang='lat' dir='ltr'><strong>solum</strong></span> <span class='ocrx_word' id='word_1_48' title='bbox 1017 1149 1145 1226; x_wconf 87' lang='lat' dir='ltr'><strong>patrem</strong></span> <span class='ocrx_word' id='word_1_49' title='bbox 1167 1150 1302 1207; x_wconf 82' lang='lat' dir='ltr'><strong>nature-</strong></span> 
     </span>
     <span class='ocr_line' id='line_1_8' title="bbox 61 1245 1303 1333; baseline 0.005 -25"><span class='ocrx_word' id='word_1_50' title='bbox 61 1250 117 1322; x_wconf 84' lang='lat' dir='ltr'><strong>lem,</strong></span> <span class='ocrx_word' id='word_1_51' title='bbox 135 1247 191 1310; x_wconf 91' lang='lat' dir='ltr'><strong>sed</strong></span> <span class='ocrx_word' id='word_1_52' title='bbox 209 1255 248 1310; x_wconf 92' lang='lat' dir='ltr'><strong>et</strong></span> <span class='ocrx_word' id='word_1_53' title='bbox 266 1255 424 1310; x_wconf 90' lang='lat' dir='ltr'><strong>emtorem</strong></span> <span class='ocrx_word' id='word_1_54' title='bbox 441 1245 512 1328; x_wconf 87' lang='lat' dir='ltr'><strong>filii,</strong></span> <span class='ocrx_word' id='word_1_55' title='bbox 525 1267 622 1330; x_wconf 91' lang='lat' dir='ltr'><strong>quem</strong></span> <span class='ocrx_word' id='word_1_56' title='bbox 640 1246 742 1331; x_wconf 86' lang='lat' dir='ltr'><strong>Gajus</strong></span> <span class='ocrx_word' id='word_1_57' title='bbox 758 1264 896 1311; x_wconf 76' lang='lat' dir='ltr'><strong>rnrssns</strong></span> <span class='ocrx_word' id='word_1_58' title='bbox 912 1265 1136 1313; x_wconf 79' lang='lat' dir='ltr'><strong>stuucnltuum</strong></span> <span class='ocrx_word' id='word_1_59' title='bbox 1147 1259 1247 1312; x_wconf 90' lang='lat' dir='ltr'><strong>vocat</strong></span> <span class='ocrx_word' id='word_1_60' title='bbox 1260 1253 1303 1333; x_wconf 78' lang='lat' dir='ltr'><strong>i).</strong></span> 
     </span>
     <span class='ocr_line' id='line_1_9' title="bbox 60 1354 1304 1442; baseline 0.002 -26"><span class='ocrx_word' id='word_1_61' title='bbox 60 1355 114 1416; x_wconf 93' lang='lat' dir='ltr'><strong>Hic</strong></span> <span class='ocrx_word' id='word_1_62' title='bbox 136 1355 224 1418; x_wconf 90' lang='lat' dir='ltr'><strong>enim</strong></span> <span class='ocrx_word' id='word_1_63' title='bbox 242 1376 311 1418; x_wconf 92' lang='lat' dir='ltr'><strong>non</strong></span> <span class='ocrx_word' id='word_1_64' title='bbox 334 1354 422 1418; x_wconf 89' lang='lat' dir='ltr'><strong>idem</strong></span> <span class='ocrx_word' id='word_1_65' title='bbox 438 1354 571 1418; x_wconf 90' lang='lat' dir='ltr'><strong>videtur</strong></span> <span class='ocrx_word' id='word_1_66' title='bbox 585 1355 705 1440; x_wconf 85' lang='lat' dir='ltr'><strong>fuisse,</strong></span> <span class='ocrx_word' id='word_1_67' title='bbox 721 1376 759 1418; x_wconf 93' lang='lat' dir='ltr'><strong>ac</strong></span> <span class='ocrx_word' id='word_1_68' title='bbox 774 1362 972 1439; x_wconf 85' lang='lat' dir='ltr'><strong>antestatus,</strong></span> <span class='ocrx_word' id='word_1_69' title='bbox 997 1377 1094 1442; x_wconf 90' lang='lat' dir='ltr'><strong>quum</strong></span> <span class='ocrx_word' id='word_1_70' title='bbox 1117 1364 1151 1420; x_wconf 93' lang='lat' dir='ltr'><strong>et</strong></span> <span class='ocrx_word' id='word_1_71' title='bbox 1173 1364 1304 1421; x_wconf 90' lang='lat' dir='ltr'><strong>cetero-</strong></span> 
     </span>
     <span class='ocr_line' id='line_1_10' title="bbox 63 1461 1304 1549; baseline 0 -22"><span class='ocrx_word' id='word_1_72' title='bbox 63 1466 126 1549; x_wconf 87' lang='lat' dir='ltr'>quin</span> <span class='ocrx_word' id='word_1_73' title='bbox 141 1473 253 1527; x_wconf 84' lang='lat' dir='ltr'><strong>emtor</strong></span> <span class='ocrx_word' id='word_1_74' title='bbox 266 1463 301 1525; x_wconf 93' lang='lat' dir='ltr'><strong>in</strong></span> <span class='ocrx_word' id='word_1_75' title='bbox 315 1461 618 1546; x_wconf 87' lang='lat' dir='ltr'><strong>mancipationibus</strong></span> <span class='ocrx_word' id='word_1_76' title='bbox 634 1463 675 1526; x_wconf 90' lang='lat' dir='ltr'><strong>ab</strong></span> <span class='ocrx_word' id='word_1_77' title='bbox 699 1471 863 1530; x_wconf 89' lang='lat' dir='ltr'><strong>antestato</strong></span> <span class='ocrx_word' id='word_1_78' title='bbox 878 1464 1035 1530; x_wconf 85' lang='lat' dir='ltr'><strong>differret.</strong></span> <span class='ocrx_word' id='word_1_79' title='bbox 1056 1464 1175 1529; x_wconf 84' lang='lat' dir='ltr'><strong>Dictus</strong></span> <span class='ocrx_word' id='word_1_80' title='bbox 1194 1475 1304 1530; x_wconf 85' lang='lat' dir='ltr'><strong>autern</strong></span> 
     </span>
     <span class='ocr_line' id='line_1_11' title="bbox 62 1573 1303 1658; baseline 0 -23"><span class='ocrx_word' id='word_1_81' title='bbox 62 1573 141 1656; x_wconf 84' lang='lat' dir='ltr'><strong>pater</strong></span> <span class='ocrx_word' id='word_1_82' title='bbox 153 1573 353 1654; x_wconf 79' lang='lat' dir='ltr'><strong>fiduciarius</strong></span> <span class='ocrx_word' id='word_1_83' title='bbox 380 1595 399 1634; x_wconf 96' lang='lat' dir='ltr'><strong>a</strong></span> <span class='ocrx_word' id='word_1_84' title='bbox 419 1579 589 1634; x_wconf 90' lang='lat' dir='ltr'><strong>contractu</strong></span> <span class='ocrx_word' id='word_1_85' title='bbox 612 1587 785 1653; x_wconf 71' lang='lat' dir='ltr'><strong>muneras,</strong></span> <span class='ocrx_word' id='word_1_86' title='bbox 809 1573 919 1655; x_wconf 93' lang='lat' dir='ltr'><strong>quiin</strong></span> <span class='ocrx_word' id='word_1_87' title='bbox 942 1573 1043 1636; x_wconf 91' lang='lat' dir='ltr'><strong>tertia</strong></span> <span class='ocrx_word' id='word_1_88' title='bbox 1059 1573 1303 1658; x_wconf 85' lang='lat' dir='ltr'><strong>mancipatione</strong></span> 
     </span>
     <span class='ocr_line' id='line_1_12' title="bbox 63 1677 1304 1765; baseline 0.001 -22"><span class='ocrx_word' id='word_1_89' title='bbox 63 1679 335 1764; x_wconf 84' lang='lat' dir='ltr'><strong>interponebatur,</strong></span> <span class='ocrx_word' id='word_1_90' title='bbox 350 1677 406 1742; x_wconf 89' lang='lat' dir='ltr'><strong>vel</strong></span> <span class='ocrx_word' id='word_1_91' title='bbox 422 1700 464 1741; x_wconf 87' lang='lat' dir='ltr'><strong>ex</strong></span> <span class='ocrx_word' id='word_1_92' title='bbox 480 1679 575 1742; x_wconf 90' lang='lat' dir='ltr'><strong>novis</strong></span> <span class='ocrx_word' id='word_1_93' title='bbox 590 1677 722 1763; x_wconf 85' lang='lat' dir='ltr'><strong>legibus</strong></span> <span class='ocrx_word' id='word_1_94' title='bbox 738 1680 838 1742; x_wconf 89' lang='lat' dir='ltr'><strong>tacite</strong></span> <span class='ocrx_word' id='word_1_95' title='bbox 860 1680 1071 1765; x_wconf 86' lang='lat' dir='ltr'><strong>interpositus</strong></span> <span class='ocrx_word' id='word_1_96' title='bbox 1092 1681 1304 1744; x_wconf 77' lang='lat' dir='ltr'><strong>censebatur:</strong></span> 
     </span>
     <span class='ocr_line' id='line_1_13' title="bbox 65 1787 1305 1874; baseline 0.002 -25"><span class='ocrx_word' id='word_1_97' title='bbox 65 1789 87 1868; x_wconf 82' lang='lat'><strong>§.</strong></span> <span class='ocrx_word' id='word_1_98' title='bbox 99 1791 149 1849; x_wconf 82' lang='lat' dir='ltr'><strong>ult.</strong></span> <span class='ocrx_word' id='word_1_99' title='bbox 166 1789 248 1849; x_wconf 84' lang='lat' dir='ltr'><strong>Inst.</strong></span> <span class='ocrx_word' id='word_1_100' title='bbox 268 1788 306 1849; x_wconf 88' lang='lat' dir='ltr'><strong>de</strong></span> <span class='ocrx_word' id='word_1_101' title='bbox 321 1787 423 1870; x_wconf 78' lang='lat' dir='ltr'><strong>Legit.</strong></span> <span class='ocrx_word' id='word_1_102' title='bbox 441 1788 537 1870; x_wconf 79' lang='lat' dir='ltr'><strong>edgn.</strong></span> <span class='ocrx_word' id='word_1_103' title='bbox 555 1808 687 1849; x_wconf 84' lang='lat' dir='ltr'><strong>success.</strong></span> <span class='ocrx_word' id='word_1_104' title='bbox 707 1805 871 1852; x_wconf 77' lang='lat' dir='ltr'><strong>movemus</strong></span> <span class='ocrx_word' id='word_1_105' title='bbox 887 1799 1008 1865; x_wconf 83' lang='lat' dir='ltr'><strong>eutem,</strong></span> <span class='ocrx_word' id='word_1_106' title='bbox 1034 1789 1165 1874; x_wconf 91' lang='lat' dir='ltr'><strong>(inquit</strong></span> <span class='ocrx_word' id='word_1_107' title='bbox 1184 1789 1305 1852; x_wconf 88' lang='lat' dir='ltr'><strong>Boeth.</strong></span> 
     </span>
    </p>
   </div>
   <div class='ocr_carea' id='block_1_7' title="bbox 66 1895 1305 2084">
    <p class='ocr_par' dir='ltr' id='par_1_7' title="bbox 66 1895 1305 2084">
     <span class='ocr_line' id='line_1_14' title="bbox 67 1895 1305 1982; baseline 0.002 -27"><span class='ocrx_word' id='word_1_108' title='bbox 67 1895 215 1958; x_wconf 81' lang='lat' dir='ltr'><strong>Canment.</strong></span> <span class='ocrx_word' id='word_1_109' title='bbox 236 1895 281 1955; x_wconf 86' lang='lat' dir='ltr'><strong>od</strong></span> <span class='ocrx_word' id='word_1_110' title='bbox 304 1895 399 1956; x_wconf 80' lang='lat' dir='ltr'><strong>Cicer.</strong></span> <span class='ocrx_word' id='word_1_111' title='bbox 417 1895 516 1978; x_wconf 79' lang='lat' dir='ltr'><strong>Ibpic.</strong></span> <span class='ocrx_word' id='word_1_112' title='bbox 531 1895 583 1976; x_wconf 92' lang='grc'><strong>4.)</strong></span> <span class='ocrx_word' id='word_1_113' title='bbox 602 1899 729 1980; x_wconf 80' lang='lat' dir='ltr'><strong>accipit,</strong></span> <span class='ocrx_word' id='word_1_114' title='bbox 747 1901 929 1982; x_wconf 81' lang='lat' dir='ltr'><strong>cuicumque</strong></span> <span class='ocrx_word' id='word_1_115' title='bbox 944 1918 997 1961; x_wconf 84' lang='lat' dir='ltr'><strong>res</strong></span> <span class='ocrx_word' id='word_1_116' title='bbox 1021 1899 1128 1980; x_wconf 79' lang='lat' dir='ltr'><strong>eliqua</strong></span> <span class='ocrx_word' id='word_1_117' title='bbox 1145 1901 1305 1980; x_wconf 69' lang='lat' dir='ltr'><strong>menapo-</strong></span> 
     </span>
     <span class='ocr_line' id='line_1_15' title="bbox 66 2007 376 2084; baseline 0 -21"><span class='ocrx_word' id='word_1_118' title='bbox 66 2011 115 2081; x_wconf 83' lang='lat' dir='ltr'><strong>tar,</strong></span> <span class='ocrx_word' id='word_1_119' title='bbox 127 2013 159 2066; x_wconf 86' lang='lat' dir='ltr'><strong>ut</strong></span> <span class='ocrx_word' id='word_1_120' title='bbox 173 2007 376 2084; x_wconf 73' lang='lat' dir='ltr'><strong>remancrpet.</strong></span> 
     </span>
    </p>
   </div>
   <div class='ocr_carea' id='block_1_8' title="bbox 636 2135 746 2218">
    <p class='ocr_par' dir='ltr' id='par_1_8' title="bbox 636 2135 746 2218">
     <span class='ocr_line' id='line_1_16' title="bbox 636 2135 746 2218; baseline 0 0"><span class='ocrx_word' id='word_1_121' title='bbox 636 2135 746 2218; x_wconf 38' lang='lat' dir='ltr'><strong>§.9st</strong></span> 
     </span>
    </p>
   </div>
   <div class='ocr_carea' id='block_1_9' title="bbox 235 2251 1127 2322">
    <p class='ocr_par' dir='ltr' id='par_1_9' title="bbox 235 2251 1127 2322">
     <span class='ocr_line' id='line_1_17' title="bbox 235 2251 1127 2322; baseline 0.004 -18"><span class='ocrx_word' id='word_1_122' title='bbox 235 2251 281 2305; x_wconf 89' lang='lat' dir='ltr'><strong>VI.</strong></span> <span class='ocrx_word' id='word_1_123' title='bbox 303 2251 401 2304; x_wconf 70' lang='lat' dir='ltr'><strong>lituae</strong></span> <span class='ocrx_word' id='word_1_124' title='bbox 418 2251 632 2321; x_wconf 72' lang='lat' dir='ltr'><strong>memipctioner.</strong></span> <span class='ocrx_word' id='word_1_125' title='bbox 657 2252 719 2305; x_wconf 89' lang='lat' dir='ltr'><em>VII.</em></span> <span class='ocrx_word' id='word_1_126' title='bbox 737 2252 866 2306; x_wconf 78' lang='lat' dir='ltr'><strong>Additstm</strong></span> <span class='ocrx_word' id='word_1_127' title='bbox 879 2261 990 2322; x_wconf 78' lang='lat' dir='ltr'><strong>pactum</strong></span> <span class='ocrx_word' id='word_1_128' title='bbox 998 2254 1127 2322; x_wconf 76' lang='lat' dir='ltr'><strong>fiduciae.</strong></span> 
     </span>
    </p>
   </div>
   <div class='ocr_carea' id='block_1_10' title="bbox 68 2368 1310 3102">
    <p class='ocr_par' dir='ltr' id='par_1_10' title="bbox 68 2368 1310 3102">
     <span class='ocr_line' id='line_1_18' title="bbox 133 2368 1307 2453; baseline -0.001 -19"><span class='ocrx_word' id='word_1_129' title='bbox 133 2371 193 2434; x_wconf 88' lang='lat' dir='ltr'><strong>His</strong></span> <span class='ocrx_word' id='word_1_130' title='bbox 211 2389 295 2453; x_wconf 87' lang='lat' dir='ltr'><strong>ergo</strong></span> <span class='ocrx_word' id='word_1_131' title='bbox 311 2369 550 2453; x_wconf 85' lang='lat' dir='ltr'><strong>praesentibus,</strong></span> <span class='ocrx_word' id='word_1_132' title='bbox 565 2368 724 2434; x_wconf 84' lang='lat' dir='ltr'><strong>naturalis</strong></span> <span class='ocrx_word' id='word_1_133' title='bbox 735 2377 833 2453; x_wconf 90' lang='lat' dir='ltr'><strong>pater</strong></span> <span class='ocrx_word' id='word_1_134' title='bbox 850 2368 953 2434; x_wconf 90' lang='lat' dir='ltr'><strong>lilium</strong></span> <span class='ocrx_word' id='word_1_135' title='bbox 971 2390 1063 2432; x_wconf 90' lang='lat' dir='ltr'><strong>sumn</strong></span> <span class='ocrx_word' id='word_1_136' title='bbox 1079 2371 1199 2434; x_wconf 85' lang='lat' dir='ltr'><strong>emtori</strong></span> <span class='ocrx_word' id='word_1_137' title='bbox 1214 2391 1307 2436; x_wconf 86' lang='lat' dir='ltr'><strong>man-</strong></span> 
     </span>
     <span class='ocr_line' id='line_1_19' title="bbox 68 2476 1307 2562; baseline 0.002 -24"><span class='ocrx_word' id='word_1_138' title='bbox 68 2477 199 2562; x_wconf 89' lang='lat' dir='ltr'><strong>cipabat,</strong></span> <span class='ocrx_word' id='word_1_139' title='bbox 223 2477 341 2558; x_wconf 90' lang='lat' dir='ltr'><strong>idest,</strong></span> <span class='ocrx_word' id='word_1_140' title='bbox 362 2498 459 2540; x_wconf 90' lang='lat' dir='ltr'><strong>manu</strong></span> <span class='ocrx_word' id='word_1_141' title='bbox 482 2476 635 2539; x_wconf 89' lang='lat' dir='ltr'><strong>tradebat</strong></span> <span class='ocrx_word' id='word_1_142' title='bbox 657 2477 778 2541; x_wconf 88' lang='lat' dir='ltr'><strong>additis</strong></span> <span class='ocrx_word' id='word_1_143' title='bbox 800 2478 927 2542; x_wconf 73' lang='lat' dir='ltr'><strong>verbiss</strong></span> <span class='ocrx_word' id='word_1_144' title='bbox 942 2495 1104 2542; x_wconf 68' lang='lat' dir='ltr'><strong>mancuso</strong></span> <span class='ocrx_word' id='word_1_145' title='bbox 1122 2492 1190 2542; x_wconf 78' lang='lat' dir='ltr'><strong>urm</strong></span> <span class='ocrx_word' id='word_1_146' title='bbox 1212 2495 1307 2544; x_wconf 74' lang='lat' dir='ltr'><strong>nuno</strong></span> 
     </span>
     <span class='ocr_line' id='line_1_20' title="bbox 68 2584 1307 2670; baseline 0.002 -23"><span class='ocrx_word' id='word_1_147' title='bbox 68 2603 180 2670; x_wconf 83' lang='lat' dir='ltr'><strong>num,</strong></span> <span class='ocrx_word' id='word_1_148' title='bbox 205 2602 266 2662; x_wconf 82' lang='lat' dir='ltr'><strong>Qus</strong></span> <span class='ocrx_word' id='word_1_149' title='bbox 286 2601 376 2649; x_wconf 86' lang='lat' dir='ltr'><strong>nnus</strong></span> <span class='ocrx_word' id='word_1_150' title='bbox 396 2599 469 2649; x_wconf 85' lang='lat' dir='ltr'><strong>ssr.</strong></span> <span class='ocrx_word' id='word_1_151' title='bbox 497 2584 546 2648; x_wconf 87' lang='lat' dir='ltr'><strong>At</strong></span> <span class='ocrx_word' id='word_1_152' title='bbox 564 2585 624 2648; x_wconf 86' lang='lat' dir='ltr'><strong>ille</strong></span> <span class='ocrx_word' id='word_1_153' title='bbox 653 2593 768 2653; x_wconf 83' lang='lat' dir='ltr'><strong>contra</strong></span> <span class='ocrx_word' id='word_1_154' title='bbox 791 2607 846 2650; x_wconf 87' lang='lat' dir='ltr'><strong>ea:</strong></span> <span class='ocrx_word' id='word_1_155' title='bbox 871 2603 965 2651; x_wconf 79' lang='lat' dir='ltr'><strong>nuuc</strong></span> <span class='ocrx_word' id='word_1_156' title='bbox 987 2605 1052 2650; x_wconf 85' lang='lat' dir='ltr'><strong>nco</strong></span> <span class='ocrx_word' id='word_1_157' title='bbox 1077 2603 1237 2650; x_wconf 83' lang='lat' dir='ltr'><strong>nonmsn</strong></span> <span class='ocrx_word' id='word_1_158' title='bbox 1259 2603 1307 2650; x_wconf 86' lang='lat' dir='ltr'><strong>sx</strong></span> 
     </span>
     <span class='ocr_line' id='line_1_21' title="bbox 69 2709 1306 2778; baseline 0.004 -25"><span class='ocrx_word' id='word_1_159' title='bbox 69 2709 140 2756; x_wconf 81' lang='lat' dir='ltr'><strong>suus</strong></span> <span class='ocrx_word' id='word_1_160' title='bbox 159 2709 343 2771; x_wconf 79' lang='lat' dir='ltr'><strong>qurmrrms</strong></span> <span class='ocrx_word' id='word_1_161' title='bbox 368 2710 466 2756; x_wconf 80' lang='lat' dir='ltr'><strong>nuum</strong></span> <span class='ocrx_word' id='word_1_162' title='bbox 489 2709 571 2760; x_wconf 77' lang='lat' dir='ltr'><strong>essu</strong></span> <span class='ocrx_word' id='word_1_163' title='bbox 592 2711 665 2777; x_wconf 74' lang='lat' dir='ltr'><strong>Ate,</strong></span> <span class='ocrx_word' id='word_1_164' title='bbox 684 2711 784 2771; x_wconf 79' lang='lat' dir='ltr'><strong>rsts</strong></span> <span class='ocrx_word' id='word_1_165' title='bbox 807 2713 884 2760; x_wconf 78' lang='lat' dir='ltr'><strong>nuru</strong></span> <span class='ocrx_word' id='word_1_166' title='bbox 904 2711 1017 2760; x_wconf 80' lang='lat' dir='ltr'><strong>surus</strong></span> <span class='ocrx_word' id='word_1_167' title='bbox 1038 2712 1102 2760; x_wconf 78' lang='lat' dir='ltr'><strong>ssu</strong></span> <span class='ocrx_word' id='word_1_168' title='bbox 1121 2711 1188 2758; x_wconf 77' lang='lat' dir='ltr'><strong>noo</strong></span> <span class='ocrx_word' id='word_1_169' title='bbox 1207 2711 1306 2778; x_wconf 74' lang='lat' dir='ltr'><strong>usus,</strong></span> 
     </span>
     <span class='ocr_line' id='line_1_22' title="bbox 71 2801 1305 2888; baseline 0.003 -26"><span class='ocrx_word' id='word_1_170' title='bbox 71 2817 128 2863; x_wconf 79' lang='lat' dir='ltr'><strong>uso</strong></span> <span class='ocrx_word' id='word_1_171' title='bbox 147 2817 329 2876; x_wconf 70' lang='lat' dir='ltr'><strong>sensaque</strong></span> <span class='ocrx_word' id='word_1_172' title='bbox 354 2819 475 2866; x_wconf 72' lang='lat' dir='ltr'><strong>mssa:</strong></span> <span class='ocrx_word' id='word_1_173' title='bbox 498 2801 692 2886; x_wconf 82' lang='lat' dir='ltr'><strong>statimque,</strong></span> <span class='ocrx_word' id='word_1_174' title='bbox 718 2823 872 2888; x_wconf 86' lang='lat' dir='ltr'><strong>percussa</strong></span> <span class='ocrx_word' id='word_1_175' title='bbox 899 2803 1005 2886; x_wconf 90' lang='lat' dir='ltr'><strong>libra,</strong></span> <span class='ocrx_word' id='word_1_176' title='bbox 1032 2802 1217 2866; x_wconf 85' lang='lat' dir='ltr'><strong>sestertium</strong></span> <span class='ocrx_word' id='word_1_177' title='bbox 1246 2823 1305 2866; x_wconf 87' lang='lat' dir='ltr'><strong>nu-</strong></span> 
     </span>
     <span class='ocr_line' id='line_1_23' title="bbox 71 2910 1308 2996; baseline 0.005 -26"><span class='ocrx_word' id='word_1_178' title='bbox 71 2911 185 2992; x_wconf 69' lang='lat' dir='ltr'><strong>mumk)</strong></span> <span class='ocrx_word' id='word_1_179' title='bbox 214 2910 297 2972; x_wconf 92' lang='lat' dir='ltr'><strong>dicis</strong></span> <span class='ocrx_word' id='word_1_180' title='bbox 320 2931 432 2974; x_wconf 89' lang='lat' dir='ltr'><strong>caussa</strong></span> <span class='ocrx_word' id='word_1_181' title='bbox 457 2910 612 2974; x_wconf 87' lang='lat' dir='ltr'><strong>tradebat</strong></span> <span class='ocrx_word' id='word_1_182' title='bbox 637 2912 686 2994; x_wconf 92' lang='lat' dir='ltr'><strong>ei,</strong></span> <span class='ocrx_word' id='word_1_183' title='bbox 710 2933 729 2974; x_wconf 90' lang='lat' dir='ltr'><strong>a</strong></span> <span class='ocrx_word' id='word_1_184' title='bbox 755 2931 822 2996; x_wconf 92' lang='lat' dir='ltr'><strong>quo</strong></span> <span class='ocrx_word' id='word_1_185' title='bbox 851 2910 955 2976; x_wconf 89' lang='lat' dir='ltr'><strong>filium</strong></span> <span class='ocrx_word' id='word_1_186' title='bbox 982 2919 1176 2996; x_wconf 86' lang='lat' dir='ltr'><strong>acceperat,</strong></span> <span class='ocrx_word' id='word_1_187' title='bbox 1209 2931 1308 2996; x_wconf 86' lang='lat' dir='ltr'><strong>quem</strong></span> 
     </span>
     <span class='ocr_line' id='line_1_24' title="bbox 72 3013 1310 3102; baseline 0.006 -26"><span class='ocrx_word' id='word_1_188' title='bbox 72 3013 175 3082; x_wconf 91' lang='lat' dir='ltr'><strong>deinde</strong></span> <span class='ocrx_word' id='word_1_189' title='bbox 204 3017 413 3082; x_wconf 85' lang='lat' dir='ltr'><strong>sollemniter</strong></span> <span class='ocrx_word' id='word_1_190' title='bbox 438 3021 691 3084; x_wconf 86' lang='lat' dir='ltr'><strong>manumittebat</strong></span> <span class='ocrx_word' id='word_1_191' title='bbox 718 3027 834 3084; x_wconf 87' lang='lat' dir='ltr'><strong>emtor.</strong></span> <span class='ocrx_word' id='word_1_192' title='bbox 856 3017 1137 3102; x_wconf 86' lang='lat' dir='ltr'><strong>Quandoquidem</strong></span> <span class='ocrx_word' id='word_1_193' title='bbox 1159 3039 1240 3084; x_wconf 89' lang='lat' dir='ltr'><strong>vero</strong></span> <span class='ocrx_word' id='word_1_194' title='bbox 1264 3041 1310 3084; x_wconf 79' lang='lat' dir='ltr'><strong>ex</strong></span> 
     </span>
    </p>
   </div>
   <div class='ocr_carea' id='block_1_11' title="bbox 72 3263 1360 4611">
    <p class='ocr_par' dir='ltr' id='par_1_11' title="bbox 72 3263 1316 3426">
     <span class='ocr_line' id='line_1_25' title="bbox 72 3263 1316 3340; baseline 0.005 -22"><span class='ocrx_word' id='word_1_195' title='bbox 72 3263 130 3322; x_wconf 75' lang='lat' dir='ltr'><strong>ciras</strong></span> <span class='ocrx_word' id='word_1_196' title='bbox 144 3268 315 3336; x_wconf 70' lang='grc' dir='ltr'><strong><em>ἐπιψαύσεις,</em></strong></span> <span class='ocrx_word' id='word_1_197' title='bbox 334 3273 439 3326; x_wconf 59' lang='lat' dir='ltr'><strong>aunam</strong></span> <span class='ocrx_word' id='word_1_198' title='bbox 457 3275 591 3338; x_wconf 75' lang='lat' dir='ltr'><strong>tortiones,</strong></span> <span class='ocrx_word' id='word_1_199' title='bbox 608 3280 684 3340; x_wconf 85' lang='lat' dir='ltr'><strong>patet</strong></span> <span class='ocrx_word' id='word_1_200' title='bbox 701 3291 737 3327; x_wconf 89' lang='lat' dir='ltr'><strong>ex</strong></span> <span class='ocrx_word' id='word_1_201' title='bbox 755 3275 838 3328; x_wconf 88' lang='lat' dir='ltr'><strong>Clem.</strong></span> <span class='ocrx_word' id='word_1_202' title='bbox 856 3276 935 3328; x_wconf 79' lang='lat' dir='ltr'><strong>Alex.</strong></span> <span class='ocrx_word' id='word_1_203' title='bbox 955 3271 1053 3327; x_wconf 82' lang='lat' dir='ltr'><strong>Strom.</strong></span> <span class='ocrx_word' id='word_1_204' title='bbox 1072 3270 1099 3324; x_wconf 89' lang='lat' dir='ltr'><strong>V.</strong></span> <span class='ocrx_word' id='word_1_205' title='bbox 1113 3287 1140 3338; x_wconf 86' lang='lat' dir='ltr'><strong>p.</strong></span> <span class='ocrx_word' id='word_1_206' title='bbox 1152 3276 1211 3324; x_wconf 77' lang='lat'><strong>575.</strong></span> <span class='ocrx_word' id='word_1_207' title='bbox 1230 3269 1316 3325; x_wconf 70' lang='grc' dir='ltr'><strong>(10111.ι</strong></span> 
     </span>
     <span class='ocr_line' id='line_1_26' title="bbox 72 3354 676 3426; baseline 0.01 -21"><span class='ocrx_word' id='word_1_208' title='bbox 72 3354 175 3410; x_wconf 83' lang='lat' dir='ltr'><strong>limmm.</strong></span> <span class='ocrx_word' id='word_1_209' title='bbox 194 3357 226 3410; x_wconf 83' lang='lat' dir='ltr'><strong>de</strong></span> <span class='ocrx_word' id='word_1_210' title='bbox 245 3357 318 3426; x_wconf 74' lang='lat' dir='ltr'><strong>Leqe</strong></span> <span class='ocrx_word' id='word_1_211' title='bbox 339 3356 410 3412; x_wconf 66' lang='lat' dir='ltr'><strong>tine.</strong></span> <span class='ocrx_word' id='word_1_212' title='bbox 430 3376 452 3412; x_wconf 86' lang='lat' dir='ltr'><strong>c.</strong></span> <span class='ocrx_word' id='word_1_213' title='bbox 472 3361 512 3414; x_wconf 84' lang='lat'><strong>13.</strong></span> <span class='ocrx_word' id='word_1_214' title='bbox 532 3363 572 3414; x_wconf 83' lang='lat'><strong>14.</strong></span> <span class='ocrx_word' id='word_1_215' title='bbox 595 3357 676 3411; x_wconf 80' lang='lat' dir='ltr'><strong>Heia.</strong></span> 
     </span>
    </p>

    <p class='ocr_par' dir='ltr' id='par_1_12' title="bbox 72 3441 1360 3769">
     <span class='ocr_line' id='line_1_27' title="bbox 125 3441 1310 3512; baseline 0 -18"><span class='ocrx_word' id='word_1_216' title='bbox 125 3443 155 3504; x_wconf 69' lang='lat' dir='ltr'><strong>hl</strong></span> <span class='ocrx_word' id='word_1_217' title='bbox 174 3444 254 3496; x_wconf 79' lang='lat' dir='ltr'><strong>Serv.</strong></span> <span class='ocrx_word' id='word_1_218' title='bbox 273 3444 310 3496; x_wconf 83' lang='lat' dir='ltr'><strong>orl</strong></span> <span class='ocrx_word' id='word_1_219' title='bbox 325 3443 416 3512; x_wconf 73' lang='lat' dir='ltr'><strong>Ecloy.</strong></span> <span class='ocrx_word' id='word_1_220' title='bbox 441 3444 486 3498; x_wconf 87' lang='lat' dir='ltr'><strong>VI.</strong></span> <span class='ocrx_word' id='word_1_221' title='bbox 504 3462 528 3495; x_wconf 83' lang='lat' dir='ltr'><strong>u.</strong></span> <span class='ocrx_word' id='word_1_222' title='bbox 546 3449 574 3497; x_wconf 79' lang='grc'><strong>3.</strong></span> <span class='ocrx_word' id='word_1_223' title='bbox 591 3448 680 3497; x_wconf 76' lang='lat' dir='ltr'><strong>Aures</strong></span> <span class='ocrx_word' id='word_1_224' title='bbox 698 3445 838 3496; x_wconf 72' lang='lat' dir='ltr'><strong>mortae</strong></span> <span class='ocrx_word' id='word_1_225' title='bbox 851 3461 958 3509; x_wconf 75' lang='lat' dir='ltr'><strong>escrae,</strong></span> <span class='ocrx_word' id='word_1_226' title='bbox 976 3445 1005 3497; x_wconf 74' lang='lat' dir='ltr'><strong>td</strong></span> <span class='ocrx_word' id='word_1_227' title='bbox 1021 3453 1068 3508; x_wconf 79' lang='lat' dir='ltr'><strong>eat,</strong></span> <span class='ocrx_word' id='word_1_228' title='bbox 1088 3443 1236 3498; x_wconf 65' lang='lat' dir='ltr'><strong>Miseno.</strong></span> <span class='ocrx_word' id='word_1_229' title='bbox 1257 3441 1310 3495; x_wconf 80' lang='lat' dir='ltr'><strong>cni</strong></span> 
     </span>
     <span class='ocr_line' id='line_1_28' title="bbox 72 3523 1360 3600; baseline 0.005 -24"><span class='ocrx_word' id='word_1_230' title='bbox 72 3523 120 3578; x_wconf 87' lang='lat' dir='ltr'><strong>ideo</strong></span> <span class='ocrx_word' id='word_1_231' title='bbox 135 3544 213 3582; x_wconf 84' lang='lat' dir='ltr'><strong>aures</strong></span> <span class='ocrx_word' id='word_1_232' title='bbox 232 3532 374 3594; x_wconf 80' lang='lat' dir='ltr'><strong>argenteas</strong></span> <span class='ocrx_word' id='word_1_233' title='bbox 392 3545 427 3580; x_wconf 82' lang='lat' dir='ltr'><strong>ex</strong></span> <span class='ocrx_word' id='word_1_234' title='bbox 447 3534 511 3582; x_wconf 87' lang='lat' dir='ltr'><strong>voto</strong></span> <span class='ocrx_word' id='word_1_235' title='bbox 532 3531 615 3584; x_wconf 82' lang='lat' dir='ltr'><strong>solvit</strong></span> <span class='ocrx_word' id='word_1_236' title='bbox 630 3530 743 3600; x_wconf 86' lang='lat' dir='ltr'><strong>quidam</strong></span> <span class='ocrx_word' id='word_1_237' title='bbox 762 3531 837 3597; x_wconf 87' lang='lat' dir='ltr'><strong>apud</strong></span> <span class='ocrx_word' id='word_1_238' title='bbox 855 3531 963 3584; x_wconf 85' lang='lat' dir='ltr'><strong>Gruter.</strong></span> <span class='ocrx_word' id='word_1_239' title='bbox 980 3531 1068 3585; x_wconf 81' lang='lat' dir='ltr'><strong>Inscr.</strong></span> <span class='ocrx_word' id='word_1_240' title='bbox 1082 3548 1114 3599; x_wconf 81' lang='lat' dir='ltr'><strong>p.</strong></span> <span class='ocrx_word' id='word_1_241' title='bbox 1132 3545 1167 3582; x_wconf 80' lang='lat' dir='ltr'><strong>nt.</strong></span> <span class='ocrx_word' id='word_1_242' title='bbox 1185 3529 1267 3582; x_wconf 88' lang='lat' dir='ltr'><em>LXI.</em></span> <span class='ocrx_word' id='word_1_243' title='bbox 1286 3534 1310 3582; x_wconf 91' lang='lat' dir='ltr'><strong>l.</strong></span> <span class='ocrx_word' id='word_1_244' title='bbox 1357 3535 1360 3539; x_wconf 83' lang='grc'><strong>“</strong></span> 
     </span>
     <span class='ocr_line' id='line_1_29' title="bbox 72 3611 1310 3690; baseline 0.004 -27"><span class='ocrx_word' id='word_1_245' title='bbox 72 3611 105 3663; x_wconf 80' lang='lat' dir='ltr'><strong>lio</strong></span> <span class='ocrx_word' id='word_1_246' title='bbox 119 3616 243 3667; x_wconf 85' lang='lat' dir='ltr'><strong>adludere</strong></span> <span class='ocrx_word' id='word_1_247' title='bbox 262 3613 420 3690; x_wconf 78' lang='lat' dir='ltr'><strong>Trebatium</strong></span> <span class='ocrx_word' id='word_1_248' title='bbox 438 3616 470 3668; x_wconf 86' lang='lat' dir='ltr'><strong>L.</strong></span> <span class='ocrx_word' id='word_1_249' title='bbox 489 3621 532 3668; x_wconf 83' lang='lat'><strong>21.</strong></span> <span class='ocrx_word' id='word_1_250' title='bbox 548 3634 592 3684; x_wconf 81' lang='lat' dir='ltr'><strong>pr.</strong></span> <span class='ocrx_word' id='word_1_251' title='bbox 606 3618 641 3669; x_wconf 88' lang='lat' dir='ltr'><strong>D.</strong></span> <span class='ocrx_word' id='word_1_252' title='bbox 656 3617 688 3668; x_wconf 82' lang='lat' dir='ltr'><strong>de</strong></span> <span class='ocrx_word' id='word_1_253' title='bbox 706 3617 889 3670; x_wconf 65' lang='lat' dir='ltr'><strong>raresceret</strong></span> <span class='ocrx_word' id='word_1_254' title='bbox 904 3615 938 3668; x_wconf 84' lang='lat' dir='ltr'><strong>V·</strong></span> <span class='ocrx_word' id='word_1_255' title='bbox 953 3616 985 3667; x_wconf 83' lang='lat' dir='ltr'><strong>A.</strong></span> <span class='ocrx_word' id='word_1_256' title='bbox 998 3617 1047 3668; x_wconf 89' lang='lat' dir='ltr'><strong>Ev.</strong></span> <span class='ocrx_word' id='word_1_257' title='bbox 1062 3618 1129 3668; x_wconf 91' lang='lat' dir='ltr'><strong>Otto</strong></span> <span class='ocrx_word' id='word_1_258' title='bbox 1142 3616 1174 3667; x_wconf 83' lang='lat' dir='ltr'><strong>de</strong></span> <span class='ocrx_word' id='word_1_259' title='bbox 1190 3614 1310 3683; x_wconf 76' lang='lat' dir='ltr'><strong>Jurispr.</strong></span> 
     </span>
     <span class='ocr_line' id='line_1_30' title="bbox 72 3696 608 3769; baseline 0.009 -21"><span class='ocrx_word' id='word_1_260' title='bbox 72 3696 160 3762; x_wconf 73' lang='lat' dir='ltr'><strong>symbol.</strong></span> <span class='ocrx_word' id='word_1_261' title='bbox 178 3699 231 3752; x_wconf 78' lang='lat' dir='ltr'><strong>Ex.</strong></span> <span class='ocrx_word' id='word_1_262' title='bbox 250 3699 292 3751; x_wconf 86' lang='lat' dir='ltr'><strong>II.</strong></span> <span class='ocrx_word' id='word_1_263' title='bbox 312 3719 334 3752; x_wconf 88' lang='lat' dir='ltr'><strong>e.</strong></span> <span class='ocrx_word' id='word_1_264' title='bbox 351 3704 377 3752; x_wconf 82' lang='lat'><strong>3.</strong></span> <span class='ocrx_word' id='word_1_265' title='bbox 393 3719 421 3769; x_wconf 89' lang='lat' dir='ltr'><strong>p.</strong></span> <span class='ocrx_word' id='word_1_266' title='bbox 441 3704 499 3754; x_wconf 90' lang='grc'><strong>144.</strong></span> <span class='ocrx_word' id='word_1_267' title='bbox 528 3701 608 3754; x_wconf 78' lang='lat' dir='ltr'><strong>Heln.</strong></span> 
     </span>
    </p>

    <p class='ocr_par' dir='ltr' id='par_1_13' title="bbox 73 3783 1312 3938">
     <span class='ocr_line' id='line_1_31' title="bbox 127 3783 1312 3861; baseline 0.003 -24"><span class='ocrx_word' id='word_1_268' title='bbox 127 3786 147 3853; x_wconf 81' lang='lat' dir='ltr'><strong>i)</strong></span> <span class='ocrx_word' id='word_1_269' title='bbox 167 3784 306 3838; x_wconf 87' lang='lat' dir='ltr'><strong>Nimirum</strong></span> <span class='ocrx_word' id='word_1_270' title='bbox 318 3783 524 3861; x_wconf 72' lang='lat' dir='ltr'><strong>visigothorum</strong></span> <span class='ocrx_word' id='word_1_271' title='bbox 543 3787 638 3854; x_wconf 85' lang='lat' dir='ltr'><strong>Gajus.</strong></span> <span class='ocrx_word' id='word_1_272' title='bbox 669 3787 740 3840; x_wconf 87' lang='lat' dir='ltr'><strong>Nam</strong></span> <span class='ocrx_word' id='word_1_273' title='bbox 757 3784 883 3853; x_wconf 79' lang='lat' dir='ltr'><strong>genuinis</strong></span> <span class='ocrx_word' id='word_1_274' title='bbox 897 3785 960 3854; x_wconf 76' lang='lat' dir='ltr'><strong>GaJi</strong></span> <span class='ocrx_word' id='word_1_275' title='bbox 977 3785 1195 3839; x_wconf 84' lang='lat' dir='ltr'><strong>institutionibus</strong></span> <span class='ocrx_word' id='word_1_276' title='bbox 1213 3784 1246 3850; x_wconf 87' lang='lat' dir='ltr'><strong>is,</strong></span> <span class='ocrx_word' id='word_1_277' title='bbox 1264 3783 1312 3840; x_wconf 92' lang='lat' dir='ltr'><strong>cui</strong></span> 
     </span>
     <span class='ocr_line' id='line_1_32' title="bbox 73 3867 882 3938; baseline 0.006 -22"><span class='ocrx_word' id='word_1_278' title='bbox 73 3867 130 3921; x_wconf 83' lang='lat' dir='ltr'><strong>ilius</strong></span> <span class='ocrx_word' id='word_1_279' title='bbox 145 3870 327 3936; x_wconf 86' lang='lat' dir='ltr'><strong>mancipatur,</strong></span> <span class='ocrx_word' id='word_1_280' title='bbox 345 3872 396 3924; x_wconf 92' lang='lat' dir='ltr'><strong>boc</strong></span> <span class='ocrx_word' id='word_1_281' title='bbox 413 3869 524 3926; x_wconf 88' lang='lat' dir='ltr'><strong>nomine</strong></span> <span class='ocrx_word' id='word_1_282' title='bbox 541 3887 597 3933; x_wconf 85' lang='lat' dir='ltr'><strong>non</strong></span> <span class='ocrx_word' id='word_1_283' title='bbox 615 3871 776 3938; x_wconf 80' lang='lat' dir='ltr'><strong>appellatur.</strong></span> <span class='ocrx_word' id='word_1_284' title='bbox 794 3869 882 3924; x_wconf 64' lang='lat' dir='ltr'><strong>Mitt.</strong></span> 
     </span>
    </p>

    <p class='ocr_par' dir='ltr' id='par_1_14' title="bbox 73 3953 1313 4611">
     <span class='ocr_line' id='line_1_33' title="bbox 128 3953 1311 4023; baseline -0.003 -15"><span class='ocrx_word' id='word_1_285' title='bbox 128 3957 158 4023; x_wconf 82' lang='lat' dir='ltr'><strong>l)</strong></span> <span class='ocrx_word' id='word_1_286' title='bbox 179 3955 262 4021; x_wconf 83' lang='lat' dir='ltr'><strong>Apud</strong></span> <span class='ocrx_word' id='word_1_287' title='bbox 276 3956 376 4021; x_wconf 84' lang='lat' dir='ltr'><strong>Gajum</strong></span> <span class='ocrx_word' id='word_1_288' title='bbox 388 3963 442 4010; x_wconf 87' lang='lat' dir='ltr'><strong>est:</strong></span> <span class='ocrx_word' id='word_1_289' title='bbox 467 3958 551 4010; x_wconf 80' lang='lat' dir='ltr'><strong>Unum</strong></span> <span class='ocrx_word' id='word_1_290' title='bbox 565 3966 611 4009; x_wconf 83' lang='lat' dir='ltr'><strong>aut</strong></span> <span class='ocrx_word' id='word_1_291' title='bbox 625 3959 690 4010; x_wconf 80' lang='lat' dir='ltr'><strong>deor</strong></span> <span class='ocrx_word' id='word_1_292' title='bbox 703 3973 803 4009; x_wconf 82' lang='lat' dir='ltr'><strong>numos.</strong></span> <span class='ocrx_word' id='word_1_293' title='bbox 820 3956 854 4008; x_wconf 91' lang='lat' dir='ltr'><strong>Id</strong></span> <span class='ocrx_word' id='word_1_294' title='bbox 865 3972 931 4010; x_wconf 84' lang='lat' dir='ltr'><strong>vero</strong></span> <span class='ocrx_word' id='word_1_295' title='bbox 947 3954 1139 4023; x_wconf 89' lang='lat' dir='ltr'><strong>proculdubio</strong></span> <span class='ocrx_word' id='word_1_296' title='bbox 1157 3954 1192 4005; x_wconf 87' lang='lat' dir='ltr'><strong>ab</strong></span> <span class='ocrx_word' id='word_1_297' title='bbox 1204 3953 1311 4006; x_wconf 82' lang='lat' dir='ltr'><strong>Aniene</strong></span> 
     </span>
     <span class='ocr_line' id='line_1_34' title="bbox 73 4039 1311 4110; baseline 0.001 -22"><span class='ocrx_word' id='word_1_298' title='bbox 73 4043 111 4090; x_wconf 86' lang='lat' dir='ltr'><strong>est</strong></span> <span class='ocrx_word' id='word_1_299' title='bbox 126 4042 155 4094; x_wconf 92' lang='lat' dir='ltr'><strong>ln</strong></span> <span class='ocrx_word' id='word_1_300' title='bbox 171 4039 420 4105; x_wconf 84' lang='lat' dir='ltr'><strong>mancipationibus</strong></span> <span class='ocrx_word' id='word_1_301' title='bbox 439 4059 546 4108; x_wconf 86' lang='lat' dir='ltr'><strong>semper</strong></span> <span class='ocrx_word' id='word_1_302' title='bbox 560 4042 749 4110; x_wconf 88' lang='lat' dir='ltr'><strong>requirebatur</strong></span> <span class='ocrx_word' id='word_1_303' title='bbox 768 4059 951 4105; x_wconf 77' lang='lat' dir='ltr'><strong>numerantes,</strong></span> <span class='ocrx_word' id='word_1_304' title='bbox 970 4050 1084 4110; x_wconf 81' lang='lat' dir='ltr'><strong>quatuor</strong></span> <span class='ocrx_word' id='word_1_305' title='bbox 1096 4041 1201 4103; x_wconf 81' lang='lat' dir='ltr'><strong>accium,</strong></span> <span class='ocrx_word' id='word_1_306' title='bbox 1221 4039 1249 4090; x_wconf 94' lang='lat' dir='ltr'><strong>id</strong></span> <span class='ocrx_word' id='word_1_307' title='bbox 1262 4043 1311 4102; x_wconf 77' lang='lat' dir='ltr'><strong>est,</strong></span> 
     </span>
     <span class='ocr_line' id='line_1_35' title="bbox 73 4123 1311 4194; baseline 0.003 -21"><span class='ocrx_word' id='word_1_308' title='bbox 73 4127 203 4179; x_wconf 89' lang='lat' dir='ltr'><strong>sestertius.</strong></span> <span class='ocrx_word' id='word_1_309' title='bbox 219 4127 315 4178; x_wconf 84' lang='lat' dir='ltr'><strong>Testes</strong></span> <span class='ocrx_word' id='word_1_310' title='bbox 329 4133 393 4180; x_wconf 89' lang='lat' dir='ltr'><strong>sunt</strong></span> <span class='ocrx_word' id='word_1_311' title='bbox 404 4127 594 4194; x_wconf 88' lang='lat' dir='ltr'><strong>inscriptiones</strong></span> <span class='ocrx_word' id='word_1_312' title='bbox 609 4129 682 4194; x_wconf 87' lang='lat' dir='ltr'><strong>apud</strong></span> <span class='ocrx_word' id='word_1_313' title='bbox 696 4131 851 4192; x_wconf 84' lang='lat' dir='ltr'><strong>Gruterum,</strong></span> <span class='ocrx_word' id='word_1_314' title='bbox 863 4132 891 4179; x_wconf 92' lang='lat' dir='ltr'><strong>ct</strong></span> <span class='ocrx_word' id='word_1_315' title='bbox 905 4129 988 4193; x_wconf 86' lang='lat' dir='ltr'><strong>Spon.</strong></span> <span class='ocrx_word' id='word_1_316' title='bbox 999 4125 1112 4178; x_wconf 83' lang='lat' dir='ltr'><strong>Miscell.</strong></span> <span class='ocrx_word' id='word_1_317' title='bbox 1122 4141 1149 4191; x_wconf 85' lang='lat' dir='ltr'><strong>p.</strong></span> <span class='ocrx_word' id='word_1_318' title='bbox 1166 4123 1311 4177; x_wconf 72' lang='lat' dir='ltr'><strong>coxon.</strong></span> 
     </span>
     <span class='ocr_line' id='line_1_36' title="bbox 73 4196 1313 4279; baseline 0.002 -21"><span class='ocrx_word' id='word_1_319' title='bbox 73 4206 202 4279; x_wconf 89' lang='lat' dir='ltr'><strong>inquibus</strong></span> <span class='ocrx_word' id='word_1_320' title='bbox 222 4227 329 4276; x_wconf 89' lang='lat' dir='ltr'><strong>semper</strong></span> <span class='ocrx_word' id='word_1_321' title='bbox 342 4196 375 4263; x_wconf 52' lang='lat' dir='ltr'><strong>‘in</strong></span> <span class='ocrx_word' id='word_1_322' title='bbox 392 4213 638 4279; x_wconf 89' lang='lat' dir='ltr'><strong>mancipationibus</strong></span> <span class='ocrx_word' id='word_1_323' title='bbox 657 4215 758 4266; x_wconf 91' lang='lat' dir='ltr'><strong>mentio</strong></span> <span class='ocrx_word' id='word_1_324' title='bbox 774 4216 805 4267; x_wconf 87' lang='lat' dir='ltr'><strong>tit</strong></span> <span class='ocrx_word' id='word_1_325' title='bbox 819 4224 952 4266; x_wconf 81' lang='lat' dir='ltr'><strong>sssrmru</strong></span> <span class='ocrx_word' id='word_1_326' title='bbox 972 4225 1039 4262; x_wconf 82' lang='lat' dir='ltr'><strong>uum</strong></span> <span class='ocrx_word' id='word_1_327' title='bbox 1058 4223 1147 4261; x_wconf 77' lang='lat' dir='ltr'><strong>unlus</strong></span> <span class='ocrx_word' id='word_1_328' title='bbox 1166 4211 1313 4262; x_wconf 85' lang='lat' dir='ltr'><strong>Testantur</strong></span> 
     </span>
     <span class='ocr_line' id='line_1_37' title="bbox 73 4294 1312 4362; baseline 0.004 -19"><span class='ocrx_word' id='word_1_329' title='bbox 73 4301 160 4348; x_wconf 79' lang='lat' dir='ltr'><strong>veteres</strong></span> <span class='ocrx_word' id='word_1_330' title='bbox 183 4301 318 4360; x_wconf 84' lang='lat' dir='ltr'><strong>auctores,</strong></span> <span class='ocrx_word' id='word_1_331' title='bbox 336 4297 420 4349; x_wconf 87' lang='lat' dir='ltr'><strong>veluti</strong></span> <span class='ocrx_word' id='word_1_332' title='bbox 438 4299 546 4353; x_wconf 75' lang='lat' dir='ltr'><strong>vitruv,</strong></span> <span class='ocrx_word' id='word_1_333' title='bbox 565 4299 708 4353; x_wconf 72' lang='lat' dir='ltr'><strong>Architect.</strong></span> <span class='ocrx_word' id='word_1_334' title='bbox 725 4301 750 4352; x_wconf 90' lang='grc' dir='ltr'><strong>Ι.</strong></span> <span class='ocrx_word' id='word_1_335' title='bbox 769 4306 810 4352; x_wconf 82' lang='lat'><strong>4.:</strong></span> <span class='ocrx_word' id='word_1_336' title='bbox 831 4299 917 4350; x_wconf 76' lang='lat' dir='ltr'><strong>Nemo</strong></span> <span class='ocrx_word' id='word_1_337' title='bbox 937 4295 1054 4349; x_wconf 84' lang='lat' dir='ltr'><strong>sestertio</strong></span> <span class='ocrx_word' id='word_1_338' title='bbox 1079 4294 1209 4362; x_wconf 79' lang='lat' dir='ltr'><strong>mancipio</strong></span> <span class='ocrx_word' id='word_1_339' title='bbox 1235 4296 1312 4348; x_wconf 80' lang='lat' dir='ltr'><strong>dedit.</strong></span> 
     </span>
     <span class='ocr_line' id='line_1_38' title="bbox 74 4379 1313 4450; baseline 0.003 -20"><span class='ocrx_word' id='word_1_340' title='bbox 74 4379 184 4436; x_wconf 78' lang='lat' dir='ltr'><strong>Testatm</strong></span> <span class='ocrx_word' id='word_1_341' title='bbox 201 4384 293 4449; x_wconf 89' lang='lat' dir='ltr'><strong>ipsum</strong></span> <span class='ocrx_word' id='word_1_342' title='bbox 308 4383 356 4450; x_wconf 88' lang='lat' dir='ltr'><strong>jus</strong></span> <span class='ocrx_word' id='word_1_343' title='bbox 374 4389 516 4437; x_wconf 85' lang='lat' dir='ltr'><strong>nostrum:</strong></span> <span class='ocrx_word' id='word_1_344' title='bbox 534 4387 568 4437; x_wconf 87' lang='lat' dir='ltr'><strong>L.</strong></span> <span class='ocrx_word' id='word_1_345' title='bbox 585 4385 632 4437; x_wconf 87' lang='lat' dir='ltr'><strong>ult.</strong></span> <span class='ocrx_word' id='word_1_346' title='bbox 650 4384 678 4438; x_wconf 79' lang='lat' dir='ltr'><strong>C.</strong></span> <span class='ocrx_word' id='word_1_347' title='bbox 697 4387 727 4437; x_wconf 83' lang='lat' dir='ltr'><strong>de</strong></span> <span class='ocrx_word' id='word_1_348' title='bbox 747 4385 844 4437; x_wconf 86' lang='lat' dir='ltr'><strong>Donat.</strong></span> <span class='ocrx_word' id='word_1_349' title='bbox 863 4383 911 4435; x_wconf 90' lang='lat' dir='ltr'><strong>ubi</strong></span> <span class='ocrx_word' id='word_1_350' title='bbox 928 4379 1044 4435; x_wconf 82' lang='lat' dir='ltr'><strong>conferri</strong></span> <span class='ocrx_word' id='word_1_351' title='bbox 1061 4385 1199 4431; x_wconf 87' lang='lat' dir='ltr'><strong>merentur</strong></span> <span class='ocrx_word' id='word_1_352' title='bbox 1217 4381 1313 4446; x_wconf 86' lang='lat' dir='ltr'><strong>Cujac.</strong></span> 
     </span>
     <span class='ocr_line' id='line_1_39' title="bbox 78 4464 1313 4538; baseline 0.002 -20"><span class='ocrx_word' id='word_1_353' title='bbox 78 4464 127 4518; x_wconf 80' lang='lat' dir='ltr'><strong>Otr.</strong></span> <span class='ocrx_word' id='word_1_354' title='bbox 151 4470 188 4521; x_wconf 89' lang='grc' dir='ltr'><strong>Χ.</strong></span> <span class='ocrx_word' id='word_1_355' title='bbox 207 4473 251 4522; x_wconf 84' lang='grc'><strong>37.</strong></span> <span class='ocrx_word' id='word_1_356' title='bbox 277 4469 366 4522; x_wconf 88' lang='grc' dir='ltr'><strong>ΧΙΧ.</strong></span> <span class='ocrx_word' id='word_1_357' title='bbox 383 4474 425 4523; x_wconf 81' lang='lat'><strong>³1.</strong></span> <span class='ocrx_word' id='word_1_358' title='bbox 454 4472 518 4523; x_wconf 79' lang='lat' dir='ltr'><strong>Ant</strong></span> <span class='ocrx_word' id='word_1_359' title='bbox 537 4469 681 4538; x_wconf 75' lang='lat' dir='ltr'><strong>Angustia</strong></span> <span class='ocrx_word' id='word_1_360' title='bbox 700 4471 810 4524; x_wconf 62' lang='lat' dir='ltr'><strong>mend.</strong></span> <span class='ocrx_word' id='word_1_361' title='bbox 828 4469 871 4522; x_wconf 88' lang='lat' dir='ltr'><strong>II.</strong></span> <span class='ocrx_word' id='word_1_362' title='bbox 890 4474 915 4524; x_wconf 85' lang='grc'><strong>7.</strong></span> <span class='ocrx_word' id='word_1_363' title='bbox 941 4467 1016 4521; x_wconf 85' lang='lat' dir='ltr'><strong>Frid.</strong></span> <span class='ocrx_word' id='word_1_364' title='bbox 1033 4467 1186 4520; x_wconf 86' lang='lat' dir='ltr'><strong>Brummer.</strong></span> <span class='ocrx_word' id='word_1_365' title='bbox 1207 4467 1239 4518; x_wconf 85' lang='lat' dir='ltr'><strong>rte</strong></span> <span class='ocrx_word' id='word_1_366' title='bbox 1257 4466 1313 4538; x_wconf 64' lang='lat' dir='ltr'><strong>Iege</strong></span> 
     </span>
     <span class='ocr_line' id='line_1_40' title="bbox 77 4547 340 4611; baseline 0.015 -10"><span class='ocrx_word' id='word_1_367' title='bbox 77 4547 135 4606; x_wconf 77' lang='lat' dir='ltr'><strong>tite.</strong></span> <span class='ocrx_word' id='word_1_368' title='bbox 151 4572 174 4607; x_wconf 90' lang='lat' dir='ltr'><strong>c.</strong></span> <span class='ocrx_word' id='word_1_369' title='bbox 193 4560 235 4611; x_wconf 83' lang='lat'><strong>14.</strong></span> <span class='ocrx_word' id='word_1_370' title='bbox 259 4553 340 4606; x_wconf 75' lang='lat' dir='ltr'><strong>Hebe.</strong></span> 
     </span>
    </p>
   </div>
   <div class='ocr_carea' id='block_1_12' title="bbox 0 0 1563 5154">
    <p class='ocr_par' dir='ltr' id='par_1_15' title="bbox 0 0 1563 5154">
     <span class='ocr_line' id='line_1_41' title="bbox 0 0 1563 5154; baseline 0 0"><span class='ocrx_word' id='word_1_371' title='bbox 0 0 1563 5154; x_wconf 95' lang='lat' dir='ltr'><strong> </strong></span> 
     </span>
    </p>
   </div>
  </div>
 </body>
</html>
