3130 5148
475 1421 973 1551 anonumum.
1064 1539 1067 1546 .
1125 1524 1130 1533 .

78 1861 195 1980 Quum
209 1885 418 1976 Justinianus
433 1883 620 1972 Imperator
634 1884 667 1951 in
684 1887 929 1953 Institutionum
942 1891 1115 1976 prooemio
1132 1913 1210 1956 suae
1225 1895 1331 1978 potis-

77 1992 402 2088 simumcollectionis
414 2001 507 2058 texat
522 1993 708 2061 historiam=
724 1997 841 2062 facturi
850 1998 1037 2062 videbimur
1045 2021 1167 2084 operae
1177 2001 1329 2086 pretium,

78 2105 99 2165 si
113 2112 145 2166 et
158 2126 220 2167 nos
236 2100 327 2165 illius
344 2102 500 2187 exemplo
515 2119 612 2168 lutus
627 2123 760 2170 Romam
777 2125 1039 2190 connscmorssss,
1055 2116 1122 2170 tum
1140 2110 1330 2172 anteJusti-

78 2213 210 2295 sianum,
228 2220 297 2275 mm
313 2219 432 2295 postea
446 2212 626 2298 coniectas,
645 2214 750 2278 veluti
765 2236 826 2298 per
841 2215 983 2281 indicem
998 2216 1267 2294 recensuerimus.
1286 2205 1289 2211 ¹

366 2435 380 2445 ,,
709 2377 738 2439 1.

332 2491 434 2558 layum
450 2492 584 2559 rogarem
603 2375 734 2552 allino.
747 2506 794 2548 cett
805 2493 856 2562 jue
872 2494 1061 2562 Pupil-lanum.
1086 2535 1089 2544 .
1134 2447 1139 2516 Δ·

149 2593 280 2656 Urbem
292 2591 434 2655 Romam
450 2592 615 2676 principio
629 2605 728 2675 neges
741 2592 898 2675 habuere,
914 2594 971 2680 qui
986 2613 1085 2657 manu
1106 2593 1202 2658 initio
1216 2595 1328 2659 omnia

76 2719 195 2782 regere,
219 2708 340 2784 postea
362 2721 442 2764 vero
464 2709 498 2763 et
519 2699 614 2784 leges
640 2701 797 2786 quasdam
824 2703 964 2766 curiatas
991 2703 1033 2768 ad
1057 2704 1216 2790 populum
1239 2703 1326 2766 ferre

76 2813 259 2892 coeperunt.
290 2807 399 2870 Tacit
418 2811 536 2874 Annal.
558 2810 621 2872 III.
645 2808 697 2874 26.
723 2809 762 2872 L.
783 2808 813 2872 2.
838 2811 869 2890 §.
884 2809 914 2872 2.
934 2811 975 2874 Ι).
993 2813 1033 2875 de
1058 2813 1147 2894 Ort'g.
1156 2813 1225 2893 jur.
1254 2811 1325 2876 Has

75 2912 160 2998 leges
169 2914 283 2998 regias
297 2918 343 2996 ⁸),
355 2915 496 2978 maxime
509 2931 626 2999 sacrus,
638 2917 760 3000 primus
772 2916 955 3000 collegitC.
963 2917 1115 3001 Papisiui
1130 2919 1175 3001 ¹²),
1191 2939 1214 2982 s.
1223 2917 1325 3002 Papi-

135 3121 167 3186 a)
188 3121 227 3172 H.
247 3119 279 3172 Ε.
299 3119 416 3170 Dirisea
430 3116 592 3172 Uebersicht
607 3120 659 3171 der
676 3119 830 3188 bisherigen
843 3119 983 3173 Versuche
1000 3133 1050 3171 zur
1068 3119 1160 3173 Kritik
1178 3121 1235 3174 und
1253 3123 1324 3177 Her-

74 3207 185 3272 uellung
203 3205 255 3258 des
270 3205 371 3256 'restes
390 3204 438 3256 der
451 3201 656 3270 umauleibsel
673 3219 727 3256 von
746 3205 798 3256 den
814 3205 949 3256 Geselzen
968 3203 1016 3254 der
1033 3201 1186 3255 riimisclten
1198 3205 1323 3270 Kiinige;

75 3285 167 3340 ineius
181 3289 264 3341 Vers.
276 3303 326 3340 zur
338 3286 430 3340 Kritils
444 3287 504 3340 und
517 3284 677 3354 Ausleguug
689 3289 737 3340 der
749 3287 865 3356 Quellen
880 3289 928 3341 des
944 3285 1011 3340 riim.
1024 3288 1125 3340 Rechts
1135 3285 1228 3356 (Leip.
1240 3291 1321 3357 1823)

75 3387 141 3426 num.
160 3379 180 3426 6
196 3391 224 3440 p.
243 3377 295 3426 2134
313 3389 373 3442 sqq.
397 3371 485 3424 Mali.
1061 3379 1064 3386 ’

137 3460 171 3526 b)
183 3455 364 3524 >Pomponius
390 3457 421 3508 L.
433 3461 458 3508 2.
472 3457 493 3523 ἦ.
505 3461 532 3509 2.
548 3463 574 3506 et
590 3459 634 3509 36.
653 3455 688 3508 D.
701 3457 733 3508 de
753 3455 784 3508 0.
800 3458 828 3508 J.
842 3457 926 3510 modo
943 3458 1061 3521 metum,
1078 3455 1162 3509 modo
1182 3455 1308 3511 Publium
1314 3479 1325 3521 ,-

74 3542 222 3610 Dionysius
235 3557 302 3616 vero
313 3541 549 3604 Halicarnasseus,
567 3538 612 3592 cui
624 3539 772 3607 plurimum
785 3560 817 3596 ea
832 3541 860 3595 in
875 3559 908 3596 re
921 3542 1096 3616 credendum,
1118 3539 1212 3612 Coum
1220 3545 1323 3611 'adpel-

74 3627 115 3678 lat
131 3625 280 3692 [Meminit
296 3627 413 3693 Dionys.
431 3625 521 3678 nialla
547 3626 574 3678 V.
595 3633 617 3678 1.
637 3631 664 3678 et
682 3625 771 3678 Manli
788 3625 911 3694 Papirii,
929 3627 977 3696 qni
1001 3629 1097 3681 eodem
1122 3627 1178 3679 iere
1200 3631 1324 3696 tempore

75 3712 164 3765 floruit.
182 3713 287 3765 Verum
300 3711 324 3764 is
342 3709 463 3763 nonfuit
481 3709 614 3776 pontilem
629 3711 678 3763 sed
692 3727 742 3763 rex
756 3725 904 3765 sacrorum.
923 3711 982 3764 Nec
996 3709 1164 3765 adsentimus
1176 3715 1323 3768 Perizonio

75 3795 207 3850 dalmacio.
229 3795 288 3849 list.
308 3815 330 3849 e.
348 3801 374 3848 2.
386 3814 414 3865 p.
428 3799 471 3848 89.
494 3795 542 3864 qui
561 3795 689 3864 »spumam
707 3804 835 3850 vocatum
859 3811 920 3850 esse
937 3795 1089 3860 existimat,
1112 3812 1167 3852 non
1186 3801 1222 3853 ob
1241 3802 1323 3853 aliam
1417 3817 1423 3822 ·

74 3881 208 3946 milonem,
224 3897 308 3950 quam
326 3880 402 3948 quod
419 3881 472 3932 hoe
486 3882 614 3949 frequens
630 3879 805 3948 Papirianum
822 3897 989 3949 praenomen
1000 3879 1102 3952 luerit]
1113 3884 1213 3945 'Quum
1231 3887 1322 3936 autem

74 3964 195 4032 Gujacius
207 3967 348 4027 observet,
361 3965 391 4017 iu
408 3964 548 4017 codicibus
564 3965 656 4019 MSS:
667 3965 721 4034 legi
743 3965 788 4018 VI.
808 3981 858 4032 pro
873 3965 999 4020 Sextum:
1015 3984 1071 4020 non
1083 3967 1187 4030 cubito,
1201 3965 1267 4034 quin
1285 3983 1321 4020 ex

73 4057 131 4103 nota
143 4049 276 4104 numerali
290 4049 370 4103 mxu
378 4065 541 4115 praenomen
554 4049 608 4103 sibi
625 4051 754 4103 linxerint
768 4047 880 4104 scribae.
899 4053 1058 4120 siguificare
1068 4065 1134 4105 vero
1150 4047 1257 4101 videtur
1270 4063 1320 4102 nu-

73 4149 155 4188 merus
172 4136 239 4202 iste,
254 4133 412 4200 Papirium,
431 4151 512 4204 quem
528 4133 680 4202 Dionysius
694 4135 920 4190 Halicarnasseus
943 4138 1090 4204 praecipue
1109 4147 1198 4186 sacras
1214 4130 1321 4189 Numae
1434 4187 1440 4194 ,

73 4216 139 4282 leges
156 4219 300 4287 colleg-isse
318 4220 415 4284 refert,
434 4226 513 4273 sento
532 4221 643 4274 demum
660 4220 731 4275 libro
748 4219 868 4288 reliquas
885 4219 959 4294 leges
972 4219 1075 4287 regias,
1089 4215 1176 4270 ueluti
1188 4218 1320 4298 adpendi-

73 4318 133 4368 cem,
146 4305 291 4372 adjecisse:
311 4302 386 4354 uude
402 4302 440 4354 ita
458 4303 677 4374 lor'san'legond'a
693 4306 777 4361 verba
789 4306 951 4375 Pomponii:
970 4323 1036 4374 quae
1055 4317 1143 4354 omnes
1157 4306 1321 4374 conscriptae

73 4391 201 4442 certamin
210 4389 280 4442 libro
290 4396 365 4440 secto
376 4388 405 4440 Ο.
421 4389 532 4458 Papirii
540 4389 619 4442 Helm
631 4391 700 4459 (vid.
710 4391 840 4446 Auctoris
846 4391 959 4460 praelat.
977 4385 1053 4440 Uhlii
1061 4385 1202 4451 opusculis
1210 4389 1247 4442 ad
1256 4391 1319 4443 hist.

70 4469 118 4534 jur.
135 4479 159 4524 et
175 4473 298 4527 maxime
315 4475 352 4526 ad
372 4474 520 4542 Pomponii
538 4475 678 4529 Enehirid.
698 4475 796 4528 illustr.
815 4488 916 4541 praem.
934 4491 961 4540 p.
978 4470 1065 4524 nvn.
1084 4473 1319 4542 Bynkcrshoeckii

74 4554 258 4612 Praetermissa
284 4559 320 4611 ad
349 4559 382 4610 L.
401 4564 427 4612 2.
451 4559 488 4612 Ι).
507 4561 595 4614 tle-O.
620 4561 646 4611 J.
670 4561 756 4628 (opp.
783 4561 815 4612 Τ.
838 4577 865 4626 p.
884 4563 910 4610 et
928 4573 971 4625 ap.
995 4555 1059 4610 Uhl.
1085 4575 1112 4625 p.
1131 4561 1221 4624 aaa).
1245 4561 1319 4622 EG.

1103 4641 1123 4704 1
