3030 5160
191 373 264 443 472
659 363 733 431 Lm.
760 363 821 430 111.
847 362 926 430 Trr.
952 363 978 432 l.

194 557 387 636 annuemus
402 557 476 607 suls
492 541 538 624 lt),
554 541 655 626 idque
672 562 716 616 ex
734 540 865 626 legibus
879 539 954 604 XII
968 539 1172 604 Tabularum
1191 545 1242 602 est
1255 537 1324 619 ⁸)
1314 529 1354 601 in
1378 536 1454 621 qui-

195 654 254 715 bus
269 651 316 714 ita
331 625 439 714 ¹suerat
458 658 603 713 cautum.
622 630 688 714 n'ss·
708 666 741 714 s1
757 663 950 714 surnsrnro
968 665 1139 730 norman,
1157 664 1213 711 cnr
1231 663 1317 712 suns
1338 658 1455 708 annas

193 777 259 823 uno
281 775 388 838 nscrr,
405 773 589 822 nncnarns
608 773 783 841 rnoxrnns
805 773 973 820 nnuman
990 773 1142 820 nnnnro.
1163 754 1258 819 Paul.
1274 754 1312 814 1,.
1327 753 1362 815 9.
1379 753 1411 833 §.
1425 751 1456 814 2.

193 869 235 931 D.
250 869 289 929 de
303 867 405 928 Liber.
427 875 458 928 et
472 875 608 946 pastum.
629 865 768 950 Ulpiani
792 867 923 947 F'ragm.
939 865 1062 928 XXVI.
1077 864 1106 924 1.
1125 862 1217 948 (Gaj.
1232 861 1296 924 ΠΙ.
1317 860 1367 940 l.)
1395 858 1456 921 Ja-

195 973 271 1036 cobi
288 971 488 1037 Gothofredi
504 974 606 1054 Leges
623 973 696 1037 XII
703 973 798 1036 rata
813 975 874 1036 tob.
896 970 981 1036 142.
1002 971 1081 1036 Non
1096 990 1178 1054 ergo
1198 968 1377 1054 singulare
1394 965 1456 1028 fuit

193 1082 226 1144 in
249 1081 324 1145 XII
348 1079 488 1144 Tabulis
518 1087 617 1164 caput
649 1079 692 1142 de
721 1080 928 1160 successione
954 1101 1103 1162 suorum,
1129 1100 1191 1142 nec
1219 1078 1359 1162 proprie
1390 1074 1455 1138 dici

194 1196 324 1274 potest,
341 1209 398 1251 eos
421 1189 463 1251 ad
486 1187 724 1251 successionem
740 1187 819 1272 lege
841 1188 972 1271 vocari,
992 1188 1070 1272 qnia
1089 1207 1150 1270 per
1173 1194 1260 1252 sect
1282 1187 1358 1269 ipso
1378 1185 1454 1270 jure

195 1297 337 1359 heredes
356 1305 468 1377 erant,
486 1305 520 1359 et
537 1297 592 1380 jus
615 1297 664 1358 siri
687 1297 820 1360 heredis
835 1317 892 1359 eos
914 1279 1065 1358 dominos
1086 1292 1335 1380 quodammodo
1351 1292 1454 1354 facie-

195 1405 269 1487 bata
279 1405 378 1466 etiam
393 1404 471 1467 vivo
487 1414 640 1488 parente:
664 1405 694 1486 §-
708 1403 738 1466 2.
757 1405 833 1466 Inar.
849 1406 888 1466 da
898 1405 1014 1466 Herod.
1029 1407 1112 1485 qual.
1127 1413 1157 1466 ct
1172 1403 1275 1486 differ.
1291 1403 1331 1462 la.
1346 1399 1399 1462 11.
1414 1401 1453 1460 Ι).

194 1511 313 1575 dena.
333 1521 512 1594 otpertum.
528 1512 625 1593 adeo,
641 1519 678 1576 ut
697 1533 809 1575 eorum
832 1512 993 1574 successio
1015 1519 1167 1575 nontam
1189 1510 1362 1574 hereditas
1383 1527 1452 1570 esse

194 1619 381 1697 videretur,
405 1639 500 1704 quam
523 1621 726 1685 continuatio
748 1620 901 1684 dominii:
925 1619 1052 1704 Gujacii
1078 1621 1258 1682 Obaerontt.
1276 1617 1385 1679 XXV.
1404 1614 1450 1676 14.

194 1729 311 1793 Jacob.
327 1727 555 1792 Gothofredus
571 1731 614 1790 ad
627 1733 724 1812 legg.
741 1729 813 1792 XII
825 1723 915 1790 racd.
931 1729 993 1791 aab.
1015 1725 1050 1790 V.
1076 1727 1154 1792 Ant.
1169 1727 1285 1790 Faber
1300 1727 1342 1788 de
1355 1741 1447 1787 errat.

189 1846 352 1920 prngmntss
369 1839 443 1917 Dec.
459 1839 518 1899 ΙΙΙ.
534 1859 597 1900 err.
613 1835 642 1896 1.
658 1835 703 1918 tl).

781 1993 811 2076 a.
832 1993 862 2056 2.

623 2110 739 2170 Quinam
758 2111 821 2164 dicti
837 2109 947 2163 heredes
963 2080 1022 2162 ecci.²

280 2207 496 2274 Vocabantur
511 2232 592 2275 vero
615 2210 755 2285 heredes
776 2227 846 2294 sni,
866 2213 900 2274 in
916 2217 1084 2297 potestate
1106 2209 1254 2273 defuncti
1272 2203 1446 2284 constituti,

197 2321 319 2404 quique
352 2319 537 2404 proximum
562 2321 736 2403 potestatis
761 2319 871 2382 locum
901 2319 1108 2382 obtinebant.
1141 2318 1237 2403 (Gaj.
1258 2317 1325 2380 111.
1343 2313 1373 2376 2.
1395 2312 1443 2390 3.)

199 2427 300 2491 Tales
317 2437 411 2491 erant
427 2436 460 2491 et
476 2428 536 2490 filii
553 2437 587 2491 et
602 2426 700 2490 filiae.
716 2427 838 2511 Neque
855 2427 942 2489 enim
954 2425 1146 2490 Decemviri
1161 2447 1202 2495 ea
1216 2426 1250 2488 in
1266 2446 1306 2487 re
1324 2419 1445 2506 sequuti

198 2525 293 2597 erant
307 2537 362 2619 jus
382 2535 547 2612 Atticum,
571 2535 661 2618 quod
683 2535 788 2618 primo
813 2534 931 2597 ordine
954 2534 1058 2615 filios,
1085 2540 1216 2617 etpost
1243 2554 1304 2596 eos
1325 2531 1445 2594 demum

198 2641 283 2705 filias
310 2643 352 2704 ad
374 2643 592 2719 hereditatem
615 2650 786 2724 paternam
812 2641 1024 2706 admittebat:
1046 2643 1159 2707 Isaeua
1185 2643 1273 2704 Orat.
1294 2642 1357 2702 IX.
1391 2633 1441 2700 Sed

201 2751 242 2813 ab
262 2750 359 2812 initio
373 2749 472 2812 -urbis
489 2748 548 2812 filii
564 2759 598 2812 et
619 2749 709 2812 filiae
725 2770 832 2834 aequo
843 2749 920 2832 jure
944 2751 1085 2814 heredes
1104 2751 1154 2814 sui
1177 2757 1290 2816 erant:
1314 2747 1444 2810 Perire

199 2859 271 2920 nius
290 2859 328 2920 de
341 2859 379 2920 L.
399 2858 508 2940 Vocon.
524 2880 557 2940 p.
573 2858 644 2923 133.
663 2859 770 2921 Porro
794 2859 843 2922 sui
859 2857 1000 2922 heredes
1015 2866 1110 2924 erant
1128 2867 1269 2942 nepotes
1287 2864 1323 2932 et
1339 2863 1445 2938 neptes

202 2988 245 3030 ex
266 2965 342 3031 filiis
358 2965 523 3048 masculis,
541 2989 623 3052 quos
637 2966 672 3030 in
688 2949 855 3051 potestate
871 2989 949 3032 avus
965 2967 1129 3048 habebat,
1146 2965 1328 3046 dummodo
1345 2966 1446 3045 inpo-

201 3081 353 3138 testatem
371 3075 472 3158 patris
487 3098 554 3139 non
572 3082 681 3140 essent
697 3075 854 3141 recasuri:
876 3075 975 3140 Pauli
989 3074 1145 3138 Sententt.
1158 3075 1302 3155 Receptt.
1317 3073 1377 3134 IV.
1390 3067 1445 3132 84

200 3205 245 3266 aq.
267 3182 340 3246 Nec
361 3183 537 3268 intererat,
559 3183 729 3249 naturales·
749 3190 858 3246 essent
883 3182 917 3243 hi
937 3182 1052 3263 liberi,
1076 3204 1117 3246 an
1141 3179 1305 3265 adoptivi.
1325 3179 1395 3244 Imo
1414 3183 1444 3238 et

201 3311 295 3372 uxor,
321 3312 405 3374 quae
428 3293 462 3356 in
477 3315 575 3358 manu
592 3300 664 3358 erat
680 3291 805 3372 mariti,
821 3299 856 3354 et
878 3311 996 3372 nurus,
1012 3311 1097 3376 quae
1120 3289 1154 3384 in
1176 3311 1273 3352 manu
1292 3295 1361 3351 erat
1379 3281 1442 3358 filii,

202 3419 298 3482 quem
319 3400 390 3482 quis
411 3401 635 3484 inpotestate
658 3400 819 3481 habebat,
841 3398 928 3461 inter
950 3403 1024 3462 suos
1047 3397 1188 3462 heredes
1211 3395 1445 3472 referebantur,

200 3514 286 3570 teste
298 3505 443 3590 Ulpiano
459 3511 589 3590 Frogm.
603 3509 711 3570 XXII.
723 3508 773 3570 14.
790 3516 823 3572 et
839 3507 927 3592 Gajo
941 3508 1029 3590 opud
1042 3509 1211 3570 Auctorem
1229 3505 1342 3569 collat.
1357 3504 1447 3583 Legg.

271 3703 304 3772 b)
325 3703 420 3758 Ludna.
442 3707 516 3759 Frid.
537 3691 692 3773 Gricsingcr
715 3705 869 3760 Geccdr‘cltte
887 3707 944 3757 uad
953 3723 1020 3758 neue
1042 3703 1155 3756 Τῆοονίε
1174 3704 1223 3755 der
1242 3701 1337 3756 &sitta
1357 3701 1447 3763 statu.

203 3794 279 3844 1807.
292 3791 318 3842 8.
336 3789 426 3842 Hand.
443 3791 485 3846 Cf.
505 3792 705 3845 Mdhtcnbrrrch
720 3791 748 3844 in
766 3792 923 3844 conuocatis
941 3796 1075 3844 comment.
1098 3785 1238 3840 elaeatae.
1264 3784 1448 3841 Γ3111111111.

200 3893 228 3943 p.
248 3879 337 3928 140-
350 3880 407 3931 178.
424 3875 511 3930 Miilrl.
928 3917 930 3924 .

270 3961 299 4027 c)
319 3961 423 4030 Ino-et
438 3963 496 4030 jam
515 3970 594 4018 antea
607 3963 658 4015 sub
676 3962 785 4028 regibus
804 3962 917 4014 heredes
935 3975 1000 4014 suos
1018 3959 1052 4012 ab
1067 3959 1194 4012 intestato
1212 3955 1318 4022 primos
1333 3953 1447 4008 omniun

202 4045 374 4111 successisse,
392 4047 530 4101 existimat
553 4047 736 4114 Schultingius
757 4047 794 4099 cd
815 4046 921 4115 Ulpiani
938 4047 1047 4114 Frapm.
1067 4063 1097 4112 p.
1116 4049 1175 4097 665.
1199 4058 1286 4109 eaque
1304 4040 1333 4093 in
1353 4057 1383 4092 re
1400 4039 1448 4090 dis-

202 4129 352 4185 cessionem
366 4133 433 4188 facit
448 4150 465 4186 a
483 4136 609 4188 Galvano
625 4135 656 4186 de
673 4134 812 4201 masreca..
823 4151 844 4185 c.
863 4133 927 4200 31.
947 4136 986 4185 13.
1004 4150 1042 4201 sq.
1063 4130 1112 4248 qui
1129 4131 1200 4182 hanc
1223 4130 1312 4195 legem
1329 4144 1367 4179 ex
1378 4123 1448 4178 insti·

148 4271 153 4279 ,
202 4216 269 4268 tntis
288 4217 396 4278 Solonis
415 4219 536 4273 derivare
553 4221 664 4272 mavult.
681 4219 762 4272 Heia

272 4303 305 4367 d)
326 4303 477 4370 Praecipue
494 4305 547 4356 huc
564 4303 628 4358 facit
651 4305 727 4357 locus
746 4301 837 4356 Plauti
861 4301 1015 4354 Trinummo
1039 4300 1099 4354 Act.
1116 4299 1158 4352 II.
1178 4317 1213 4352 sc.
1228 4304 1255 4352 2.
1273 4318 1297 4351 o.
1315 4303 1359 4351 53.
1380 4294 1445 4361 apud

203 4401 283 4452 quem
296 4388 429 4454 Lysiteles
444 4388 516 4455 paui
533 4388 717 4454 interroganti,
735 4405 801 4442 num
814 4388 849 4440 de
861 4401 912 4440 ruo
924 4385 1069 4439 subvenire
1081 4385 1169 4438 amno
1186 4386 1274 4449 veltet,
1288 4382 1444 4450 respondet·

493 4473 536 4526 De
553 4492 628 4528 meo:
646 4492 707 4528 uam
726 4475 797 4544 qaod
814 4481 919 4532 mmet,
938 4479 1065 4524 meumst.-
1084 4489 1159 4524 cnm

620 4577 705 4612 meum
723 4569 809 4612 autem
828 4567 933 4611 tuomst.
969 4559 1050 4610 Heint
