3062 5164
211 360 285 428 280
593 355 774 420 Aurunmx
799 351 874 420 Lm.
900 351 925 420 l.
950 350 1034 460 Gar.
1059 354 1085 420 l.

216 529 389 594 Romanae
405 527 686 592 adnumerandum
705 535 764 590 est.
786 527 887 590 Sacra
905 525 1129 592 Romanorum
1142 525 1257 589 omnia
1273 531 1328 586 aut
1342 524 1446 605 publica

217 645 329 718 erant,
348 640 549 718 autprs‘outa.
572 635 727 718 Publica,
743 642 899 699 censente
914 637 1017 699 Festo
1032 637 1091 699 suh
1107 654 1192 698 voce
1209 633 1335 714 publico
1348 651 1378 712 p.
1391 629 1447 694 385.

217 751 312 810 erant
334 764 388 824 ea,
410 763 491 824 quoe
506 745 630 825 publico
649 753 756 806 sumtu
774 764 835 825 pro
854 748 969 825 populo
984 745 1129 822 stabant.-
1148 739 1297 824 privata,
1314 759 1387 820 quoe
1402 757 1447 818 pro

217 854 351 936 siugulis
368 851 540 912 hominbus
557 860 589 912 ct
598 853 743 929 familiis.
770 851 853 914 Tam
869 852 1089 914 necessarium
1108 848 1197 910 enim
1217 846 1393 925 videbatur,
1408 865 1446 905 sa-

218 956 428 1043 erepublica
453 939 610 1020 sumtibus
634 958 774 1041 publicis
799 959 934 1042 peragi,
956 965 1010 1042 ut,
1031 957 1229 1022 Theodosio
1249 955 1296 1018 M.
1317 960 1447 1034 negante,

218 1089 253 1130 se
278 1067 440 1150 impensas
462 1065 496 1126 in
519 1065 678 1129 sacrificia
701 1067 927 1130 Romanorum
956 1067 1277 1151 superstitiosissima
1300 1060 1447 1130 facturum,

217 1173 435 1257 responderet
449 1173 599 1250 SenatuS,
613 1173 655 1257 μὴ
673 1174 750 1239 κατὰ
766 1173 888 1258 θεσμὸν
901 1173 1097 1255 πράττεσθαι
1110 1174 1152 1252 ,τὰ
1168 1170 1344 1253 τελούμενα,
1357 1163 1392 1249 Wl
1405 1165 1446 1246 ll·

218 1289 328 1365 μοσίου
344 1283 401 1346 τοῦ
417 1279 633 1364 δαπανήμαιος
651 1279 740 1356 ὄντος
746 1331 754 1360 ,
772 1304 834 1345 non
848 1286 909 1344 rite
917 1283 1000 1360 sr'err‘
1014 1285 1182 1363 sacrificia,
1201 1284 1268 1343 πίει·
1278 1277 1390 1360 publico
1400 1274 1448 1350 fie-

219 1399 291 1454 rent
313 1397 436 1450 surntu:
454 1388 577 1450 Zosim.
593 1389 676 1451 Hr'st.
692 1390 748 1451 IV.
767 1388 818 1452 59.
843 1389 1018 1452 Publieum
1043 1392 1144 1454 totius
1161 1388 1253 1454 urbis
1274 1385 1375 1448 focum
1395 1379 1448 1441 ve-

221 1494 320 1558 stales
349 1496 549 1559 sanctissime
581 1496 817 1560 observabant:
851 1497 1002 1582 publicos
1027 1499 1186 1562 curiarum
1221 1495 1315 1557 focos
1336 1489 1447 1572 triginta

222 1625 302 1681 oum„
311 1605 375 1667 suis
395 1603 572 1666 curialibus
585 1603 758 1683 Curiones,
770 1626 930 1688 pagorum
948 1606 1011 1688 ipsi
1023 1605 1229 1689 singulorum
1248 1618 1397 1686 pagorum
1410 1616 1447 1655 sa-

222 1710 383 1774 cerdotes.
401 1711 561 1774 Privatim
574 1732 649 1774 suos
665 1713 803 1796 quisque
820 1712 906 1775 lares
922 1712 1101 1776 familiares
1115 1710 1364 1774 domi-colebat.
1378 1700 1446 1778 Quin

222 1827 256 1881 et
281 1819 469 1882 sacerdotes
494 1818 635 1905 familias
662 1820 799 1898 aluisse,
820 1821 876 1904 qui
900 1821 998 1884 sacris
1023 1821 1094 1885 istis
1116 1820 1255 1904 privatis
1274 1815 1446 1901 praeessent,

221 1927 298 1990 satis
314 1926 454 2011 adparet
476 1948 518 1989 ex
540 1948 700 1989 marmore
727 1927 814 2011 apud
837 1928 1029 1993 Reinesium
1052 1931 1252 2011 Inscrr'ption.
1274 1925 1367 1986 Clara.
1386 1917 1444 1994 Vp·
1494 1942 1495 2012 p

179 2063 195 2100 ι
218 2032 293 2106 888.
306 2056 336 2096 n.
352 2034 441 2095 LIII.
464 2035 497 2098 in
524 2057 590 2118 quo
610 2042 810 2098 memoratur
833 2054 1129 2120 1..r01.1rrcmnos.
1151 2055 1183 2099 r..
1205 2054 1234 2098 r.
1257 2037 1446 2095 rmnrrrrcus
1495 2044 1496 2082 r

221 2159 401 2208 SAcnrrnos.
416 2158 509 2205 suno.
521 2159 601 2204 ran.
623 2141 681 2207 Dii
697 2165 806 2228 neque
822 2143 901 2207 novi
915 2166 1025 2229 neque
1042 2144 1150 2207 exteri
1166 2138 1307 2206 adscisci
1322 2137 1446 2217 poterant
1496 2146 1497 2190 l

222 2246 442 2332 aRomanis,
472 2249 533 2312 nisi
557 2250 692 2334 publica
721 2252 918 2316 auctoritate
935 2253 987 2336 k),
1013 2251 1292 2337 quemadmodum
1316 2236 1447 2307 Aescula-
1497 2248 1498 2286 l

219 2359 307 2444 pium
328 2379 370 2420 ex
390 2358 570 2443 Epidauro,
588 2357 737 2442 Cybelen
758 2383 776 2422 e
795 2361 943 2446 Phrygia
956 2359 1091 2444 publico
1111 2357 1250 2423 decreto
1275 2351 1403 2424 adcll0⁸2
1423 2349 1446 2402 el
1498 2350 1499 2369 ¹

180 2453 185 2458 ⁵
223 2467 316 2552 quasi
340 2466 475 2528 civitate
502 2466 643 2530 donatos
675 2490 745 2531 esse
770 2478 915 2532 constat:
940 2468 1032 2531 Petr.
1054 2470 1165 2532 Faber
1191 2468 1338 2529 Semertr.
1359 2455 1408 2518 lll.
1426 2451 1447 2510 l.
1499 2452 1500 2458 ’

219 2573 331 2657 Ampl.
352 2573 532 2656 Bynkersh.
547 2576 586 2635 de
606 2575 708 2658 Relig.
723 2598 852 2658 peregr.
871 2577 955 2636 Diss.
972 2577 1014 2636 ΙΙ.
1030 2599 1063 2658 p.
1082 2575 1153 2638 246.
1173 2597 1221 2658 sq.
1248 2571 1333 2636 Hinc
1351 2566 1374 2627 si
1393 2558 1446 2642 quis
1500 2554 1501 2560 ἵ

215 2683 354 2765 privato
368 2680 505 2743 arbitrio
518 2683 695 2766 peregrina
707 2706 796 2746 sacra
807 2684 998 2746 induxerat:
1010 2684 1151 2748 Senatus
1163 2705 1204 2746 ea
1217 2678 1347 2766 publica
1358 2677 1446 2735 aucto-

220 2789 320 2851 ritate
344 2787 530 2853 damnabat.
559 2789 668 2867 Quale
692 2791 772 2875 qnid
795 2791 898 2853 refert
914 2791 986 2854 Liv.
1006 2791 1127 2854 11430.
1149 2791 1256 2852 XXV.
1271 2787 1299 2849 1.
1318 2771 1446 2845 XXXIX·

222 2895 407 2960 lavares.
426 2895 516 2960 Max.
535 2900 559 2958 I.
576 2898 606 2960 3.
633 2900 801 2982 Integrum
825 2898 946 2962 SCtum
970 2899 1193 2978 Marcianum,
1214 2884 1446 2960 Bacchanalibus

221 3004 426 3087 oppositum,
450 3005 555 3068 edidit
575 3005 683 3090 Raph.
702 3008 878 3069 Fabrettus
903 3008 1047 3088 Inscrt'pt.
1067 3030 1093 3070 c.
1119 3007 1170 3068 VI.
1187 3029 1224 3088 p.
1238 3002 1308 3066 427.
1329 3003 1359 3058 et
1376 2991 1447 3054 lucu·

222 3111 315 3176 lento
332 3114 568 3176 commentario
586 3113 764 3177 illustravit
778 3095 1119 3197 laudatusBynhersh.
1136 3115 1206 3176 ibid.
1229 3109 1276 3174 At
1290 3106 1345 3172 sub
1361 3103 1448 3180 Impe·

220 3219 385 3284 ratorihns
409 3221 513 3284 omnis
537 3221 724 3285 exterarum
751 3223 899 3306 gentium
928 3223 1118 3305 superstitio
1141 3221 1282 3283 Romam
1306 3200 1446 3278 confluxit,

221 3329 326 3392 veluti
341 3351 432 3393 sacra
452 3329 559 3411 Isidis,
576 3329 740 3391 Anubidis
755 3331 800 3412 ¹),
820 3329 977 3412 Mithrae,
998 3331 1053 3394 dei
1071 3328 1261 3414 Elagabali,
1277 3308 1446 3388 taurobolia

124 3497 128 3510 ,
222 3436 395 3518 criobolia,
408 3435 597 3520 aegobolia,
610 3445 644 3499 et
659 3438 827 3500 innumera
845 3438 920 3520 alia,
939 3439 981 3501 de
996 3439 1113 3523 quibus
1124 3439 1195 3522 jam
1212 3437 1254 3500 ab
1269 3431 1339 3496 aliis
1354 3431 1447 3488 actum·

222 3544 278 3607 Ab
298 3543 347 3604 his
365 3545 515 3608 omnibus
536 3544 774 3608 abhorruerant
794 3545 938 3622 Roman-i
956 3555 1106 3630 tempore
1125 3545 1252 3608 liberae
1271 3530 1447 3622 reipublicae

226 3661 260 3716 et
278 3673 369 3714 sacra
386 3653 493 3734 patria
512 3653 597 3715 adeo
614 3653 674 3716 sibi
691 3637 826 3737 propria
841 3662 1063 3737 servaverant,
1079 3662 1115 3717 ut
1132 3653 1186 3717 vel
1202 3652 1279 3715 ideo
1295 3635 1448 3748 municipe?

224 3784 290 3825 non
306 3761 498 3824 viderentur
520 3761 646 3844 optimo
660 3761 737 3844 jure
761 3761 849 3825 cives
872 3783 960 3844 esse,
976 3763 1054 3848 quia
1077 3741 1279 3825 noniisdem
1295 3775 1331 3818 ac
1349 3748 1385 3828 ii,
1405 3755 1448 3822 ‘lffl

295 4072 329 4137 k)
349 4070 413 4123 Vid.
437 4071 467 4122 F.
486 4069 516 4121 C.
535 4069 654 4123 Coun-adi
673 4071 747 4125 Diss.
767 4073 798 4123 rle
814 4071 862 4124 diis
879 4069 994 4123 heredib.
1009 4071 1088 4122 r'rrstr't.
1105 4068 1195 4136 (LipS.
1212 4071 1286 4121 1726.
1300 4066 1325 4113 et
1340 4045 1448 4108 inscflll·

225 4157 323 4209 minor.
342 4156 405 4209 edit.
424 4156 458 4208 ah
476 4155 591 4208 Pernioe
610 4157 671 4210 Vol.
691 4159 714 4208 l.
739 4175 812 4210 num.
831 4159 881 4223 ΙΙ.)
902 4158 922 4224 ξ.
940 4162 965 4209 4.
988 4156 1108 4210 Dirkscn
1134 4153 1201 4206 iiber
1225 4153 1273 4204 den
1289 4136 1397 4198 Zostand
1412 4130 1448 4180 dt?

217 4243 311 4311 jurist.
330 4243 471 4293 Personas
488 4241 556 4294 nacla
575 4241 655 4294 Rom.
677 4243 711 4296 R.
730 4244 758 4296 in
777 4243 820 4309 ej.
829 4243 925 4312 jurist.
944 4242 1012 4296 Aah.
1032 4244 1063 4294 Τ.
1085 4241 1119 4293 ll.
1137 4256 1164 4306 p.
1183 4243 1226 4291 24.
1245 4251 1302 4302 sqq.
1321 4221 1397 4281 Mitt.

296 4343 320 4408 l)
341 4342 460 4408 Serapis,
480 4360 560 4412 quern
579 4352 641 4397 anto
659 4345 727 4397 alios
746 4344 812 4396 deos
830 4343 914 4396 coluit
932 4347 1082 4409 Aegyptus,
1099 4342 1139 4394 uti
1158 4339 1267 4392 Tacitus
1284 4335 1320 4387 ait
1337 4325 1397 4380 Hist.
1408 4309 1447 4368 Ν·

226 4431 267 4480 82.
286 4428 390 4479 Rornae
408 4443 519 4496 quoque
536 4427 565 4482 in
582 4430 655 4483 circo
673 4429 816 4494 Flaminio,
835 4445 907 4482 nona
919 4429 994 4481 urbis
1008 4429 1126 4496 regione,
1139 4429 1268 4492 templum
1279 4412 1380 4480 accepit,
1395 4401 1448 4455 ¹0⁵st

226 4511 259 4564 P.
278 4511 396 4566 Victore.
415 4515 494 4566 Heln.
