3056 5168
212 401 285 468 ror
661 354 822 459 Lm‘rv.
847 389 928 462 ra.
953 370 1025 457 rx(

212 592 322 636 noxae
343 567 469 658 dedere
485 574 662 652 cogeretur
676 568 719 648 d).
740 565 842 631 Unde
854 565 916 631 bac
932 565 1074 630 similive
1089 543 1231 630 formula
1246 567 1461 632 intendeban·
1492 651 1494 660 s

212 692 267 744 tur
289 677 438 742 actiones
452 673 607 738 noxales=
627 691 700 756 nso,
716 671 892 756 sarcarum,
920 691 1038 736 unuvu
1061 691 1213 756 suevum,
1237 693 1360 757 nunno,
1388 681 1462 756 (nu-

213 803 303 867 nnus,
324 801 514 848 aenomaus
534 800 664 847 suarim
685 788 829 863 causis)
854 799 989 846 noxiam
1011 801 1090 847 urin
1111 799 1294 866 nuomssu3
1316 803 1360 848 nr
1381 803 1463 848 usu-

156 884 157 888 ’
212 911 298 958 vinu
329 899 399 956 aur
429 907 710 956 ansrrunrronun
746 905 934 972 surrunnu,
963 906 1033 952 sur
1061 905 1213 955 srrcnuu
1241 907 1360 954 noxas
1389 909 1463 955 snm

206 1012 347 1067 'nunnae
367 1007 552 1082 eroaricus.
574 999 627 1062 lta
642 998 729 1060 enim
745 997 829 1060 hane
846 998 984 1061 actionis
1006 998 1178 1062 formulam
1201 1017 1274 1060 sese
1303 997 1459 1077 babuisse,

212 1111 316 1194 magis
338 1107 554 1188 crediderim,
580 1127 677 1191 quarn
701 1106 868 1190 quomodo
893 1125 964 1169 earn
987 1106 1133 1190 concipit
1155 1105 1230 1169 Car.
1250 1105 1409 1190 Sigonius
1427 1107 1463 1166 de

212 1220 342 1281 Judiciis
357 1216 447 1278 nal.
461 1237 494 1300 pt
508 1215 581 1278 484.

859 1369 862 1376 ι

740 1389 956 1403 m

520 1591 525 1596 .
651 1531 737 1596 LlB.
759 1531 819 1594 IV.
843 1531 935 1594 TIT.
957 1530 1024 1594 lx,

211 1685 263 1758 SI
275 1679 596 1784 QUADRUPES
611 1677 925 1754 PAUPERIEM
937 1675 1157 1782 nnsissu
1172 1675 1411 1753 DlGA'l'UR
1425 1681 1464 1774 ¹).
1524 1621 1525 1632 l

239 1877 247 1888 ·
296 1846 437 1911 Noxalis
458 1867 592 1931 quoque
615 1854 665 1910 est
680 1863 782 1910 norro
804 1863 848 1908 nu
868 1861 1051 1908 ennesius:
1070 1844 1232 1929 siquidem
1254 1854 1290 1908 et
1311 1845 1353 1927 is,
1376 1847 1461 1929 cujus

213 1955 398 2040 quadrupes
415 1955 566 2020 damnum
588 1953 727 2017 dederat
742 1961 876 2037 praeter
891 1961 1039 2016 naturam
1062 1953 1195 2036 generis
1216 1952 1278 2033 sui,
1294 1952 1348 2016 vel
1364 1953 1462 2015 aesti-
1524 2013 1525 2036 3

212 2063 390 2125 mationem
423 2061 577 2141 sufferre,
611 2061 666 2124 vel
700 2060 948 2145 quadrupedem
981 2081 1092 2127 noxae
1124 2059 1251 2124 dedere
1274 2060 1464 2145 jubebatur.
1524 2091 1525 2148 r

212 2171 311 2235 Unde
336 2137 564 2250 non'lnirumq
580 2168 818 2254 Imperatorem
845 2166 971 2231 dehac
999 2189 1132 2253 quoque
1157 2168 1290 2232 actione
1316 2169 1464 2254 proxime
1524 2217 1525 2226 ,

212 2287 289 2364 post
310 2267 457 2342 noxales¹
470 2297 581 2362 agere.
1524 2273 1525 2280 ’

799 2419 828 2500 ς.
849 2417 879 2482 1.

522 2535 600 2608 Actio
618 2534 834 2604 quadrupedante
851 2552 883 2586 ea
903 2535 972 2588 XII
989 2532 1096 2588 Tabulis
1114 2543 1160 2588 est.

295 2636 392 2700 Haec
411 2655 544 2722 quoque
561 2636 648 2698 actio
668 2655 710 2696 ex
725 2615 873 2720 Legibus
886 2636 960 2700 XII
972 2635 1174 2700 Tabularum
1191 2633 1377 2716 descendit,
1393 2632 1465 2718 qui·
1524 2631 1525 2704 Ῠ

212 2745 272 2806 bus
290 2752 418 2806 cautum
441 2743 540 2820 fuisse
555 2741 712 2826 legimus:
735 2759 766 2808 si
788 2760 990 2820 Qunnnurns
1013 2761 1205 2808 eauruamu
1225 2759 1348 2826 anxir,
1364 2760 1468 2806 nour-

213 2868 279 2916 nus
308 2868 436 2916 NOXJAE
465 2867 655 2916 assrrumu
682 2842 853 2932 cursuro,
883 2867 914 2915 sr
942 2869 1066 2928 nourr,
1090 2868 1182 2927 ouon
1203 2869 1329 2933 noxrr,
1358 2867 1467 2914 baro:

211 2960 250 3021 L.
269 2958 298 3022 1.
313 2959 653 3043 princ.§.l.et2.1).
676 2961 705 3020 lt.
718 2969 748 3036 1.
769 2959 928 3039 (Dirksen
947 2960 1189 3044 Zwiilstufelges.
1203 2982 1239 3042 p.
1254 2957 1464 3038 532-539.)
1524 2961 1525 3018 l

211 3067 266 3130 De
282 3066 549 3152 quadrupedibus
571 3089 651 3152 ergo
673 3068 731 3130 lex
754 3068 841 3150 agit,
857 3067 1010 3154 adeoque
1026 3089 1066 3130 ea
1088 3066 1258 3151 aliquanto
1282 3067 1383 3130 latius
1407 3067 1467 3128 boc
1524 3087 1525 3090 ¹

213 3175 408 3240 vocabulum
431 3175 569 3260 accipit,
587 3198 684 3261 quarn
705 3177 762 3240 lex
783 3174 944 3260 Aquillia.
969 3174 1078 3254 Quum
1102 3177 1189 3241 enim
1211 3175 1296 3239 haec
1320 3174 1466 3260 pecudes

225 3441 228 3448 .
281 3399 313 3466 d)
333 3399 454 3452 Noxales
481 3399 600 3454 actiones
626 3403 708 3466 caput
729 3399 920 3468 sequebantur,
944 3398 1017 3452 unde
1040 3413 1147 3465 semper
1170 3415 1233 3452 cum
1250 3414 1285 3451 eo
1308 3398 1379 3452 actio
1397 3403 1464 3460 erat,
1524 3469 1525 3472 Ἴ

211 3483 289 3560 cujus
308 3471 434 3548 potestati
453 3485 562 3538 suberat
579 3486 661 3536 homo
680 3490 801 3549 tempore
816 3485 871 3538 litis
889 3491 987 3537 motae.
1005 3475 1113 3548 Quodsi
1125 3483 1168 3538 sui
1177 3483 1247 3551 juris
1263 3483 1467 3551 essecoeperit,
1524 3473 1525 3480 ¹

211 3567 343 3633 cumipse
362 3574 420 3620 erat
437 3569 539 3622 directa
556 3569 627 3620 actio
645 3587 680 3621 ex
694 3569 806 3632 delicto;
826 3570 868 3622 sin
880 3569 1003 3636 suijuris
1016 3571 1098 3622 bomo
1112 3585 1186 3622 noxa
1198 3563 1344 3622 commissa
1358 3572 1469 3624 alienae
1524 3591 1525 3610 r

211 3653 339 3720 potestati
358 3655 543 3721 subjiceretur,
561 3655 691 3707 adversus
709 3671 779 3716 eum,
798 3656 877 3722 cujus
895 3662 952 3708 erat
969 3655 997 3707 in
1015 3661 1157 3722 potestate,
1182 3655 1291 3707 noxalis
1310 3655 1386 3708 actio
1406 3658 1470 3708 data
1524 3665 1525 3736 ᾖ

212 3744 260 3791 est.
283 3738 359 3806 (Gaj.
372 3739 420 3792 IV.
439 3743 459 3808 t.
472 3736 528 3807 ¹77.)
549 3742 665 3806 Propter
682 3739 780 3792 noxias
798 3740 851 3806 ipsi
869 3741 981 3794 domino
993 3740 1117 3806 velpatri
1127 3740 1216 3794 illatas
1229 3741 1305 3794 nulla
1313 3747 1376 3794 erat
1386 3743 1470 3806 actio,
1524 3751 1525 3804 l

210 3842 246 3878 ne
263 3833 321 3877 tum
340 3825 458 3893 quidem,
478 3841 561 3893 quum
584 3824 612 3876 in
636 3823 752 3877 alienam
775 3831 935 3890 potestatem
959 3832 1055 3892 postea
1078 3825 1247 3892 pervenisset
1272 3827 1364 3881 bomo.
1386 3829 1471 3880 Unde
1524 3843 1525 3922 p

212 3909 365 3980 quaesitum
383 3905 445 3974 tuit,
461 3911 486 3963 si
503 3910 608 3962 alienus
626 3910 721 3963 servus
739 3911 782 3963 vel
800 3911 871 3962 filius
896 3911 955 3978 ejus
974 3912 1003 3965 iu
1028 3916 1163 3977 potestate
1189 3927 1249 3963 esse
1269 3913 1406 3978 coeperit,
1426 3911 1470 3964 cui
1524 3941 1525 3998 ,

211 4013 312 4050 noxam
330 3997 510 4058 commiserat,
528 4002 618 4046 utrum
637 3996 717 4060 plane
735 3995 954 4062 exstingueretur
965 3996 1046 4057 actio,
1063 4012 1098 4048 an
1114 3995 1265 4063 quiesceret
1280 4002 1404 4062 tantum,
1419 4000 1472 4051 hoa
1524 3999 1525 4042 l

211 4088 299 4148 pacto,
318 4087 348 4134 ut
365 4096 459 4133 rursus
478 4079 554 4132 ficita
572 4085 707 4144 potestate
724 4079 947 4133 resuscitaretur?
972 4084 1016 4135 De
1035 4098 1090 4151 qua
1108 4081 1269 4150 quaestione
1292 4081 1321 4134 in
1340 4081 1471 4136 diversas
1524 4093 1525 4148 l

210 4174 302 4234 partes
316 4165 407 4220 abiere
418 4164 558 4219 Sabiniani
571 4173 598 4218 et
610 4165 796 4232 Proculeium
813 4165 873 4233 Gaj.
886 4166 936 4219 IV.
948 4168 968 4234 ξ.
984 4169 1026 4220 78.
1046 4169 1080 4221 oi.
1092 4169 1123 4220 L.
1136 4171 1184 4221 37.
1192 4168 1226 4220 D.
1240 4168 1273 4218 de
1283 4165 1405 4224 uocaus.
1420 4179 1472 4222 aar.
1524 4149 1525 4192 l

211 4242 366 4306 etDirk‘sen
393 4250 477 4303 Ueber
494 4253 535 4304 die
555 4251 669 4305 &lmen
687 4253 736 4302 der
754 4250 832 4305 Rbus.
855 4251 1396 4319 Junzuencap.1.§.r.num.x1.in
1416 4257 1470 4308 deu
1524 4247 1525 4284 ³

210 4339 298 4392 Beier.
312 4357 364 4391 zur
376 4338 472 4390 Kunde
490 4339 534 4390 des
549 4339 585 4390 It.
597 4338 632 4390 R.
650 4353 676 4402 p.
690 4341 732 4390 87.
742 4351 783 4404 sq.
800 4338 832 4389 Id
844 4352 953 4406 quoque
967 4336 996 4390 in
1008 4336 1197 4390 controversia·
1206 4337 1385 4392 versabatur:
1401 4355 1470 4390 num

210 4427 251 4472 ter
265 4423 400 4490 mancipio
418 4423 525 4475 dandus
541 4420 622 4474 fucrit
640 4419 711 4473 filius
730 4438 766 4472 ex
783 4424 877 4476 noxali
895 4439 987 4487 causa,
1004 4440 1040 4476 an
1059 4440 1114 4476 una
1131 4425 1264 4476 sufficeret
1280 4422 1472 4490 mancipatio!
1524 4415 1525 4436 ¹

209 4505 272 4572 Gaj.
286 4508 333 4559 lv.
351 4510 372 4575 t.
386 4514 428 4562 79.
446 4514 478 4562 et
490 4508 610 4561 Dirlrsen
630 4507 646 4558 l.
659 4507 675 4558 l.
693 4523 767 4559 num.
780 4507 862 4560 xiil,
879 4524 907 4573 p.
918 4503 962 4561 89.’
975 4523 1016 4576 sq.
1035 4505 1122 4562 Miilrl.
1160 4536 1165 4542 -

278 4592 308 4656 a)
327 4593 463 4646 Zimmcrn
482 4593 499 4644 l.
515 4593 530 4644 l.
549 4610 571 4643 c.
583 4595 607 4643 5.
626 4591 902 4655 p.7s—117.Haab.
986 4643 993 4668 ἱ

493 4731 509 4760 ἢ
