3040 5164
303 399 361 468 na
385 398 493 466 Tasr.
518 396 644 467 Οιιιιιιι.
668 398 774 468 Tea-r.
799 351 1015 469 biremem.
1211 405 1284 474 128

39 574 239 656 servabatur,
254 581 291 638 ut
304 579 400 657 patet
415 595 458 638 ex
471 574 575 638 Libro
588 576 628 638 de
642 576 731 640 oras.
743 577 768 638 Ι.
782 575 834 640 38.
848 576 892 656 1¹).
914 577 1038 641 Postea
1052 575 1123 658 lilii,
1137 575 1172 642 in
1187 587 1286 662 pote—

38 694 114 750 state
129 681 321 762 constituti,
338 689 395 745 aut
415 681 627 762 instituendi,
644 691 701 746 aut
716 684 907 748 nominatim
931 683 1158 752 exheredandi
1174 696 1285 750 erants

33 817 78 876 pr.
94 795 173 854 Irsst.
193 793 235 854 de
250 789 335 853 Esb-
353 791 403 850 tid.
417 792 452 851 L.
467 789 520 854 30.
538 793 580 852 Ι).
599 791 638 854 de
655 790 718 852 Lr'd.
737 799 861 873 etpost.
882 793 1001 877 Itaque
1017 813 1061 855 ex
1077 811 1119 854 eo
1134 799 1285 877 tempore

37 901 114 964 tilios
136 919 217 962 suos
238 894 444 960 exheredare
468 897 601 982 quidem
623 897 766 978 licebat,
788 905 823 962 at
844 899 1037 964 nominatim
1052 904 1096 980 ⁸).
1122 898 1284 992 Idemque

38 1003 275 1070 observandum
292 1002 412 1068 eratin
434 1005 605 1088 adoptivo,
621 1005 777 1088 quamdiu
797 1006 831 1069 in
846 1015 1014 1090 potestate
1035 1016 1122 1089 erat,
1137 1007 1288 1093 itemque

38 1117 65 1178 in
80 1121 248 1198 postumo,
263 1131 331 1174 non
345 1111 425 1174 item
441 1111 475 1174 in
490 1121 651 1196 postuma.
669 1111 777 1175 Filiae
794 1113 880 1176 enirn
896 1124 1079 1198 postumae,
1095 1123 1235 1199 nepotes
1251 1125 1286 1180 et

39 1229 255 1305 pronepotes,
279 1219 475 1282 exheredari
498 1228 655 1304 poterant
677 1219 765 1283 inter
783 1230 928 1303 ceteros,
952 1221 1019 1284 imo
1043 1229 1078 1286 et
1101 1223 1286 1306 praeteriri,

42 1329 213 1394 dummodo
228 1335 400 1411 postumae
420 1327 567 1410 legatum
590 1325 845 1412 relinqueretur,
861 1349 904 1392 ne
926 1349 988 1413 per
1009 1329 1212 1394 oblivionem
1236 1331 1285 1395 vi·

41 1435 164 1500 deretur
185 1435 385 1519 praeterita:
400 1432 538 1518 Ulpiani
552 1434 684 1517 Fragm.
701 1435 808 1499 XXII.
823 1437 874 1500 21.
889 1459 934 1519 sq.
948 1437 993 1518 f).

608 1587 637 1668 s.
659 1585 710 1650 21.

248 1703 347 1756 Postea
364 1705 515 1756 restrictum
529 1721 582 1772 per
599 1703 734 1773 querelam
751 1703 892 1774 tnrrffies'oss'
908 1708 1061 1759 testamenti.

115 1807 159 1870 At
182 1826 283 1890 quum
308 1814 463 1890 parentes
486 1802 578 1866 abuti
600 1805 788 1889 coepissent
807 1806 869 1869 hac
892 1807 1117 1871 exheredandi
1139 1807 1286 1892 licentia,

46 1914 134 1978 veluti
148 1913 306 1994 Tettius,
329 1911 434 1995 quiin
450 1911 587 1998 gratiam
610 1933 774 1977 novercae
794 1913 896 1977 filium
918 1915 1078 1979 infantem
1101 1916 1286 1981 exhereda-

46 2021 103 2084 bat:
129 2021 250 2085 Valet.
268 2021 359 2083 Max.
383 2021 451 2081 VII.
470 2019 500 2080 7.
516 2017 651 2110 Reines.
672 2022 716 2081 ad
732 2023 890 2104 Inscrsptt.
915 2021 1055 2084 classi.
1077 2045 1108 2086 rs.
1127 2024 1167 2086 X.
1181 2046 1216 2106 p.
1235 2024 1286 2087 24.

46 2130 152 2193 sactum
182 2138 248 2210 est,
272 2135 309 2189 ut
336 2126 473 2212 querela
497 2127 671 2216 inofficiosi
693 2113 883 2194 testamenti
906 2129 1146 2193 concederetur
1172 2131 1286 2194 liberis

44 2239 149 2322 injuste
171 2235 392 2310 exheredatis.
413 2236 458 2298 Et
480 2232 522 2295 de
545 2253 585 2296 ea
601 2233 798 2318 judicabant
821 2235 1041 2298 Centumviri:
1067 2216 1286 2302 ValersMax.

48 2347 151 2408 Vrts.
167 2342 326 2422 Quinctil.
344 2344 421 2404 Inst.
436 2342 492 2406 IV.
510 2341 540 2404 7.
561 2341 648 2406 Plin.
669 2343 783 2424 Epistt.
798 2342 856 2404 IV.
872 2341 902 2404 8.
925 2342 1001 2420 Qua
1017 2344 1059 2407 de
1077 2364 1114 2406 re
1131 2343 1226 2428 plura
1244 2347 1286 2408 ad

45 2455 164 2514 titutum
180 2451 298 2514 XVIII.

609 2565 638 2646 s.
661 2564 712 2627 22.

458 2679 532 2732 Nova
549 2679 868 2756 Justinicniconsts'tuts'e.

115 2769 185 2846 'sed
201 2781 390 2846 Justiniano
414 2779 553 2844 minuse
575 2780 748 2864 republica
766 2782 870 2845 visum
891 2791 956 2864 est,
980 2790 1102 2847 tantam
1124 2804 1193 2845 reru
1215 2804 1285 2847 esse

51 2891 248 2953 arbitrariam.
270 2890 363 2953 Hinc
379 2896 484 2952 certas
508 2897 634 2952 tanturn
651 2888 695 2951 ob
712 2911 838 2952 caussas
853 2898 956 2952 ratam
981 2911 1052 2952 esse
1069 2891 1167 2975 jussit
1183 2891 1286 2954 exhe-

48 2997 258 3078 redationem,
282 3017 361 3081 quas
382 2996 548 3059 recensuit
565 2997 646 3058 Nov.
666 2996 728 3058 ΟΧ
729 2997 763 3058 V.
784 3001 818 3057 et
837 2992 1013 3084 dequibus
1032 2998 1128 3082 plura
1153 2999 1287 3064 tradunt

47 3103 267 3169 iureconsulti.

607 3219 636 3300 §-
656 3217 708 3280 22.

352 3333 492 3389 Abdicatio
511 3335 683 3387 discernenda
701 3331 733 3386 ab
752 3333 962 3387 exheredatione.

115 3438 279 3502 Addimus
300 3437 358 3500 sub
375 3438 488 3512 finem,
510 3433 774 3518 distinguendam
796 3436 839 3499 ab
856 3434 1118 3499 exheredatione
1140 3459 1210 3501 esse
1225 3455 1287 3502 ΑΒ·

47 3573 329 3592 ᾕ--ῑ--Ψ

104 3647 140 3714 d)
152 3647 201 3700 'Cb
219 3643 351 3710 Schilling
367 3643 446 3694 Bam.
464 3640 507 3694 iil.
526 3641 563 3694 R.
585 3641 619 3694 G.
637 3641 665 3706 p.
684 3643 774 3693 189-
786 3645 842 3694 191.
861 3641 948 3696 Miilsl.

104 3732 134 3797 e)
153 3727 225 3782 Non'
240 3728 428 3797 requirebatur
450 3732 540 3778 tamen
562 3725 684 3791 praecise
712 3741 811 3778 nomen
834 3727 988 3793 proprium,
1011 3728 1063 3780 sed
1085 3733 1113 3780 et
1138 3727 1287 3783 sufficiebat
1345 3745 1349 3754 ’

49 3813 191 3881 descriptio,
208 3815 252 3866 vel
270 3809 474 3874 demonstratio,
492 3828 515 3864 e.
532 3827 558 3877 g.
568 3810 646 3879 filius
664 3826 736 3861 meus
754 3809 864 3861 celeres
881 3821 944 3873 esto,
959 3811 1108 3870 dummodo
1125 3828 1196 3864 unus
1214 3820 1287 3866 esset

49 3898 124 3953 filius:
141 3907 189 3952 aut
206 3915 269 3950 cum
287 3896 376 3963 elogio
393 3897 437 3948 vel
456 3894 665 3947 convicimus
682 3895 865 3955 nominandus,
883 3913 935 3947 aon
944 3895 1022 3964 filius
1041 3914 1121 3958 meus,
1134 3897 1212 3961 latro,
1228 3899 1287 3965 pta·
1378 3925 1381 3934 ,

48 3985 137 4039 dictor:
160 3988 193 4038 L.
208 3988 237 4038 1.
256 3987 283 4036 2.
300 3987 327 4033 et
344 3985 369 4034 3.
387 3981 424 4032 D.
442 3980 474 4030 de
490 3979 549 4033 Lib.
569 3987 721 4046 otpertum.
746 3979 787 4031 CI.
807 3980 918 4033 Aleand.
940 3987 967 4032 et
984 3980 1068 4035 Oisel.
1086 3981 1122 4035 ad
1141 3981 1206 4048 Gsrji
1219 3981 1286 4034 Istat.

48 4066 81 4118 II.
98 4074 122 4122 3.
135 4071 224 4139 princ.
242 4070 325 4120 Barn.
343 4065 466 4118 Brisson.
485 4065 517 4116 cte
534 4064 625 4115 Form.
651 4063 728 4116 VIII.
743 4080 773 4131 p.
790 4067 850 4116 605.
868 4063 948 4116 Heia.

106 4156 135 4221 f)
153 4155 224 4208 ndd
243 4151 305 4217 Gaj.
322 4151 359 4202 11.
371 4151 392 4217 ξ.
411 4152 557 4202 sss-137.
576 4152 603 4200 et
621 4148 654 4200 de
666 4146 880 4199 necessariorum
898 4148 1028 4200 heredum
1042 4149 1105 4214 jure
1124 4145 1286 4202 universim:

47 4242 108 4304 Aug.
123 4239 197 4292 Guil.
211 4241 338 4291 Foerster
350 4234 424 4286 Diss.
443 4235 475 4284 de
494 4231 620 4284 bonorum
634 4234 797 4300 possessione
812 4230 954 4284 liberorum
970 4233 1177 4300 praeteritorum
1194 4243 1287 4286 contra

48 4322 139 4376 tabulas
158 4331 309 4394 parentum.
327 4319 439 4372 Vratisl.
458 4321 533 4370 1⁸21.
550 4321 576 4370 8.
603 4317 630 4368 J.
648 4316 679 4368 C.
700 4316 853 4369 Bluntschli
870 4317 1075 4386 Entwiclrelunp,
1093 4317 1142 4368 der
1158 4317 1287 4386 Erbsotpe

47 4421 118 4472 yepes
136 4409 186 4460 ders
203 4409 302 4460 Ictztess
321 4404 415 4461 Willers
431 4403 500 4456 need
518 4403 555 4454 R.
574 4402 610 4454 R.
628 4402 844 4454 sensisses.
863 4401 910 4452 W.
928 4400 1050 4452 Fraueke
1072 4402 1119 4462 das
1137 4403 1225 4455 Reelt
1239 4406 1288 4456 der

50 4489 190 4544 Notlrsrbess
213 4491 270 4542 aad
287 4485 648 4556 Pflicdttdeilsberecdtiptsn.
667 4487 757 4554 Goett.
778 4489 851 4538 1831.
868 4489 893 4538 8.
919 4485 1118 4538 Mnhlenbrucn
1143 4485 1171 4538 in
1192 4489 1286 4542 contin.

49 4587 206 4631 commentar.
229 4573 368 4626 Glis'ckr'an.
386 4574 418 4624 Τ.
436 4570 766 4632 XXXV-XXXVII.
787 4568 874 4621 Mitlt.
