3056 5168
218 459 289 526 7-34
419 450 497 521 Lm.
524 449 586 519 lv.
611 449 694 520 Tm.
720 447 831 516 XVll.
861 448 916 517 De
939 445 1088 518 Ormum
1113 449 1262 518 Jumcrs.

218 631 260 696 ad
282 649 413 714 poenae
434 635 584 691 naturam
606 625 784 709 accedunt,
807 607 893 710 quae
919 624 1097 690 novissimo
1113 625 1191 711 jure
1216 625 1259 690 de
1282 623 1469 711 plurispeti-

122 775 127 782 -
217 740 309 802 tione
323 736 501 800 constituta
523 741 597 798 sunt
612 738 659 815 ·);
682 733 771 819 quod
787 741 900 797 tamen
922 731 1022 798 latius
1044 735 1213 820 prosequi,
1228 735 1326 820 hujus
1342 754 1411 798 nou
1425 743 1468 797 est

216 845 293 911 loci.
317 846 511 926 Caeterum,
531 843 557 906 si
574 843 645 926 quis
668 842 772 904 minus
793 841 1000 920 intenderat,
1021 841 1111 907 salva
1133 844 1269 928 quidem
1291 862 1346 904 res
1363 862 1468 904 maue-

132 985 135 992 .
216 955 293 1035 bat,
309 961 344 1016 at
365 952 451 1016 intra
473 949 611 1014 eandem
629 959 815 1034 praeturam
832 950 874 1013 de
895 950 1028 1034 reliquo
1044 971 1145 1035 agens
1168 953 1230 1012 litte
1253 951 1405 1011 dividuae
1423 972 1468 1012 ec-

217 1065 354 1145 ceptione
375 1059 525 1124 exclusus
548 1067 598 1122 est
612 1059 657 1138 t).
680 1057 809 1136 Quodsi
832 1059 865 1121 in
885 1061 1140 1122 condemnatione
1160 1055 1233 1141 plus
1249 1037 1372 1120 debito
1388 1059 1468 1142 posi-

216 1178 283 1233 tum
309 1176 396 1249 erat,
419 1189 511 1248 reus,
528 1166 585 1250 qui
607 1164 780 1228 formulam
804 1175 994 1250 acceperat,
1010 1166 1044 1228 in
1065 1166 1231 1250 integrum
1255 1165 1360 1229 facile
1382 1165 1470 1228 resti-

216 1278 383 1350 tuebatur;
412 1278 440 1338 si
470 1275 574 1338 minus
602 1273 763 1358 positum,
793 1273 876 1337 nihil
907 1273 1045 1358 amplius
1076 1272 1347 1357 consequebatur
1373 1283 1469 1355 actor,

216 1385 378 1470 siquidem
396 1382 503 1468 judex
519 1382 636 1466 egredi
657 1401 723 1444 non
740 1390 872 1464 poterat
888 1381 1216 1470 condemnationem,
1232 1402 1296 1443 nec
1319 1381 1385 1444 nisi
1400 1403 1469 1465 gra-

216 1492 353 1558 vissimis
377 1513 419 1573 ex
445 1491 548 1554 causis
569 1488 695 1570 (velut,
721 1489 748 1552 si
764 1490 879 1567 minor,
893 1499 965 1553 erat
987 1492 1095 1569 actor)
1115 1489 1258 1550 Praetor
1277 1489 1384 1573 lapsis
1405 1511 1470 1552 suc-

217 1599 370 1665 curreb'at
394 1598 492 1682 (Gaj.
512 1597 572 1661 IV.
593 1595 680 1677 52).
714 1596 781 1675 Qui
808 1597 842 1664 in
868 1594 1150 1661 demonstratione
1176 1595 1251 1680 plus
1282 1605 1343 1660 aut
1373 1596 1469 1659 minus

215 1714 386 1793 posuerat,
408 1705 500 1769 nihil,
515 1705 702 1769 deducebat
722 1704 755 1766 in
772 1704 955 1789 judicium,
972 1704 1125 1790 adeoque
1140 1724 1192 1766 res
1211 1705 1347 1790 integra
1362 1726 1469 1768 maue-

136 1857 138 1862 ·
217 1819 290 1892 bat;
320 1815 397 1878 hinc
421 1813 546 1877 eratin
569 1811 767 1896 proverbio:
789 1812 872 1876 falsa
901 1811 1183 1876 demonstratione
1205 1833 1277 1878 rem
1308 1833 1378 1876 nou
1398 1833 1467 1898 per-

216 1922 273 1984 imi
287 1927 333 2003 11).
355 1923 454 1983 Mz'c'bl.

734 2068 955 2078 ...a——

611 2191 716 2273 ‘mn
737 2209 799 2274 rv.
821 2208 913 2273 mr.
934 2208 1053 2274 xvu.

824 2373 860 2410 DZ

471 2490 813 2566 *ourlclo
855 2490 1172 2566 JUDIGIS.

299 2653 452 2717 Diximus
468 2675 576 2736 supra,
592 2652 689 2716 titulo
712 2651 806 2736 hujus
824 2652 902 2717 libri
917 2643 1022 2732 serito,
1038 2652 1103 2716 alia
1119 2675 1138 2716 a
1159 2651 1376 2738 litigantibus
1391 2655 1462 2720 facta

200 2782 289 2847 ¹esse
314 2779 352 2825 nt
372 2777 474 2843 JURE,
497 2782 605 2824 coram
628 2761 808 2843 Praetore,
829 2760 896 2825 alia
917 2762 950 2824 in
973 2779 1123 2843 subruto,
1147 2784 1256 2825 coram
1273 2763 1395 2846 judice
1415 2783 1464 2846 pe-

218 2870 337 2933 daneo.
358 2868 433 2932 Illic
449 2868 529 2954 quid
551 2869 670 2932 factum
685 2871 737 2952 sit,
754 2871 824 2954 jam
840 2868 900 2932 illo
920 2869 996 2933 loco
1012 2871 1089 2934 satis
1106 2868 1358 2953 explicavimus.
1380 2870 1463 2936 Reli·

217 2973 316 3062 quum
333 2987 392 3060 est,
408 2988 444 3042 ut
460 2987 494 3043 et
510 2995 717 3043 JunrclottUM
731 2976 955 3042 Romanorum
971 2995 1112 3042 FORMAM
1131 2977 1300 3043 addamus.

800 3130 828 3210 s·
851 3127 881 3190 1·
957 3116 961 3120 ’
1239 3135 1242 3142 ·

613 3244 703 3297 Juden
722 3245 798 3297 ᾱαιιιε
815 3261 874 3298 cnm
885 3242 1012 3312 sormnlc
1026 3243 1066 3308 ²).

298 3345 444 3410 Actione
460 3368 569 3410 coram
586 3347 747 3410 Praetore
769 3344 975 3409 sollemniter
996 3344 1170 3423 intentata,
1187 3340 1244 3405 vel
1259 3344 1395 3425 judices,
1409 3337 1458 3402 rel

217 3456 344 3528 arbitri,
361 3453 416 3517 vel
438 3463 673 3536 recuperatores
695 3453 874 3530 dabantur,
891 3460 925 3514 et
948 3451 1080 3536 quidem
1104 3471 1175 3514 oum
1198 3457 1293 3512 certa
1321 3446 1463 3514 formula.

217 3561 256 3624 In
272 3561 457 3627 actionibus
470 3563 574 3626 stricti
589 3561 673 3646 juris
692 3560 766 3624 talis
783 3569 855 3626 erat
869 3559 1022 3624 formula:
1045 3577 1073 3622 0.
1088 3574 1228 3634 Anulum
1243 3574 1360 3622 uunnx
1375 3573 1464 3634 nsro,

217 3686 260 3731 nr
281 3684 312 3732 st
335 3686 454 3749 PARET,
483 3685 625 3732 FUNDUM
654 3686 856 3734 ortPuNAruM
881 3681 1033 3732 'Sltttvmll
1062 3682 1142 3730 ussit
1165 3681 1211 3728 ux
1242 3651 1331 3730 Jdnss
1357 3681 1464 3740 Quint-

218 3873 334 3938 depositi
346 3870 461 3938 actione,
477 3872 583 3941 quoties
596 3873 625 3925 iu
637 3874 737 3926 factum
750 3877 881 3940 concepta
892 3876 934 3924 cst
947 3870 1009 3938 (ubi
1018 3868 1181 3924 intenditur:
1194 3870 1289 3937 quanti
1299 3889 1333 3923 ec
1347 3887 1395 3924 res
1403 3870 1462 3934 en't)

217 3959 278 4023 plus
296 3955 420 4023 petitioni
438 3957 551 4025 ejusque
569 3956 748 4010 incommodis
766 3958 842 4010 locus
854 3961 924 4016 erat;
939 3957 1000 4023 Gaj.
1017 3955 1066 4007 IV.
1079 3957 1100 4022 ξ.
1112 3959 1154 4008 60.
1173 3953 1255 4017 Quod
1269 3957 1415 4022 quomodo
1428 3956 1465 4006 iu-

217 4042 392 4108 telligendum
410 4046 491 4108 atque
508 4056 568 4092 cum
587 4042 726 4107 superiore
744 4045 838 4108 regula
855 4021 1057 4095 conciliandum
1072 4039 1122 4104 sit,
1139 4038 1277 4105 explicare
1295 4047 1415 4092 mustus
1429 4043 1466 4090 est

217 4127 330 4194 Meyer:
347 4127 584 4179 Lr'tiseontcstcta'en
600 4142 627 4193 p.
644 4131 772 4190 96-,10t
791 4157 823 4168 -
842 4127 929 4179 Fuere
946 4126 1042 4188 etiam,
1067 4123 1115 4193 qui
1137 4124 1166 4176 in
1188 4123 1319 4177 omnibus
1343 4124 1466 4192 judiciis,

217 4211 314 4279 quibus
332 4211 475 4264 damnatus
493 4211 643 4278 ignominia
659 4219 779 4275 notatur,
790 4228 867 4276 eum,
882 4209 930 4281 qui
944 4213 1006 4277 plus
1021 4210 1113 4282 debito
1128 4209 1376 4275 demonstraverit,
1396 4211 1466 4264 litem

217 4298 329 4361 perdere
347 4296 534 4350 existimarent
540 4317 547 4359 3
566 4315 649 4368 quam
666 4298 826 4351 sententiam
843 4297 979 4363 improbat
997 4296 1083 4361 Gajns
1101 4295 1149 4347 Ν.
1165 4296 1186 4362 ς.
1204 4299 1247 4347 60.

291 4383 621 4451 miamfiLnn

286 4467 310 4532 t)
331 4467 391 4533 Gaj.
409 4469 457 4520 IV.
475 4469 496 4536 §.
515 4472 557 4522 56.
575 4469 608 4521 cf.
627 4467 648 4534 ἓ.
671 4471 727 4518 122.

285 4551 317 4616 n)
339 4551 398 4618 Gaj.
416 4552 464 4605 IV.
482 4553 503 4618 ἕ.
520 4556 631 4606 57-69.

167 4693 179 4704 ι
285 4634 316 4698 a]
336 4635 387 4686 His
405 4636 439 4686 de
457 4635 538 4713 rebus
552 4636 610 4702 jam
629 4633 719 4687 dicere
733 4632 877 4700 occupavit
893 4637 994 4688 Auctor
1013 4633 1066 4688 'l’it
1085 4634 1133 4686 Vl.
1152 4633 1172 4699 ξ.
1190 4636 1304 4687 44-46.
1323 4631 1413 4686 Mitt
