3062 5164
237 387 310 470 292
611 396 793 464 Auernum
817 395 893 464 Lus.
919 395 946 464 l.
972 393 1057 463 One.
1083 394 1128 464 11.

239 574 306 639 dici
318 573 426 637 solent
440 569 558 656 populi
571 572 740 652 foederati,
754 571 809 635 vel
824 572 921 645 liberi,
939 572 998 635 sed
1014 595 1032 636 a
1047 571 1149 654 facto,
1161 569 1256 655 quod
1268 567 1388 632 scilicet
1398 568 1467 652 legi·

240 685 300 746 bus
324 680 441 764 populi
468 679 612 743 Romani
637 675 911 762 subscripsissent.
938 681 1074 742 mades
1097 679 1188 742 enim
1217 685 1327 740 accim
1347 684 1406 758 est,
1425 676 1466 739 vel

219 876 223 880 μ
239 791 447 869 ιιιὺεονίρίονε
464 785 553 850 Gell.
567 785 671 848 Nocti.
688 787 754 848 Ait.
766 787 857 848 XIX.
871 786 903 848 8.
917 788 1010 850 Haeo
1020 809 1078 869 ego
1091 789 1166 860 dici,
1184 807 1248 848 non
1266 793 1301 847 ut
1315 787 1402 866 bujui
1414 805 1467 846 sen·

187 918 190 924 ’
239 901 356 959 tentiae
368 898 506 977 legisque
517 912 659 956 nunnus
674 895 925 975 subscriptorque
933 895 1059 972 fierem.
1073 895 1208 958 Festus:
1225 911 1362 954 nunnus
1376 893 1465 952 dicitu

233 1005 372 1085 populns
389 1023 458 1064 esse
481 1007 542 1078 rei,
562 1022 655 1083 quain
673 1003 807 1074 alienat,
826 1002 883 1063 boe
902 1009 950 1062 est
965 1011 1092 1064 auctor.-
1115 1001 1257 1064 Plautus
1276 999 1404 1060 Mune
1416 1000 1463 1058 Aa.

246 1109 280 1170 V.
296 1131 391 1172 sceno
408 1111 436 1172 1.
453 1130 482 1170 o.
496 1109 526 1171 6.
541 1130 587 1191 sq.
615 1191 618 1198 Ι

479 1216 576 1278 Nunc
591 1219 637 1278 mi
645 1219 672 1278 is
682 1237 819 1298 propere
833 1218 1090 1292 conveniendum,
1105 1226 1151 1291 ut,
1167 1236 1250 1298 quae
1330 1190 1332 1197 Ι

482 1332 484 1336 ’
676 1345 746 1385 oum
761 1323 912 1404 ejussilio

478 1432 553 1513 Egi,
570 1434 602 1492 ei
613 1434 664 1492 rei
674 1450 814 1493 nunnus
828 1439 926 1510 pater
946 1434 988 1492 sit
997 1435 1110 1513 potior.
1131 1467 1175 1480 -·-
1198 1467 1239 1478 -·

241 1539 330 1603 Add.
346 1538 493 1602 Turneb.
507 1539 642 1600 Adsere.
654 1537 713 1598 IV.
727 1535 777 1598 12.
793 1537 974 1602 Hotoman.
992 1540 1062 1602 Obs.
1074 1542 1116 1603 II.
1127 1541 1157 1602 5.
1177 1537 1360 1620 Participes
1376 1535 1458 1617 itaque

236 1649 320 1734 juris
343 1647 566 1710 Romanorum
588 1643 711 1728 privati
733 1643 858 1707 fiebant
876 1645 930 1708 isti
947 1646 1082 1730 populi,
1104 1645 1197 1732 quod
1216 1645 1309 1729 leges
1330 1643 1459 1706 Romanas

243 1754 473 1837 adscivissent,
496 1760 531 1815 et
556 1760 591 1814 ut
616 1752 704 1838 apud
729 1773 764 1814 se
786 1751 954 1834 valerent,
981 1763 1131 1818 auctores
1153 1754 1236 1817 facti
1257 1753 1392 1815 fuissent
1409 1749 1459 1809 Nec

243 1869 354 1924 tamen
371 1882 411 1923 eo
431 1862 503 1943 ipso
519 1859 598 1944 jura
619 1857 796 1936 Quiritium
814 1863 1115 1945 consequebantur:
1135 1860 1238 1943 (nihil
1254 1859 1337 1922 euim
1357 1856 1457 1939 dejure

242 1969 480 2049 Romanorum,
498 1966 683 2030 voluntaria
698 1967 761 2029 ista
775 1965 887 2052 legum
903 1969 1124 2034 Romanarum
1140 1969 1346 2053 receptione,
1361 1970 1457 2049 poterat
1500 2029 1501 2042 ἢ

244 2075 380 2157 minui),
396 2075 454 2138 sed
477 2073 564 2136 inter
586 2094 620 2136 se
637 2071 762 2137 tantum
782 2077 822 2139 iis
837 2075 986 2161 legibuS,
1004 2077 1121 2163 quibus
1136 2076 1283 2140 Romani
1298 2075 1392 2152 cives,
1406 2079 1457 2132 ute·

244 2185 374 2246 bantur.
396 2181 503 2246 Verbi
519 2203 615 2246 causa
629 2182 742 2246 Latini
765 2192 844 2249 tunc
859 2186 947 2248 inter
962 2206 996 2248 se
1013 2192 1170 2269 poterant
1186 2183 1302 2249 testari
1319 2177 1456 2244 secundun
1500 2175 1501 2192 ³

243 2291 337 2375 leges
353 2290 538 2371 Romanas,
554 2290 589 2353 id
606 2292 693 2354 enim
708 2289 833 2355 licebat
848 2293 979 2376 populis
995 2294 1114 2357 fundis.
1140 2292 1209 2356 Sed
1225 2311 1298 2355 non¹
1307 2289 1376 2352 ideo
1389 2282 1457 2370 quid-

244 2419 340 2484 quam
360 2419 403 2461 ex
418 2404 617 2460 testamento
632 2398 712 2461 civis
727 2399 870 2463 Romani
888 2401 1074 2484 capiebant.
1089 2402 1130 2465 Id
1146 2401 1236 2464 enim
1252 2395 1419 2483 pertinebat
1430 2387 1456 2452 ad

226 2589 234 2596 .
238 2501 297 2591 jus
318 2503 505 2582 Quiritium.
534 2504 644 2567 Multo
670 2506 774 2570 minus
794 2507 879 2570 haec
900 2508 1012 2592 legum
1036 2508 1260 2572 Romanarum
1283 2500 1412 2587 receptio
1429 2494 1456 2558 ad

239 2615 294 2700 jus
315 2611 482 2696 publicum
505 2610 702 2693 pertinebat.
732 2613 831 2677 Unde
856 2615 975 2678 Cicero
997 2617 1128 2678 ididem.-
1153 2619 1205 2678 Dc
1223 2623 1329 2677 nostra
1349 2627 1407 2672 vero
1420 2624 1455 2664 re·

239 2722 376 2805 publica,
395 2719 434 2780 de
447 2725 554 2779 nostro
571 2720 708 2798 imperio,
727 2723 766 2782 de
780 2727 896 2784 nostris
914 2724 1010 2796 bellis,
1029 2724 1067 2785 de
1084 2729 1223 2796 victoria,
1239 2725 1278 2784 de
1294 2721 1393 2788 solnm,
1399 2714 1455 2792 jut-

245 2829 300 2890 dos
311 2828 443 2909 populos
456 2825 539 2904 sieri
553 2828 731 2888 noluerunt.
756 2827 851 2903 Quae
868 2829 895 2891 si
911 2830 1154 2913 observaveris,
1172 2831 1272 2895 facile
1288 2822 1399 2890 carebis
1411 2815 1455 2898 spi·

246 2934 335 2998 nosis
357 2932 424 2995 illis
440 2931 588 3016 Sigouii,
607 2932 680 2995 Nic.
695 2932 853 3017 Rigaltii,
868 2935 943 2999 Ism.
959 2937 1106 3002 Bulialdi
1115 2987 1125 3020 ,
1146 2940 1251 3002 Henr.
1267 2929 1383 3000 Valesii
1398 2925 1455 2988 alio·

244 3061 382 3124 rumque
404 3039 683 3123 disputationibus
704 3042 743 3102 de
759 3045 883 3122 populis
897 3045 1014 3120 fundis
1028 3049 1072 3126 ⁰),
1100 3048 1225 3131 quippe
1249 3042 1360 3128 quibus
1377 3028 1454 3097 resin
1500 3041 1501 3134 i

246 3171 281 3212 se
298 3147 476 3212 clarissima
492 3145 659 3212 obscurari
676 3147 746 3208 fere
763 3149 877 3232 magis,
895 3171 991 3234 quam
1007 3150 1165 3216 illustrari
1179 3153 1320 3216 videtur.
1334 3138 1455 3207 Pleniora
1500 3135 1501 3214 l

244 3257 354 3320 bonae
370 3255 473 3356 ¹frugis
488 3262 572 3335 sunt,
589 3274 674 3339 quae
691 3253 733 3316 ad
750 3253 842 3318 illam
858 3279 919 3340 pro
934 3258 1043 3323 Balbo
1060 3263 1245 3324 orationem
1262 3249 1454 3322 commentatus
1500 3223 1501 3284 l

246 3373 296 3429 est
312 3363 354 3427 V.
371 3363 408 3426 C.
423 3363 478 3426 Jo.
490 3362 614 3448 Georg.
631 3361 793 3426 Graevius
808 3362 852 3444 1).
1500 3351 1501 3356 ’

819 3519 848 3600 §-
871 3519 922 3582 so.

691 3632 761 3686 Erat
778 3633 881 3686 Latinis
889 3636 940 3706 jus
958 3653 1056 3689 census.

328 3735 614 3814 QuemadmOdum
639 3755 720 3819 ergo
737 3735 815 3820 jure
839 3735 969 3820 privato
993 3737 1123 3802 diverso
1149 3735 1319 3800 admodum
1345 3723 1386 3788 usi
1403 3716 1454 3834 sunt

185 3849 188 3853 ’
246 3843 394 3921 Quirites
408 3851 443 3906 et
457 3841 586 3906 Latini:
601 3842 660 3924 ita,
677 3843 767 3926 quod
785 3843 827 3907 ad
840 3843 896 3927 jus
911 3843 1078 3927 publicum
1093 3845 1224 3928 attinet,
1237 3836 1344 3928 paullo
1354 3836 1453 3917 proprus

315 4058 344 4124 c)
365 4055 570 4122 Trigeminam
594 4054 819 4110 dissertationum
843 4057 875 4110 dc
891 4057 997 4124 populis
1006 4057 1119 4125 fundit,
1146 4073 1216 4125 quae
1237 4052 1347 4121 primum
1366 4034 1452 4093 nivium

243 4142 411 4209 conjunctim
428 4139 539 4207 prodiit,
560 4144 635 4194 1656.
654 4141 753 4195 iterum
767 4141 854 4194 edidit
871 4141 897 4193 J.
909 4143 959 4193 Ge.
979 4141 1112 4196 Graevius
1130 4143 1164 4195 V.
1184 4119 1452 4194 &Ilicem-1²⁰⁶·

168 4255 170 4262 ’
244 4229 276 4282 Τ.
295 4229 336 4281 ΙΙ.
350 4245 381 4296 p.
400 4231 476 4280 1925.
494 4227 576 4280 Heio.
1500 4261 1501 4268 ,

313 4314 345 4380 d)
368 4312 529 4376 Quaestioni
547 4313 581 4364 de
599 4308 709 4378 populis
728 4310 820 4364 fundis
838 4311 936 4364 adfinis
954 4318 995 4364 cst
1007 4311 1157 4378 disputatio
1175 4312 1210 4366 de
1222 4285 1452 4370 m„„·„·„,·0fvndn¹0

242 4401 270 4449 et
287 4395 459 4465 municipibus
470 4395 613 4462 fundanii,
632 4395 720 4449 obviis
737 4396 765 4450 in
789 4397 906 4450 Tabulae
925 4399 1110 4452 Heracleensis
1129 4399 1174 4452 lin.
1195 4400 1250 4450 159.
1267 4363 1450 4448 160.et16td⁰

244 4480 344 4550 quibus
362 4483 436 4535 varie
459 4483 580 4537 sentiunt
597 4481 760 4537 Maaoohius
782 4481 926 4536 Commeat.
950 4484 979 4534 in
1002 4485 1070 4537 tnnc
1093 4482 1221 4536 Tabulam
1239 4480 1273 4531 P.
1290 4472 1327 4528 11.
1339 4485 1365 4535 p.
1380 4457 1451 4512 4772
1500 4535 1501 4544 ἦ

245 4570 306 4618 488.
325 4567 404 4618 Gust.
422 4567 526 4622 Theod.
544 4569 615 4622 Lud.
636 4565 814 4622 Marezollius
834 4569 871 4620 ad
887 4568 1076 4635 Fragmentum
1099 4569 1162 4636 lepis
1186 4567 1317 4620 Romanae
1339 4552 1363 4602 ¹⁴²⁸
1382 4543 1450 4594 ‘lm‘
1500 4557 1501 4622 ᾗ
