3040 5164
288 403 363 470 Pas
388 401 488 486 Quis
512 403 693 471 &musso
717 403 854 490 Cursus
880 403 1030 490 Anqurn.
1212 409 1284 476 413

32 557 172 644 militiae
193 578 310 642 labore
327 587 423 643 erant
440 578 568 642 lucrati.
590 581 635 643 Et
656 579 692 642 id
708 579 841 664 quidem
863 579 983 643 eodem
998 587 1148 664 tempore
1163 579 1284 644 factoro

32 686 183 767 videtur,
215 707 281 771 quo
305 686 378 770 ipsa
406 685 514 750 libera
537 687 830 750 testamentifactio
859 707 1014 750 concessa
1043 695 1094 751 est
1118 687 1285 752 militibus.

36 791 136 871 (Vid.
147 793 235 857 iulia
247 793 316 858 Tit.
326 794 406 856 Χ-
418 794 502 856 XII.
513 795 541 876 §.
553 792 620 874 18.)
645 794 686 858 Id
700 794 806 878 primo
822 796 880 858 sub
895 795 918 858 J
920 793 989 856 ulio
1005 793 1147 858 Caesare
1163 795 1284 858 facturn

33 901 73 962 ad
88 909 237 984 ternpus3
260 909 377 984 postea
393 900 428 962 id
439 901 493 985 jus
510 910 640 965 auctum
656 923 676 963 a
690 901 783 983 Tito,
798 901 1003 982 Domitiano,
1023 901 1135 966 Nerva
1152 909 1186 966 et
1200 901 1286 965 Tra·
1309 937 1317 946 -

29 1007 127 1089 jano,
150 1007 425 1091 Imperatoribuss
452 1008 501 1072 uti
523 1015 664 1072 testatur
685 1009 848 1093 Ulpianus
863 1008 943 1072 1..1.
962 1029 1014 1091 pr.
1036 1011 1075 1072 de
1099 1009 1178 1072 tait.
1198 1011 1285 1072 mrb‘t.

35 1113 123 1176 Saue
140 1113 200 1176 sub
217 1113 359 1177 Claudio
382 1122 417 1177 et
432 1115 568 1178 Nerone
583 1135 650 1179 non
665 1116 816 1199 ignotum
832 1115 931 1180 fuisse
947 1116 1111 1199 peculium
1131 1116 1286 1197 militare,

35 1219 134 1282 docet
146 1221 169 1284 J
172 1221 320 1285 uvenalis
337 1222 405 1284 Sat.
422 1225 478 1285 uit.
493 1243 520 1284 o.
536 1222 587 1284 52.
602 1245 666 1306 sqq.

173 1419 175 1424 Ι
229 1375 271 1386 ·-
312 1375 355 1386 -
395 1375 438 1386 -
479 1361 594 1412 snum,
617 1359 697 1420 quae
718 1347 793 1402 sunt
810 1350 907 1421 porto
928 1342 1032 1402 labore

189 1465 191 1470 ·
230 1447 370 1519 Mtlr'tr'ae,
389 1447 509 1528 placuit
531 1467 592 1507 non
614 1467 682 1517 essa
702 1451 735 1508 ἐπ
754 1467 882 1530 corpore
902 1467 1024 1520 consus,

235 1553 333 1614 Omne
354 1562 436 1616 tenet
459 1555 551 1634 cujus
571 1556 711 1634 regimen
727 1563 831 1634 pater.
853 1591 894 1600 —
915 1589 958 1600 -

41 1668 140 1744 Quem
159 1666 269 1730 locum
293 1669 410 1730 frustra
429 1667 621 1731 sollicitavit
636 1667 674 1729 P.
688 1668 850 1732 Pithoeus
866 1669 910 1748 ¹¹).
932 1667 1093 1732 Additum
1116 1676 1233 1753 postea
1250 1677 1285 1736 et

40 1781 128 1856 quusi
142 1785 304 1839 casmenas
320 1776 479 1856 peculium
493 1779 538 1856 θ),
553 1775 811 1859 permissumque
834 1775 964 1858 liberis,
979 1774 1140 1860 quidquid
1163 1777 1286 1841 artibus

40 1881 226 1945 liberalibus
249 1882 505 1966 adquisiverint,
527 1869 711 1965 separatum
734 1883 858 1947 babere
875 1906 895 1946 a
916 1883 1100 1946 rationibus
1123 1884 1286 1967 paternis:

41 1991 64 2069 §.
83 1993 138 2052 ult.
159 1993 238 2052 lust.
261 1991 300 2050 da
320 1990 411 2050 Miltt.
435 1998 503 2051 test.
526 1990 671 2074 Excepit
696 1991 795 2053 etiam
822 1989 1170 2070 contaminastis)
1197 1991 1286 2054 bona

103 2195 137 2262 d)
156 2197 200 2247 De
217 2192 327 2260 peculio
338 2192 469 2245 castrensi
486 2198 591 2246 tautum
604 2193 782 2247 militantibus
797 2195 844 2260 jus
857 2195 973 2250 testandi
985 2194 1089 2261 primus
1103 2193 1178 2245 dedit
1192 2197 1286 2260 Augu-

40 2283 108 2328 stus:
125 2295 152 2330 v.
168 2279 269 2330 initum
287 2279 354 2330 Inst.
366 2277 391 2330 A.
410 2285 427 2330 t.
446 2277 518 2330 Illud
536 2279 570 2330 ab
585 2277 705 2344 Ulpiano
723 2294 833 2347 quoquc
851 2279 922 2331 tradi
940 2279 1056 2332 arbitror
1073 2277 1102 2330 in
1120 2279 1287 2345 Frapmsntis

38 2363 72 2413 tit.
89 2366 133 2414 20.
151 2363 172 2428 ἕ.
190 2366 230 2416 10.
250 2360 305 2414 Sed
323 2361 406 2414 θένω
422 2359 558 2429 Aupustus
576 2364 687 2414 Marcus
705 2365 845 2422 comtitsot,
864 2372 893 2416 rtt
901 2363 1096 2432 filiusfamilias
1114 2361 1188 2412 miles
1206 2362 1238 2412 de
1256 2380 1286 2414 so

35 2445 154 2512 peculio,
172 2447 237 2511 qnod
253 2448 280 2500 in
298 2447 392 2499 castris
410 2446 561 2514 adquisivit,
580 2453 760 2499 testamentum
770 2447 870 2513 fucere
884 2449 976 2516 possit.
1000 2447 1057 2499 Pro
1075 2445 1187 2498 Murem
1204 2447 1287 2500 scribi

38 2529 117 2581 velim
144 2527 275 2590 militibus,
302 2535 333 2582 ut
356 2530 438 2584 docui
462 2531 542 2582 latius
568 2530 596 2582 in
620 2529 849 2584 Obseruou'onibur
869 2534 906 2610 §1-
924 2534 977 2599 a),
1002 2531 1075 2583 unde
1097 2530 1149 2582 luit
1172 2529 1286 2599 aliquis,

41 2615 82 2681 qui
99 2616 166 2666 haec
189 2615 336 2668 suffuratus
360 2630 412 2667 suo
430 2613 539 2666 nomine
562 2614 632 2666 banc
652 2616 835 2682 conjecturam
853 2615 1005 2683 proposuit.
1026 2615 1125 2668 Libera
1142 2620 1287 2668 testamen·

43 2697 136 2752 titactio
160 2699 292 2768 militibus
317 2713 446 2750 concessa
464 2699 573 2752 edulio
591 2700 723 2765 Caesare,
750 2700 799 2752 sed
821 2715 853 2753 ea
876 2701 1017 2754 concessio
1040 2699 1196 2766 temporalis
1220 2703 1293 2762 erat,-

46 2789 127 2846 postea
144 2775 211 2836 vero
235 2783 339 2849 primus
357 2783 436 2836 Titus
461 2783 542 2836 dedit.
569 2785 709 2837 iuvenalis
728 2785 763 2836 dc
780 2784 947 2851 temporibus
961 2783 1117 2850 ,Domitiani
1140 2785 1213 2852 agit,
1231 2799 1286 2838 non

48 2866 75 2917 de
90 2868 202 2922 Claudio
226 2873 255 2919 et
277 2867 394 2920 Nerone.
420 2867 503 2920 Coun.
531 2869 594 2921 lam
616 2884 681 2922 vero
701 2869 734 2921 cs.
753 2885 824 2937 quae
847 2871 880 2922 de
905 2869 1082 2923 vexatissimo
1107 2869 1154 2922 illo
1174 2867 1286 2933 Ulpiani

45 2951 95 3002 loeo
119 2951 243 3018 scripsit:
271 2951 301 3004 F.
326 2955 358 3005 A.
385 2950 517 3018 Schilliug
542 2951 619 3020 Sper.
644 2953 702 3004 ΙΙΙ.
722 2953 896 3006 animadvers.
920 2955 1002 3005 critic.
1028 2955 1064 3007 od
1091 2956 1149 3023 Ulp.
1177 2955 1286 3022 Frupm.

44 3050 67 3098 p.
86 3041 214 3090 14-17.
233 3033 319 3087 Mill.

106 3121 133 3186 e)
151 3118 197 3170 Fit
213 3118 288 3172 illius
305 3120 408 3172 mentio
419 3120 501 3173 etiam
519 3117 547 3171 in
559 3119 679 3185 Digestis
689 3124 722 3174 L.
733 3128 758 3174 l.
768 3123 790 3190 i.
811 3127 850 3174 15.
864 3121 895 3171 de
914 3120 1007 3173 oollae.
1016 3123 1047 3173 1..
1061 3126 1087 3174 3.
1101 3124 1122 3190 i.
1134 3127 1160 3174 5.
1170 3124 1202 3174 de
1213 3123 1285 3176 Bon.

41 3220 141 3269 possess.
154 3205 187 3256 L.
205 3208 232 3257 7.
250 3204 271 3270 ἑ.
288 3201 335 3255 ult.
354 3205 385 3254 de
403 3205 503 3259 Donat.
517 3206 547 3258 L.
561 3209 602 3257 ltl.
617 3206 638 3271 ξ.
658 3210 698 3258 12.
717 3196 753 3258 ad
771 3207 871 3259 SCtttm
893 3203 1007 3258 Trebati.
1027 3221 1098 3274 quae
1117 3207 1175 3258 loca
1194 3207 1286 3258 omnia

44 3301 57 3336 a
72 3287 235 3339 triboniano
254 3288 416 3352 interpolata
427 3303 487 3340 esse
503 3295 583 3354 putat
594 3291 638 3341 Fr.
650 3291 777 3343 Balduin.
795 3291 939 3342 Justinian.
950 3290 1007 3341 111.
1024 3290 1078 3341 Sed
1090 3290 1148 3342 lac.
1162 3291 1285 3344 Gotbotr.

45 3373 74 3421 sd
88 3374 118 3427 L.
136 3377 161 3425 3.
183 3373 212 3424 0.
234 3371 333 3424 tneor.
352 3373 383 3422 de
402 3373 508 3425 Portul.
529 3374 603 3426 Tom-
617 3373 641 3425 Ι.
656 3391 684 3441 p.
701 3378 758 3426 143.
775 3392 813 3442 sq.
831 3375 865 3426 de
883 3374 1008 3427 omnibus
1025 3375 1055 3427 id
1072 3373 1216 3426 adfirmare
1228 3389 1285 3426 non

44 3455 130 3518 audet,
151 3455 229 3522 quia,
248 3457 372 3523 quamvis
396 3455 536 3508 advocatis
563 3455 667 3523 primus
690 3459 741 3509 boc
758 3459 928 3524 privilegium
952 3458 1095 3512 tribuerint
1114 3459 1285 3512 Theodosius

41 3538 124 3602 junior
143 3544 171 3590 et
182 3539 389 3593 Valentinianus
407 3541 457 3592 111.
473 3545 562 3592 tamen
581 3547 643 3592 ante
661 3557 693 3594 ea
710 3549 833 3608 tempora
849 3543 985 3608 peculium
1004 3542 1220 3611 quasioastrcnse
1237 3546 1285 3596 ba·

44 3621 141 3674 bueriut
164 3623 326 3688 praecincti,
345 3625 387 3674 vel
410 3623 643 3678 administratores
670 3614 884 3691 provinciarum:
911 3628 1069 3693 Hieronym.
1088 3629 1124 3680 ad
1147 3621 1285 3695 Nepotiani.

44 3723 62 3755 c.
81 3713 119 3760 17.
137 3708 264 3760 Absolvit
282 3707 363 3760 etiam
382 3710 578 3762 Tribonianum
596 3711 630 3761 V.
646 3712 677 3764 C.
689 3713 753 3763 Aut.
769 3710 917 3776 Subutting.
936 3711 972 3762 orl
988 3711 1070 3764 Pauli
1088 3713 1214 3766 Sententt.
1230 3713 1285 3764 Re·

45 3799 110 3858 ceptt.
136 3793 165 3842 V.
183 3797 209 3845 9.
226 3797 252 3844 4.
266 3810 297 3859 p.
308 3797 368 3846 470.
387 3791 422 3843 ob
434 3794 467 3846 L.
479 3798 503 3846 8.
519 3795 553 3846 D.
572 3796 632 3846 Pro
649 3813 702 3847 soc.
720 3793 767 3847 ubi
785 3797 874 3847 locum
893 3796 991 3848 habere
1009 3797 1082 3849 haud
1099 3797 1188 3863 potuit
1202 3797 1284 3849 inter·

44 3875 145 3934 potatio.
161 3877 242 3928 Heio.
261 3876 400 3943 originem
419 3877 645 3944 quasioastreusis
663 3879 762 3944 peculii
780 3881 866 3931 multo
884 3878 1072 3946 recentiorem,
1085 3897 1167 3949 quarn
1183 3883 1284 3934 Auctor

45 3956 135 4025 aliique
151 3960 302 4025 superioris
320 3961 380 4014 aevi
396 3961 461 4014 Jctt
479 3962 601 4014 eamdem
619 3964 764 4022 finxerunt,
785 3962 887 4031 quippe
901 3963 993 4028 potius
1006 3981 1020 4016 e
1033 3967 1065 4018 L.
1083 3982 1127 4016 uo.
1144 3965 1171 4016 0.
1185 3965 1216 4016 de
1234 3965 1285 4017 Oa-

45 4045 129 4096 strsmi
145 4046 261 4096 maium
274 4046 393 4099 Palatia.
409 4046 520 4114 peculio,
534 4063 604 4114 quae
620 4053 662 4100 est
675 4047 846 4102 Constantini
863 4047 914 4110 M„
928 4050 1109 4112 repetendam,
1120 4049 1246 4114 probavit
1257 4051 1283 4102 J.

44 4125 276 4196 Valckeuaerffr.
287 4129 320 4180 Β.
330 4129 538 4192 VoordaiDiss.
550 4132 581 4183 ds
587 4132 693 4200 pertitio
706 4134 909 4200 quasicostrensi
919 4132 1047 4184 ueteribus
1055 4134 1133 4186 Jotis
1145 4134 1283 4202 incoquitur,

43 4209 140 4278 ejusque
156 4229 221 4264 vera
239 4214 347 4281 eripitis.
366 4216 397 4266 Ι..
416 4217 449 4268 Β.
471 4217 545 4267 1780.
563 4219 588 4268 4.
607 4215 696 4268 Haut.
721 4217 784 4269 Vid.
802 4221 892 4268 tamen
911 4231 981 4283 quae
1000 4231 1050 4280 pro
1068 4220 1205 4271 communi
1223 4233 1284 4270 sen·

43 4295 118 4346 tentia
135 4298 237 4348 tuenda
257 4296 437 4361 scripserunt:
454 4316 480 4352 v.
498 4298 627 4352 athrim
645 4299 728 4351 Arci.
738 4298 767 4365 s.
785 4301 832 4350 eiu.
846 4301 899 4352 Pr.
914 4302 952 4352 X.
970 4315 997 4365 p.
1017 4305 1073 4354 17⁵.
1094 4303 1182 4368 (num.
1200 4303 1240 4368 3.)
1257 4307 1284 4353 et

43 4373 235 4432 lithlenbrucb
253 4380 282 4433 iu
299 4383 456 4435 conuocatis
473 4393 608 4436 comment.
621 4383 759 4436 Gliicltt'an.
772 4387 803 4436 Τ.
816 4379 945 4434 XXXV.
958 4397 985 4446 p.
1000 4386 1060 4435 200.
1073 4390 1128 4436 not.
1141 4390 1183 4438 49.
1197 4387 1283 4439 Miilrl.

103 4463 132 4530 l)
152 4465 215 4516 Jam
233 4471 297 4518 aute
315 4466 524 4520 Constantinum
538 4469 579 4521 Μ.
597 4467 743 4520 notabilem
763 4467 908 4535 quamdam
927 4466 1113 4531 exceptionem
1132 4457 1284 4525 introduxit

43 4541 206 4613 Hadrianus,
229 4566 299 4617 quac
323 4557 413 4620 exstat
435 4552 468 4603 L.
486 4556 529 4604 50.
553 4553 586 4603 D.
609 4554 645 4604 ad
671 4551 772 4604 SCtum
803 4549 915 4602 i'reiell.
940 4553 1106 4618 alteramque
1129 4553 1283 4606 Antoninus
