3062 5156
387 330 458 430 ‘lla
483 361 627 430 Cserms
649 358 909 432 llanruunnonn.
1217 369 1287 438 183

58 543 125 626 ignis
137 537 371 610 interdictione¹
384 539 592 602 eximebatur
607 546 705 622 caput
722 537 764 600 de
780 537 926 626 civitate,
941 547 978 604 ut
993 540 1040 604 ait
1054 538 1190 606 Paullus
1208 541 1285 606 M.
1354 623 1358 632 ι

58 653 87 712 ll.
99 652 133 712 de
144 651 233 711 Pell.
240 649 343 730 judie.
361 650 510 730 (poterat
523 647 622 728 enim,
641 646 668 708 si
684 647 799 728 vellet,
815 647 848 708 in
865 648 1001 712 civitate
1018 649 1132 730 mori),
1148 650 1207 713 sed
1225 651 1286 714 ad·

58 760 209 842 scriptione
221 757 257 818 in
273 755 371 817 aliam
386 753 565 836 civitatem,
582 756 617 818 iu
633 765 729 839 q'uam
748 755 841 818 exsul
855 755 1064 820 discesserat:
1081 757 1180 820 Barn.
1194 757 1285 821 Bris-

58 887 108 930 son.
123 869 193 940 Aac.
211 866 301 925 Rom.
318 863 377 923 ΙΙΙ.
391 863 421 923 5.
437 883 469 944 p.
482 863 534 926 is.
555 863 651 941 Quae
666 861 871 943 observatio,
890 885 933 926 ue
955 866 1016 948 cui,
1029 863 1100 928 sola
1116 866 1284 949 λογαμαχίιι
1327 889 1330 896 ’
1357 885 1360 900 “

58 972 198 1053 videatur,
220 971 306 1034 tanti
325 971 478 1054 profecto
502 950 662 1033 momenti
686 978 754 1052 est,
778 979 815 1034 ut
834 971 953 1034 Cicero
973 971 1125 1036 oratione
1148 971 1284 1036 laudata

58 1089 151 1166 neget,
166 1101 200 1142 se
223 1099 332 1162 aquae
349 1087 383 1142 et
404 1081 490 1166 ignis
512 1079 747 1143 interdictione
769 1079 911 1142 civitatis
928 1080 1005 1162 jura
1020 1081 1182 1163 amisisse,
1206 1079 1284 1165 qnia

58 1189 118 1252 nulli
135 1209 166 1250 se
181 1188 308 1270 populo
328 1188 546 1271 adjunxisset,
562 1184 618 1251 se'd
644 1187 830 1252 delituisset
848 1187 937 1271 apud
953 1188 1084 1252 amicos.
1108 1188 1286 1252 Addantur

57 1297 110 1361 Ulr.
123 1296 243 1359 Huber.
259 1297 405 1378 Digressu
420 1294 532 1358 1118.
547 1313 578 1378 p.
593 1295 665 1358 192.
680 1317 725 1377 eq.

626 1495 632 1508 .
656 1445 705 1510 11.

552 1563 592 1616 ΙΙ.
604 1449 758 1650 §liopertum

120 1665 244 1730 Deinde
268 1665 348 1729 huic
371 1686 478 1752 aquae
500 1672 534 1728 et
554 1665 639 1750 ignis
661 1662 888 1727 interdictioni
909 1662 1093 1726 addebatur
1108 1666 1138 1744 1)
1157 1678 1284 1726 11111011-
1374 1699 1382 1712 ·

59 1787 150 1852 tinio,
171 1797 235 1858 qua
257 1775 330 1860 ipsa
357 1796 491 1860 quoque
508 1773 586 1860 jura
606 1773 748 1838 civitatis
770 1773 889 1836 eodem
914 1772 1014 1835 modo
1038 1769 1284 1836 emittebantur.

60 1881 157 1945 Auctor
174 1882 260 1946 illius
280 1883 423 1945 instituti
439 1881 608 1974 Angustus
624 1886 669 1962 1),
686 1883 758 1962 cui,
781 1882 822 1943 ab
843 1879 1010 1944 exsulibus
1028 1878 1105 1942 hinc
1132 1876 1210 1941 inde
1231 1875 1283 1939 di-

60 1992 150 2072 spersis
167 1990 350 2075 periculum
371 1991 510 2074 imperio
527 2011 585 2052 suo
603 1991 773 2066 metuenti(
790 1989 888 2053 Livia
908 1997 1064 2070 suaserat,
1081 1996 1117 2052 ut
1131 1986 1208 2050 illos
1223 2008 1285 2069 pa-

59 2099 104 2160 tria
123 2109 261 2163 extorres
293 2098 405 2161 insulis
433 2097 630 2160 includeret.
657 2096 711 2160 Ila
741 2096 827 2160 enim
855 2097 942 2182 apud
969 2097 1114 2160 Dionem
1138 2093 1211 2158 LV.
1231 2092 1283 2155 20.

59 2206 143 2272 Livia:
160 2215 185 2272 ri
203 2207 260 2292 γὰρ
285 2203 322 2271 ἂν
343 2205 496 2286 ἀδικήσειέ
516 2233 562 2280 τις
586 2209 616 2278 ἐς
633 2209 731 2288 νῆσον
754 2207 1007 2284 κατακλεισθεὶς,
1028 2203 1048 2289 ἢ
1067 2207 1116 2268 καὶ
1138 2207 1169 2266 ἐκ
1189 2201 1282 2291 ἀγρῷ,

58 2314 124 2378 πόλει
136 2319 165 2379 cc'
178 2343 244 2394 τινι,
260 2313 319 2398 οὐχ
333 2309 414 2389 Ιὅπως
429 2311 501 2378 ἄνευ
519 2309 665 2397 πλήθους
683 2317 808 2376 οἰκετῶν
824 2307 1027 2398 ἢχρημάτωι,
1044 2307 1128 2376 ἄλλοί
1141 2311 1193 2374 καὶ
1207 2301 1282 2390 μετὰ

60 2427 166 2502 φρουρᾶς
182 2421 235 2500 ὢν,
253 2420 295 2486 civ
311 2449 343 2504 pc
360 2423 411 2487 καὶ
433 2419 543 2486 coriaco
566 2418 673 2514 dsp‘op3
695 2420 778 2496 Quid
795 2423 874 2481 enim
893 2421 972 2482 mali
981 2420 1100 2497 jecerit
1112 2421 1155 2489 ἐι,
1176 2417 1232 2495 qai
1249 2415 1282 2476 in

58 2531 165 2591 brutam
180 2533 355 2606 conclusus,
372 2533 477 2591 arctio
495 2549 584 2610 agro,
599 2530 649 2589 uel
662 2533 695 2590 ἐκ
711 2529 788 2589 urbe
804 2529 920 2609 aliqua,
937 2547 998 2590 non
1012 2527 1100 2587 modo
1114 2527 1181 2586 sine
1195 2523 1284 2602 copia

59 2655 186 2699 serrorum
211 2649 242 2700 et
263 2642 492 2719 pecuniarum,
510 2637 675 2698 eed'etlam
695 2636 751 2697 suh
768 2637 926 2715 custodia,
946 2639 977 2697 ai
991 2636 1047 2696 boe
1059 2653 1111 2695 ree
1133 2635 1283 2712 erigeret,

59 2739 217 2806 laberetur?
238 2747 362 2808 Ex-eo
385 2753 535 2828 tempore
557 2743 698 2826 irpaluit
724 2741 926 2825 deportatio,
950 2761 1047 2827 quam
1069 2740 1180 2803 denuo
1203 2757 1283 2800 cou-

59 2850 198 2916 stitutione
224 2852 369 2938 quadam
395 2853 537 2916 firmavit
562 2851 748 2936 Augustus,
774 2850 862 2934 apud
891 2849 1042 2912 eumdem
1065 2847 1166 2912 Dion.
1193 2844 1283 2909 Cass.

59 2957 180 3024 11117.
199 2963 242 3025 Et
258 2962 338 3023 hinc
358 2971 476 3044 postea
492 2960 580 3024 nihil
599 2960 662 3022 fuit
678 2960 740 3022 ista
759 2958 793 3020 in
816 2957 938 3020 insulas
962 2955 1196 3040 deportatione
1215 2953 1283 3018 fre·

60 3070 181 3146 quentius
195 3075 241 3151 ¹).
267 3070 378 3133 Tacit.
392 3073 477 3133 Anu.
494 3070 553 3130 III.
569 3067 619 3130 68.
643 3069 693 3130 VI.
711 3067 763 3134 30.
779 3068 835 3128 IV.
851 3064 974 3127 21.1V.
991 3063 1042 3126 13.
1061 3061 1183 3126 Fiebat
1198 3081 1282 3126 vero

111 3275 138 3339 p)
157 3276 215 3328 Non
240 3274 316 3330 enbn
341 3277 488 3344 deportatio
510 3275 540 3328 iu
563 3276 655 3328 locum
673 3272 747 3326 iliius
765 3287 853 3341 equae
871 3276 899 3323 et
915 3269 986 3336 ignis
1005 3267 1202 3322 interdictionis
1220 3282 1283 3320 suo-

60 3357 127 3422 cessit,
138 3365 164 3412 ut
178 3362 241 3414 leti
261 3362 355 3428 ajunt:
373 3362 406 3411 Ι..
426 3365 450 3412 2.
469 3362 490 3428 ᾗ.
510 3367 532 3414 1.
546 3358 582 3412 D.
598 3361 629 3412 de
647 3360 731 3410 Poen.
743 3360 775 3410 L.
787 3361 812 3410 6.
826 3358 860 3410 D.
876 3358 989 3424 chcp.
1004 3354 1061 3408 Jul.
1070 3354 1159 3424 pecul.
1178 3351 1284 3422 Mansit

60 3443 129 3503 potius
144 3445 186 3498 illa
203 3446 319 3513 antiqua
336 3461 423 3513 aquae
441 3450 469 3496 et
482 3444 552 3510 ignis
564 3441 718 3496 interdictio
731 3441 813 3494 etiam
827 3447 890 3508 post
902 3443 1040 3494 inventam
1052 3439 1284 3506 deportationem:

60 3526 123 3579 Tacit.
138 3531 203 3583 Anu.
224 3531 271 3583 VI.
290 3535 332 3583 ³0.
351 3531 483 3597 adjecere
501 3533 606 3580 tantum
625 3529 815 3595 Imperatores,
834 3531 865 3578 ut
881 3529 992 3580 exsules
1010 3525 1056 3579 isti
1074 3541 1137 3591 non,
1152 3523 1199 3578 ubi
1216 3523 1284 3596 libe-

60 3617 95 3674 ret,
109 3615 149 3666 sed
164 3616 191 3667 in
209 3623 285 3668 certa
303 3617 422 3683 quadam
439 3615 537 3678 insula,
556 3614 694 3666 viverent:
714 3614 817 3665 liuber.
838 3612 954 3680 Dc'press.
969 3613 992 3665 I.
1010 3615 1035 3664 6.
1047 3615 1072 3664 9.
1082 3627 1110 3680 p.
1128 3609 1283 3664 1961119.

60 3695 107 3749 lid.
122 3705 145 3750 et
160 3701 291 3766 Sobilliug
308 3701 386 3753 Bam.
404 3714 432 3766 p.
449 3704 509 3754 390.
528 3715 569 3767 sq.
587 3705 643 3752 not
663 3702 738 3752 1066.
756 3696 843 3750 leniit.

112 3784 142 3850 q)
157 3786 218 3838 Non
236 3786 329 3838 Julius
347 3786 456 3850 Caesar,
474 3782 515 3836 uti
529 3801 569 3848 ¹ex
588 3785 662 3836 Suet.
680 3784 737 3836 Jot.
759 3783 832 3836 Caes.
850 3801 873 3835 c.
889 3786 932 3834 66.
950 3781 1067 3848 probare
1085 3779 1183 3846 satagit
1201 3780 1286 3834 Oisel.

60 3863 87 3913 td
101 3867 154 3937 chi
168 3871 234 3924 Ircst.
246 3872 272 3924 Ι.
287 3876 313 3924 6.
327 3877 350 3923 1.
357 3889 386 3939 p.
399 3889 433 3923 ιιι.
447 3874 489 3924 47.
509 3869 680 3934 Supplicium
698 3868 778 3932 enim,
797 3868 871 3935 quod
888 3866 1020 3920 militibus
1037 3866 1156 3919 minatur
1174 3865 1285 3931 Caesar,

60 3961 101 4001 non
115 3954 159 4006 luit
175 3949 338 4022 deportatio,
360 3957 429 4025 (non
447 3955 580 4008 euim-eos
593 3953 621 4006 in
633 3959 734 4006 certam
745 3954 863 4006 insulam
875 3951 990 4004 missum
1004 3951 1039 4004 iri
1053 3945 1116 4020 ait),
1135 3951 1184 4003 sed
1196 3965 1286 4016 poena
1303 3979 1305 3982 ·

61 4038 169 4098 quaedam
186 4041 410 4094 extraordinaria.
429 4041 507 4094 Haeo
523 4040 597 4093 enim
611 4047 674 4092 aunt
688 4037 814 4091 Caesaris
830 4039 927 4091 verba:
946 4039 1076 4090 Desinunt
1086 4037 1194 4107 ‹puidum'
1204 4051 1284 4105 puec-

61 4133 106 4170 rere
120 4125 194 4187 alba,
212 4135 259 4178 cat
277 4127 395 4196 opinari,
414 4126 542 4196 mihique,
561 4127 607 4195 psci
623 4133 784 4193 compertam
803 4121 893 4188 babeo,
912 4123 1040 4175 credaut:
1059 4115 1104 4172 aut
1122 4119 1225 4188 quidem
1243 4137 1286 4170 ve·

61 4208 176 4262 actaeae
192 4229 259 4263 uoce
273 4213 426 4280 impositos,
445 4227 606 4280 quocumque
623 4219 712 4270 cento,
730 4209 759 4261 in
782 4225 957 4278 qaaecumque
981 4215 1069 4258 terrea
1082 4203 1183 4274 jubebo
1203 4204 1286 4258 coeli.

61 4287 248 4358 Frequentatum
277 4303 372 4362 postea
396 4299 447 4349 lroo
475 4296 639 4362 supplicium
663 4295 850 4362 indictumque
873 4292 1040 4344 delatoribus
1064 4306 1081 4342 a
1103 4290 1183 4342 Tito:
1211 4291 1286 4343 Suet.

65 4371 101 4426 lit.
117 4395 136 4430 c.
152 4383 175 4431 8.
192 4388 219 4434 ct
237 4385 370 4450 TraJuno:
389 4384 459 4435 Plin.
479 4385 584 4449 Paacp.
602 4399 624 4433 e.
642 4385 683 4433 ³4.
702 4383 761 4432 lmo
779 4387 806 4431 et
823 4377 986 4430 Christianis
1004 4393 1021 4429 a
1039 4373 1173 4443 tyrannis,
1192 4391 1288 4443 quem-

61 4458 187 4517 admodum
204 4467 297 4520 docuit
314 4469 451 4520 Causaub.
471 4470 507 4520 cd
527 4468 597 4520 Suet.
616 4467 672 4518 Jot.
688 4483 716 4533 p.
733 4469 775 4519 99.
795 4465 875 4516 Helm
965 4459 966 4462 ’

115 4550 140 4615 r)
158 4550 462 4618 Distinguendatamen
480 4554 549 4605 haec
566 4551 721 4618 deportatio
739 4567 755 4602 a
773 4549 934 4618 relepotione
951 4549 980 4601 in
996 4547 1118 4614 insulem,
1137 4547 1226 4616 qualis
1238 4545 1291 4599 ruit
