3030 5160
229 387 302 456 492
456 403 458 408 ·
678 381 753 449 Lm.
779 379 841 448 ΠΙ.
867 380 946 449 Tra.
972 379 1033 449 Vl.

230 564 406 642 sororisque
419 559 487 642 sitii
505 565 541 621 et
559 559 651 642 filiae
664 560 710 640 ⁸),
731 565 886 640 patruus,
901 563 1019 632 mma,
1040 559 1220 620 avunculus
1243 562 1278 621 et
1298 564 1458 619 matertera:
1485 533 1486 548 ἵ

230 677 348 752 quarto
361 668 482 746 fratrib
498 673 532 729 et
554 685 697 728 sororum
713 674 856 748 nepotes,
882 674 1004 748 neptes,
1017 666 1144 744 fratres
1161 666 1343 746 patrueles,
1362 683 1459 724 sororu
1485 725 1486 728 ,

226 777 398 858 patrueles,
413 775 590 837 consobrini
605 781 639 836 et
656 773 869 846 consobrinae,
887 776 1012 834 amitini
1025 780 1059 836 et
1079 775 1248 844 amitinae,
1260 757 1393 853 patruus
1408 791 1460 830 ma·
1485 853 1486 856 Ἴ

229 903 313 964 gnus
329 889 364 944 et
379 885 477 943 amita
490 901 618 963 magna,
633 883 808 942 auunculus
823 901 969 962 magnus,
986 886 1021 941 et
1034 889 1208 942 matertera
1224 899 1355 960 magno:
1367 876 1458 960 quinto

220 989 342 1067 fratris
360 996 396 1051 et
412 993 529 1050 sororis
538 997 725 1069 pronepotes
739 993 775 1050 et
783 997 965 1069 proneptes,
978 989 1099 1066 fratrr's
1114 987 1287 1070 patruelia,
1304 988 1410 1048 sororis
1417 1005 1459 1065 pa·
1485 995 1486 1072 J

231 1099 360 1171 truella,
379 1100 516 1168 anatim,
536 1099 701 1169 mrrdinaa,
722 1097 975 1158 consobrinarum
993 1096 1291 1158 amasobriaarumce
1298 1095 1373 1175 filii,
1381 1094 1459 1173 ritae,

224 1205 356 1284 propior
377 1203 499 1264 sobrino
528 1203 653 1264 sobrina
667 1203 711 1282 1),
728 1202 942 1282 propatruus,
963 1204 1224 1284 proavunculus,
1239 1208 1460 1283 promatertera:

176 1349 180 1356 -
231 1317 326 1373 sexto
342 1309 489 1387 sratrnm
514 1329 717 1390 sororumque
746 1311 912 1391 abnepotes
938 1318 972 1373 et
997 1312 1161 1393 abneptes,
1176 1311 1303 1388 fratrib
1322 1308 1457 1390 patrueli,
1485 1289 1486 1294 ἵ

231 1420 348 1479 sororis
360 1419 527 1498 patrueles,
549 1419 684 1488 amitini,
707 1419 871 1490 amitrboe,
887 1419 1076 1492 consobrini,
1099 1417 1306 1480 consobrinae
1323 1433 1456 1496 neposne

225 1529 310 1608 ptis:
322 1527 438 1606 patrui
443 1527 560 1604 magni,
572 1526 687 1585 amr'tae
699 1545 844 1606 magnae,
856 1527 1008 1587 auunculi
1020 1528 1138 1608 magni,
1148 1533 1341 1586 materterae
1352 1539 1456 1602 magma

230 1651 340 1712 nepos,
361 1633 477 1712 neptas:
493 1634 677 1712 propatrui,
697 1633 886 1713 proamitae,
904 1635 1129 1714 proavunculi,
1149 1629 1453 1714 proruaterteraefilri

224 1741 332 1822 filiae,
344 1741 532 1820 abpatruus,
554 1737 702 1813 abamita,
716 1740 949 1814 abavunculus,
966 1741 1188 1802 abmatertera.
1210 1736 1350 1822 Reliqui
1365 1733 1452 1819 gradus

233 1843 344 1908 denuo
365 1845 507 1929 propriis
528 1844 715 1909 nominibus
739 1846 977 1910 destituuntur:
999 1847 1028 1928 §.
1046 1848 1076 1909 7.
1097 1846 1175 1910 inst.
1195 1847 1226 1908 b.
1244 1855 1267 1908 t.
1290 1843 1377 1909 Pauli
1395 1841 1448 1903 Seo-

233 1961 320 2015 tentt.
335 1952 475 2036 Recepit.
490 1954 512 2014 Ι
512 1953 546 2014 V.
560 1953 611 2016 ll.
627 1953 656 2016 1.
671 1974 717 2036 sq.

818 2107 900 2190 sa
1011 2081 1019 2090 ”

601 2223 752 2278 Schema
766 2225 900 2292 praduum
918 2223 1085 2293 cognationes.

317 2339 427 2418 Quum
456 2362 537 2406 vero
560 2342 777 2406 haecomnia
801 2341 965 2405 difficilius
988 2343 1236 2426 concipiantur:
1267 2342 1300 2406 in
1322 2337 1449 2404 schemate

234 2449 378 2532 quodam
389 2456 521 2513 veteres
530 2448 757 2513 iureconsulti
772 2447 925 2511 solebant
940 2471 1010 2511 rem
1026 2471 1156 2512 omnem
1169 2453 1216 2512 ob
1229 2449 1339 2512 oculos
1349 2463 1449 2528 ponere.
1485 2477 1486 2490 2

236 2553 345 2632 Quale
370 2555 469 2618 etiam
492 2556 758 2619 Institutionibus
783 2556 847 2618 suis
870 2556 1054 2620 inseruerat
1073 2557 1282 2621 lastinianus
1310 2547 1449 2618 secundun

180 2657 183 2664 ’
234 2662 264 2744 §.
285 2664 342 2725 ult.
357 2663 435 2723 Inst.
456 2663 485 2724 lr.
500 2672 521 2724 t.
538 2670 573 2725 et
588 2662 622 2725 in
638 2663 829 2746 paraphrasi
846 2661 1065 2748 Theophilus,
1080 2664 1169 2749 quod
1186 2673 1299 2729 tamen
1313 2669 1449 2738 utrumque

234 2770 344 2853 periit.
364 2770 412 2832 At
427 2768 521 2852 plura
543 2777 653 2833 tamen
677 2770 838 2855 ejusmodi
859 2772 1026 2836 schemata
1045 2773 1182 2858 antiqua
1204 2775 1375 2858 supersunt.
1393 2761 1448 2825 Tria

235 2877 480 2962 elegantissima
500 2877 593 2941 dedit
607 2878 754 2943 Isidorus
776 2878 984 2964 Hispalensis
1004 2881 1091 2962 Orig.
1111 2881 1170 2942 IX.
1183 2881 1216 2942 ¹7.
1225 2903 1260 2964 p.
1275 2875 1359 2941 1059.
1371 2893 1406 2956 sq.
1420 2887 1448 2929 ex

236 2985 309 3048 edit.
320 2984 459 3068 Dionys.
475 2986 688 3070 Gothofredi,
698 3007 836 3072 quornm
851 2989 989 3072 primurn
1006 2988 1176 3070 scalarum,
1193 2987 1330 3052 alterum
1345 2977 1446 3054 arboris,

234 3081 367 3157 tertium
390 3100 484 3157 rotae
506 3095 611 3158 refert
631 3095 817 3180 imaginem.
847 3096 927 3159 Alia
947 3093 1044 3180 hujus
1066 3095 1198 3180 generis
1221 3097 1257 3160 in
1279 3089 1389 3158 scriniis
1403 3083 1446 3148 tull

233 3201 351 3267 habuit
374 3201 543 3287 Cujacins,
568 3225 706 3288 quorum
729 3226 828 3268 unum
853 3204 961 3268 codici
983 3205 1112 3269 cuidam
1130 3202 1361 3268 Theodosiana
1376 3209 1446 3279 prat·

234 3311 364 3376 missum
381 3310 488 3375 edidit
500 3312 568 3374 Lib.
590 3314 642 3375 VI.
661 3314 834 3375 Obseroatt.
848 3335 874 3376 c.
889 3313 940 3375 40.
952 3334 986 3396 p.
1004 3336 1044 3375 m.
1063 3311 1135 3376 268.
1153 3312 1246 3398 quod
1261 3311 1339 3375 licet
1351 3295 1445 3369 norati

176 3445 182 3459 ·
235 3419 398 3503 adgnatos
414 3420 663 3504 complectatur,
678 3420 812 3505 dignum
831 3428 942 3485 tamen
960 3421 1102 3504 videtur,
1118 3420 1211 3507 qnod
1225 3428 1261 3483 et
1275 3418 1327 3482 hic
1340 3415 1445 3502 ponatur

236 3526 280 3591 ob
296 3527 427 3609 oculos,
443 3536 479 3591 ut
494 3528 608 3592 modus
623 3529 683 3592 ille
699 3537 846 3592 veterum
868 3528 1060 3596 delineandi
1076 3529 1196 3613 gradus
1213 3520 1401 3612 adgnationis
1417 3531 1444 3574 eo

194 3694 196 3697 .
235 3635 356 3706 rectius
369 3625 587 3734 'ihtelligatun
614 3637 734 3717 (ΤΑΒ.
750 3638 809 3718 Α.)
828 3641 871 3720 ο).

306 3885 338 3952 a)
357 3882 480 3952 Propriis
498 3883 655 3940 nominihus
672 3889 699 3936 et
717 3885 767 3936 hae
780 3882 955 3952 cognationes
973 3883 1166 3938 destituuntur.
1185 3884 1248 3938 Vid.
1260 3876 1345 3936 Plauti
1360 3864 1443 3927 Pueri.

235 3969 297 4022 Act.
315 3967 343 4019 V.
363 3985 397 4020 sc.
409 3973 434 4021 2.
450 3987 474 4021 a.
486 3973 528 4022 82.
539 3986 593 4038 sqq.
611 3970 715 4021 Paulus
732 3971 765 4021 L.
779 3973 820 4022 10.
837 3971 858 4037 §.
873 3971 913 4023 14.
932 3971 967 4023 D.
986 3970 1018 4021 de
1039 3970 1123 4023 Grad.
1142 3972 1233 4038 Vulgo
1247 3976 1331 4022 tamen
1346 3957 1442 4013 vocentur

235 4061 350 4122 nepotes.
368 4053 432 4106 Vid.
446 4053 628 4105 Casauhonus
646 4053 683 4105 ad
698 4054 758 4106 Aet.
778 4054 916 4123 Spartiani
932 4055 1065 4107 Hadrian.
1083 4074 1106 4108 a.
1124 4061 1150 4108 2
1168 4057 1249 4111 Heia.

305 4139 339 4206 b)
357 4139 390 4190 Id
399 4143 441 4190 est
449 4136 538 4204 patrui
548 4141 648 4204 magni,
666 4140 765 4192 amitae
779 4155 901 4206 magnae,
914 4140 1040 4192 avunculi
1054 4141 1146 4206 magni
1158 4147 1185 4194 et
1201 4143 1350 4194 materterae
1359 4131 1441 4189 &8³⁸⁶

121 4233 126 4244 ‘
170 4227 172 4235 “
236 4223 286 4276 tilii
302 4222 382 4276 filiae.
403 4225 445 4278 Gi.
457 4225 560 4279 Theod.
574 4225 662 4292 Ryclr.
680 4227 716 4278 ad
736 4226 1078 4278 remuneraturum.
1096 4226 1176 4278 Heia.

304 4308 469 4374 c)Schema
484 4309 628 4374 graduum,
646 4311 680 4361 de
698 4325 753 4378 quo
765 4311 792 4363 h
806 4312 823 4362 l.
840 4313 951 4376 Auctor,
969 4311 1147 4375 emendatius,
1165 4327 1246 4379 qnam
1258 4306 1325 4376 apud
1335 4300 1440 4356 Notfflfflr

236 4394 333 4458 iegitur
351 4395 454 4446 tamin
478 4395 677 4464 antiquioribus
701 4394 927 4450 Observationum
947 4395 1157 4462 Cujacianarum
1177 4393 1311 4462 exemplis,
1331 4378 1398 4440 vetuti
1411 4371 1440 4430 lh

238 4493 308 4544 quae
325 4477 418 4530 insunt
440 4479 557 4548 Operum
575 4481 633 4534 edd.
659 4479 853 4533 Paesinates
871 4495 1004 4534 annorum
1025 4487 1099 4538 1577.
1117 4487 1144 4534 et
1163 4485 1317 4546 1584.,1ιιω
1332 4455 1440 4524 hildim

241 4562 416 4618 therasiam·
433 4567 474 4619 ed
493 4567 683 4620 Parisionsr'a.
703 4569 776 4622 1586.
801 4569 833 4620 Ρ.
846 4567 881 4620 11.
900 4583 927 4634 p.
943 4571 1015 4633 167,
1041 4567 1145 4621 unde
1138 4567 1191 4635 rpsi
1215 4565 1279 4622 iilud
1301 4547 1437 4612 commui
