3062 5156
217 370 287 437 160
673 361 748 430 Lrn.
773 361 800 428 l.
826 357 905 428 Trr.
931 345 1009 427 Xll.

215 543 258 605 de
274 538 579 604 manumissionibus
594 536 725 600 illorum
738 544 904 618 ageretur,
919 534 1011 599 locus
1028 555 1095 599 non
1110 545 1183 600 erat
1196 533 1339 620 legibus,
1350 533 1470 618 quibus
1521 528 1522 560 ³

215 646 467 714 manumittendi
488 645 626 709 licentia
640 645 856 708 coercebatur
871 644 916 724 1();
931 645 1012 758 quin
1032 643 1151 725 etiam,
1166 642 1273 706 invito
1294 663 1354 724 eo,
1378 642 1469 725 cujus
1521 727 1522 732 γ

201 757 250 821 -in
268 755 432 839 mancipio
446 762 551 836 erant,
567 775 663 818 censu
681 753 871 816 libertatem
894 751 1054 835 consequi
1068 759 1236 834 poterant,
1255 758 1400 835 excepto
1418 771 1469 831 eo,

214 865 272 950 qui
286 871 344 928 aut
359 883 402 924 ex
416 862 531 927 noxali
547 883 645 926 causa
659 859 823 944 mancipio
840 858 934 924 datus
950 867 1010 942 est,
1026 865 1083 922 aut
1101 879 1198 944 quem
1218 867 1314 941 pater
1335 879 1377 922 ea
1390 858 1468 941 lege

212 972 379 1054 mancipio
403 970 518 1051 dedit,
547 978 583 1034 ut
612 969 674 1032 sibi
704 968 984 1052 remanciparetur
998 968 1041 1048 ¹).
1070 967 1228 1050 Denique
1258 965 1468 1031 manumissio

214 1101 281 1142 non
303 1077 412 1141 obiirit
430 1076 594 1141 natalibus
610 1097 633 1140 s.
648 1076 849 1161 ingenuitati
863 1077 1008 1160 ipsorum
1025 1078 1078 1156 ΙΙΙ).

797 1227 827 1309 §.
849 1225 878 1288 2.

687 1343 737 1394 'De
755 1344 841 1396 cauas's
858 1342 991 1411 menapii.

297 1444 338 1507 In
355 1443 519 1528 mancipio
539 1451 633 1506 erant
653 1442 753 1507 liberi
772 1442 933 1524 homines,
949 1444 1039 1528 iique
1049 1442 1127 1527 jure
1140 1439 1328 1525 mancipati.
1348 1439 1468 1526 Singu-

212 1552 266 1615 lae
287 1558 397 1614 autem
420 1549 575 1634 mancipii
589 1571 707 1615 causae
721 1549 764 1614 ad
784 1549 910 1636 duplex
929 1571 1086 1614 summum
1102 1571 1207 1634 genus
1220 1547 1373 1612 revocari
1392 1570 1468 1633 pos·

192 1677 196 1694 ·
214 1668 304 1723 sunt:
315 1681 390 1722 narn
401 1667 457 1722 aut
469 1679 548 1722 vere
564 1658 599 1720 id
611 1661 782 1748 agebatur,
795 1668 830 1723 ut
839 1680 1007 1723 servorum
1021 1658 1098 1723 loco
1109 1658 1210 1722 liberi
1221 1657 1371 1720 homines
1379 1657 1467 1741 apud

214 1790 288 1832 eum
311 1774 439 1848 essent,
463 1766 515 1829 cui
537 1767 822 1851 mancipabantur,
845 1775 901 1830 aut
921 1753 998 1829 diois
1019 1788 1118 1830 eausa
1135 1766 1238 1831 fiebat
1258 1765 1468 1850 mancipatio.

212 1877 252 1941 In
269 1875 380 1959 priore
399 1894 523 1958 genere
541 1874 672 1938 inerant
688 1874 829 1939 tiliorum
850 1874 1175 1939 filiarumvefamilias
1193 1885 1228 1938 et
1249 1872 1467 1955 venditiones,

165 1990 168 1996 ’
214 1985 300 2048 serio
325 1983 434 2046 animo
457 1981 584 2064 factae,
602 1989 636 2044 et
656 2003 765 2046 noxae
789 1984 957 2065 dationes,
974 2003 1053 2067 quas
1076 1983 1208 2067 quidem
1234 1980 1338 2062 so‘las,
1354 1988 1392 2044 ut
1409 2001 1465 2044 suo

214 2092 314 2156 etiam
337 2099 488 2173 tempore
517 2111 575 2153 usu
602 2099 767 2173 retentae,
793 2091 896 2176 Gajus
920 2099 1154 2154 commemorat
1168 2087 1213 2172 ιι).’
1244 2089 1300 2153 Ad
1326 2087 1465 2154 alterum

213 2220 317 2284 genus
340 2197 554 2281 pertinebant
574 2199 852 2283 mancipationes,
869 2221 953 2285 quae
976 2208 1146 2264 contracta
1166 2198 1286 2262 fiducia
1300 2197 1374 2260 fieri
1388 2197 1467 2261 soli·

212 2316 267 2376 tae
291 2314 375 2369 sunt.
396 2307 470 2370 Jam
487 2329 568 2370 vero
577 2310 734 2390 fiduciam
750 2311 936 2371 contrahere
949 2307 1134 2393 generatim
1150 2306 1375 2390 significabat:
1397 2327 1465 2369 rem

213 2413 357 2500 aliquam
368 2414 424 2479 vel
440 2415 606 2478 hominem
623 2415 836 2499 imaginariae
847 2415 1049 2479 venditionis
1061 2415 1171 2500 specie
1189 2413 1346 2495 adolium
1363 2422 1466 2477 trans-

212 2523 300 2586 ferre
315 2523 377 2586 hac
391 2523 480 2608 lege,
498 2531 545 2605 ut,
562 2523 653 2608 quod
670 2545 710 2586 eo
733 2525 832 2587 modo
849 2530 1019 2606 acceptum
1043 2523 1102 2606 sit,
1120 2522 1320 2608 quandoque
1338 2541 1465 2586 reman-

213 2631 390 2716 ciparetur,
407 2629 517 2694 aliove
533 2631 634 2694 modo
647 2653 665 2694 e
676 2654 774 2696 manu
790 2631 976 2695 mitteretur
989 2637 1032 2713 ⁰);
1047 2632 1136 2694 unde
1151 2629 1320 2695 fiduciaria
1334 2630 1465 2692 actione

212 2761 284 2802 cum
304 2737 489 2821 accipiente
505 2740 666 2823 agebatur
680 2744 725 2820 1³).
746 2741 790 2803 Et
806 2739 848 2802 de
869 2741 966 2803 rebus
983 2739 1115 2825 quidem
1138 2748 1194 2803 aut
1210 2760 1280 2802 cum
1299 2737 1465 2802 creditore
1526 2783 1527 2794 .

211 2846 361 2932 pignoris
381 2847 458 2931 jure
478 2845 598 2912 fiducia
620 2848 887 2931 contrahebatur,
903 2856 959 2911 aut
981 2869 1052 2912 curn
1068 2849 1174 2912 amico
1194 2849 1231 2928 (i.
1247 2869 1276 2910 e.
1297 2847 1465 2931 deposita·

212 2955 294 3036 rio),
310 2976 376 3039 quo
393 2955 493 3019 tutius
509 2977 561 3019 res
578 2956 665 3040 apud
682 2977 754 3019 eum
771 2965 858 3019 esset
873 2961 916 3037 1).
937 2957 992 3020 De
1007 2957 1156 3041 personis
1168 2977 1250 3020 vero
1263 2963 1319 3020 aut
1329 2962 1465 3040 propter

212 3063 508 3149 emancipationes,
532 3072 589 3127 aut
614 3073 752 3148 propter
771 3065 974 3128 coemtiones
998 3087 1069 3128 curn
1097 3072 1257 3127 extraneo
1286 3063 1464 3128 faciendas.

212 3170 377 3249 Quoniam
394 3178 503 3234 autem
521 3171 562 3233 de
586 3180 728 3257 utroque
746 3171 886 3242 fiduciae
906 3194 1031 3258 genere
1049 3173 1118 3258 jam
1135 3194 1232 3256 supra
1254 3195 1273 3235 a
1290 3171 1388 3235 nobis
1408 3191 1464 3234 ex-

211 3280 352 3364 positum
373 3289 430 3345 ¹est
445 3283 488 3362 r),
514 3278 676 3344 nonnulla
702 3277 755 3364 hic
777 3275 870 3345 velut
899 3281 1200 3365 supplementorum
1233 3280 1310 3344 loco
1329 3299 1463 3343 monere

210 3437 504 3450 ffi-

280 3521 299 3572 k
336 3521 396 3572 Ga‘.
415 3521 436 3573 Ι.
457 3523 515 3573 109.

292 3520 316 3670 ll
337 3538 398 3671 Gai.
415 3604 438 3678 l.
460 3609 516 3657 140.
530 3618 562 3675 ᾳ
580 3619 668 3669 „nam
686 3579 889 3673 quodammodo
907 3613 973 3661 tuno
990 3613 1067 3676 pater
1085 3612 1248 3676 potestatem
1266 3603 1404 3682 propriam
1423 3621 1463 3656 ro·

210 3703 318 3744 servare
338 3689 391 3741 sibi
408 3690 515 3743 videtur
532 3705 566 3742 eo
583 3689 653 3757 ips0,
672 3691 747 3759 quod
764 3692 901 3759 mancipio
918 3693 1040 3761 recipit.”
1247 3729 1251 3736 ·

206 3779 207 3784 ’
269 3777 312 3844 m)
332 3777 396 3842 Arg.
414 3776 435 3842 ἓ.
456 3776 501 3828 tin.
519 3775 544 3827 Ι.
563 3777 595 3828 de
612 3775 698 3843 iopen.
715 3776 747 3827 L.
762 3781 787 3829 2.
806 3783 834 3830 et
850 3781 874 3832 8.
896 3778 925 3831 0.
943 3779 975 3831 de
993 3780 1079 3848 inam.
1096 3780 1247 3832 manumiss.
1269 3779 1302 3832 L.
1322 3781 1363 3831 10.
1384 3777 1413 3830 0.
1432 3777 1462 3828 de

113 3910 119 3922 ,
207 3869 280 3930 patr.
291 3868 347 3929 pot.
437 3865 439 3881 '

278 3948 312 4014 n)
332 3945 398 3998 Inst.
415 3946 437 3998 1.
457 3947 514 3998 140.
535 3950 594 4000 141.
676 3979 681 3986 -

162 4055 175 4067 ·
278 4032 311 4099 o)
330 4028 487 4084 Universim
504 4031 539 4083 de
563 4033 615 4083 hoc
638 4037 798 4100 argumento
821 4039 948 4100 egerunt:
973 4033 1004 4086 F.
1025 4035 1056 4087 C.
1075 4033 1196 4087 conradi
1214 4033 1311 4086 Exere.
1330 4033 1354 4086 1.
1373 4032 1412 4084 ΙΙ.
1430 4031 1462 4082 de

187 4183 195 4197 ἱ
205 4124 285 4185 paeto
294 4117 422 4184 fiduciae.
440 4116 556 4170 Helmst.
578 4121 652 4171 1732.
670 4123 712 4171 03.
730 4123 756 4170 4.
776 4119 818 4185 (et
835 4118 864 4170 in
881 4121 972 4189 serapt.
991 4122 1053 4172 mia.
1071 4120 1114 4171 ed.
1133 4120 1166 4170 ab
1185 4121 1216 4172 1.
1229 4117 1344 4170 Pernioe
1359 4117 1419 4170 Vol.
1439 4115 1461 4166 1.

210 4202 291 4254 Num.
309 4201 358 4253 lv.
376 4216 403 4266 p.
423 4205 519 4255 177-
534 4203 661 4269 254111.
680 4206 713 4255 A.
732 4203 879 4256 Zachariae
896 4219 994 4258 comm.
1014 4205 1046 4256 de
1054 4205 1168 4274 fiducia.
1186 4205 1261 4257 Gott
1275 4205 1351 4258 18³0.

277 4287 311 4354 p)
331 4285 367 4338 V.
385 4285 476 4340 Paulli
493 4295 629 4340 recreat
647 4289 682 4339 11.
702 4286 754 4339 Tit.
777 4291 816 4341 1³.
833 4289 854 4356 ξ.
872 4294 898 4342 5.

278 4373 311 4439 q)
331 4370 393 4437 Gaj.
411 4374 448 4425 ll.
465 4377 509 4425 60.
774 4391 776 4396 ·

282 4457 310 4521 r)
330 4454 383 4507 Tit.
396 4457 435 4511 X.
449 4459 471 4525 ξ.
486 4463 526 4510 12.
539 4463 566 4509 et
580 4457 633 4510 Tit
646 4457 715 4508 XII.
726 4459 747 4525 ξ.
763 4462 869 4513 7-11.
884 4487 916 4500 -
939 4459 981 4512 Cf.
994 4464 1022 4510 et
1032 4461 1151 4514 Rudorff
1166 4461 1216 4512 das
1232 4461 1320 4514 Recht
1332 4459 1379 4512 der
1390 4457 1461 4508 Vor-

209 4541 349 4596 mundsoh.
367 4543 390 4592 Τ
416 4543 439 4594 l.
456 4542 478 4608 ξ.
495 4547 536 4596 01.
555 4547 581 4594 et
599 4541 668 4594 inira
687 4549 741 4596 not
760 4549 793 4595 t.
