3122 5162
514 375 570 466 lia
593 398 755 466 Muniam
779 397 943 470 Junrorrs.
1284 405 1355 472 795

102 576 192 658 dixi,
220 577 293 660 ipse
313 575 456 661 populus
479 573 663 660 judicabat.
691 574 876 636 Dicebatur
896 574 943 638 ita
965 575 1086 640 lurtum
1107 575 1269 660 pecuniae
1296 595 1358 661 pu·

101 683 230 765 blicae,
247 692 295 765 et,
319 677 593 768 quemadmodum
610 703 629 744 a
645 682 732 744 furto
749 681 854 761 fures,
876 681 923 745 ita
943 703 962 746 a
976 683 1132 767 peculatu
1148 684 1358 768 peculatores

101 790 370 875 adpellabantur:
400 790 519 853 Ascon.
549 788 717 852 Pedianus
739 791 772 852 in
796 793 936 851 Prooem.
959 793 1098 854 Aotrbats
1120 796 1153 853 a'a
1181 791 1308 853 Verrem
1330 813 1356 854 c.

100 898 130 961 1.
147 920 178 982 p.
193 897 244 960 43.
267 897 368 982 idque
384 897 480 978 ideo,
498 895 574 980 quia
597 896 675 958 olim
698 898 731 958 in
754 895 883 980 pecude
906 877 1048 960 maxime
1071 899 1289 962 constiterunt
1305 898 1357 961 di-

19 1061 21 1070 ,
100 1006 220 1085 vitiae,
238 1005 389 1090 adeoque
407 1007 447 1069 ab
464 1025 504 1066 ea
519 1004 647 1066 initium
672 1004 740 1086 ejus
764 1003 887 1066 fraudis
910 995 981 1067 esse
1005 1006 1133 1089 coepit:
1155 1005 1272 1070 Festus
1296 1005 1355 1068 sub

100 1136 185 1178 voce
203 1115 368 1196 peculatus
380 1135 414 1194 p.
431 1111 503 1174 329.
519 1134 564 1195 eq.
586 1112 630 1175 Et
646 1110 724 1173 olim
742 1112 875 1196 quidem
891 1131 954 1174 nec
971 1113 1144 1198 singularis
1160 1113 1217 1175 lex
1234 1112 1277 1175 de
1292 1113 1356 1175 hoc

99 1221 236 1285 crimine
253 1220 419 1301 exstabat,
435 1239 497 1282 nec
514 1217 728 1296 Quaesitores
744 1218 926 1304 singulares
949 1229 1044 1284 erant
1066 1222 1245 1285 constituti.
1261 1220 1357 1299 Quo·

99 1330 163 1392 ties
186 1350 267 1414 ergo
290 1335 475 1412 suspectum
499 1326 540 1389 de
563 1325 718 1409 peculatu
739 1325 908 1389 habebant
937 1329 1059 1392 civem:
1090 1336 1183 1392 extra
1205 1328 1355 1391 ordinem

17 1509 18 1512 Ἴ
99 1437 251 1521 cuiquam
267 1434 356 1497 hane
368 1435 594 1520 quaestionem
611 1433 832 1497 demandabat
847 1435 1006 1518 populus,
1023 1444 1059 1498 ut
1074 1444 1167 1519 patet
1183 1457 1226 1499 ex
1242 1457 1356 1498 exem-

98 1545 159 1630 plo
173 1544 211 1606 L.
227 1543 391 1627 Scipionis
406 1542 556 1606 Africani
578 1541 666 1626 apud
681 1540 809 1604 Livium
827 1542 1017 1605 XXXVIII.
1032 1541 1082 1605 56.
1099 1565 1142 1606 ex
1164 1565 1230 1627 quo
1254 1545 1354 1608 etiam

98 1651 270 1727 discimus,
299 1651 364 1714 reis
390 1650 483 1714 litem
506 1671 578 1712 esse
601 1649 825 1731 aestimatam,
855 1671 964 1735 eoque
997 1650 1112 1732 facto‚·
1134 1660 1191 1715 aut
1212 1651 1355 1735 praedes

98 1759 231 1824 dedisse
250 1779 318 1842 eos,
329 1767 385 1822 aut
400 1759 435 1821 in
450 1778 614 1822 carcerem
638 1755 763 1838 ductos,
780 1756 929 1820 immissis
951 1759 985 1822 in
1005 1779 1119 1823 eorum
1136 1760 1223 1823 bona
1239 1759 1355 1838 Quae-

98 1866 253 1932 storibus.
269 1887 278 1920 ι

673 1975 701 2056 §.
723 1972 775 2035 71.
835 2013 838 2020 ·
887 2009 889 2014 ·

526 2083 609 2149 Lepas
627 2084 718 2162 ramae
738 2083 769 2132 de
784 2081 917 2150 peculatu.

182 2185 307 2246 Postea
322 2199 390 2246 unx
413 2200 456 2245 os
478 2190 655 2244 rucuunru
676 2182 788 2244 nescio
811 2203 830 2242 a
853 2202 919 2264 quo
941 2181 1010 2244 lata
1033 2189 1157 2262 est,·et
1180 2182 1353 2266 singularis

98 2291 295 2356 constitutus
327 2291 490 2370 Praetor,
521 2288 577 2372 qui
607 2289 835 2372 quaestionem
863 2287 906 2350 de
938 2286 1182 2380 peculatoribus
1203 2289 1354 2356 haberet.

28 2483 36 2505 ⁸
95 2508 281 2571 institutum
299 2504 440 2570 Sullanis
457 2507 660 2588 temporibus
677 2526 747 2567 esse
771 2503 952 2590 antiquius:
976 2503 1048 2567 Car.
1065 2503 1220 2587 Sigonius
1242 2506 1280 2566 de
1295 2507 1353 2568 Ju-

94 2618 186 2678 dr'cr'r‘s
201 2616 244 2677 II.
258 2613 309 2676 28.
326 2635 360 2696 p.
376 2613 448 2676 624.
469 2613 625 2677 Adcessit
645 2623 765 2698 postea
786 2631 854 2677 nux
876 2631 920 2676 DE
943 2628 1115 2694 uuslours,
1136 2611 1222 2695 lata,
1246 2620 1281 2676 ut
1303 2611 1354 2676 vi-

95 2723 211 2802 detur,
234 2745 252 2785 a
274 2720 310 2784 C.
334 2719 510 2800 Cornelio,
537 2721 687 2784 Tribuno
710 2721 836 2806 plebis,
859 2730 895 2783 ut
911 2725 1067 2802 pecuniae
1083 2721 1244 2802 publicae,
1274 2743 1354 2804 quae

93 2831 244 2914 residuae
259 2831 346 2910 apud
359 2849 511 2910 quemque
523 2838 642 2904 essent,
654 2833 876 2910 erigerentur:
891 2826 1013 2889 Ascon.
1027 2826 1194 2891 Pedianus
1209 2831 1243 2891 in
1263 2830 1352 2890 Orat.

95 2940 161 3000 Cic.
178 2957 239 3018 pro
257 2924 289 2996 0'.
308 2936 448 2998 Cornelio
469 2957 495 2995 o.
511 2935 561 2996 13.
579 2957 612 3016 p.
628 2933 698 2998 135.
720 2935 894 2998 Postremo
917 2957 937 2997 a
959 2934 1101 2998 Caesare
1124 2933 1194 2998 lata
1216 2944 1264 2998 est
1284 2953 1353 3000 unx

92 3061 194 3110 ΜΛΔ
217 3061 261 3106 Du
283 3056 479 3124 PucULATU,
498 3025 603 3126 eaque
627 3050 776 3122 cautum,
792 3052 845 3120 ut,
869 3040 925 3126 qui
949 3062 991 3102 ex
1013 3043 1153 3124 pecunia
1173 3064 1279 3124 sacra,
1299 3065 1351 3106 re·
1380 3073 1386 3084 ·

91 3151 235 3236 ligiosa,
251 3150 441 3233 abstulerit,
462 3149 695 3234 interceperit,
712 3151 744 3215 in
763 3171 851 3212 suurn
868 3169 936 3211 rem
954 3149 1107 3230 verterit,
1125 3158 1181 3212 aut
1197 3171 1263 3236 quo
1280 3151 1351 3236 quis

92 3259 260 3340 auferret,
283 3259 521 3344 interciperet,
543 3258 598 3320 vel
620 3258 654 3320 in
677 3280 744 3321 rem
769 3265 857 3320 su'arn
881 3264 1045 3337 verteret,
1068 3257 1207 3340 lecerit,
1239 3248 1351 3342 quiin
1406 3285 1409 3293 ¹

93 3389 230 3447 aurum,
253 3375 443 3450 argentum,
465 3388 520 3430 aes
544 3349 710 3450 publicum
733 3365 812 3450 quid
836 3364 1010 3445 indiderit,
1032 3364 1262 3438 immiscuerit,
1285 3374 1351 3447 aut,

92 3497 164 3560 quo
187 3474 222 3536 id
245 3473 358 3556 lieret,
387 3476 506 3539 fecerit
528 3475 608 3538 dolo
632 3474 736 3555 malo,
766 3475 889 3560 quique
919 3473 1064 3536 tabulam
1095 3495 1224 3537 aeream
1255 3471 1351 3560 legis,
1459 3465 1463 3472 ’

92 3585 277 3648 formamve
294 3603 464 3665 agrorum,
488 3592 544 3646 aut
559 3583 638 3669 quid
662 3581 752 3666 aliud
768 3583 994 3646 continentem
1014 3583 1180 3658 refixerit,
1202 3583 1257 3645 vel
1272 3581 1349 3667 quid

90 3691 333 3770 immutaverit,
351 3690 382 3752 ei
405 3713 491 3775 aqua
514 3701 547 3755 et
565 3690 636 3777 igni
658 3691 927 3771 interdiceretur,
951 3701 985 3755 et
1007 3693 1147 3775 pecunia
1170 3691 1210 3754 ab
1227 3690 1348 3753 herede

91 3807 314 3881 repeteretur.
350 3796 386 3860 Si
409 3798 481 3881 quis
503 3789 588 3864 vero
607 3799 771 3883 publicam
794 3800 967 3882 pecuniam
992 3800 1180 3885 delegatam
1202 3799 1237 3862 in
1260 3819 1348 3860 usum
1382 3825 1384 3830 κ

90 3904 239 3989 aliquem
263 3903 456 3985 retinuerit,
485 3926 594 3989 neque
618 3909 745 3971 ineam
773 3927 841 3968 rem
865 3909 1097 3990 consumserit,
1129 3913 1185 3970 aut
1216 3907 1242 3968 si
1264 3903 1349 3988 apud
1453 3903 1455 3910 '

91 4011 241 4097 aliquem
266 4033 308 4074 ex
330 4012 520 4095 locatione,
545 4016 707 4098 emtione,
731 4015 937 4078 alimentaria
959 4018 1109 4097 ratione,
1134 4035 1176 4076 ex
1199 4013 1347 4096 pecunia,

92 4142 193 4205 quam
210 4121 394 4205 acceperit,
418 4120 526 4184 aliave
543 4142 606 4204 qua
622 4107 763 4205 pecunia
778 4123 959 4200 resederit,
984 4124 1010 4192 is
1028 4123 1197 4186 damnatus
1214 4120 1348 4204 amplius

90 4227 194 4293 tertia
216 4235 336 4311 parte,
360 4250 454 4312 quam
479 4228 618 4308 debeat,
640 4230 795 4294 solveret.
818 4231 885 4295 Sed
909 4240 942 4293 et
963 4231 1048 4293 hanc
1068 4251 1210 4314 poenam
1233 4238 1348 4312 postea

88 4416 181 4488 pecul.
191 4417 220 4469 ‘er
231 4418 262 4470 L.
276 4421 318 4470 sr.
338 4417 374 4469 D.
385 4417 416 4468 ee
431 4416 508 4468 rure.
523 4417 648 4470 Heidelb.
668 4422 741 4470 rste.
756 4425 781 4472 4.
793 4420 920 4486 Rosshirt
933 4418 950 4471 1.
966 4418 984 4470 1.
999 4419 1020 4484 s.
1035 4423 1094 4470 aso.
1106 4435 1133 4484 p.
1146 4411 1292 4473 seo-ses.
1305 4417 1348 4470 De

93 4501 201 4566 origine
217 4501 343 4553 vocabuli
359 4500 497 4569 peculatus
513 4503 568 4556 vid.
588 4503 679 4556 Crusii
692 4504 789 4558 Oomm.
802 4507 832 4556 de
852 4501 995 4572 orr'piar'bur
1008 4505 1138 4569 pecuniae
1151 4524 1166 4556 a
1179 4506 1347 4573 pecore'aate

94 4603 204 4640 tremum
221 4587 350 4654 donantur
371 4586 496 4653 (Petrop.
516 4593 597 4644 174&
611 4591 652 4657 ⁸.)
673 4607 697 4640 o.
715 4593 740 4641 6.
758 4604 785 4656 p.
807 4590 950 4642 rste-res.
968 4583 1058 4641 Haud.
