3062 5156
529 359 584 430 Da
608 360 865 432 Cmnroarans.
1103 413 1107 420 -
1259 369 1329 436 199

70 535 178 600 11511
193 537 237 598 D.
250 536 292 598 da
317 535 426 615 Usipi.
446 557 488 602 eo
513 537 550 600 in
572 544 715 622 quatuor
740 546 867 602 aetates
890 536 1015 622 diviso,
1027 538 1198 624 juventuti
1218 539 1330 606 XXV

70 665 173 708 annos
189 643 358 728 putabant
374 643 607 728 adsignandos,
622 646 670 710 uti
690 653 785 708 acute
806 646 942 732 conjicit
960 642 1184 732 Gundlingius
1199 649 1238 711 id.
1254 649 1284 730 5.
1298 649 1329 710 4.

70 754 106 817 ld
125 753 223 837 quod
243 752 361 815 eadem
380 751 458 835 lege
479 753 639 818 Laetoria
660 753 782 816 tactum
805 775 891 836 esse,
911 775 978 818 non
998 756 1099 820 modo
1123 756 1202 818 inde
1224 765 1329 840 patet,

70 860 157 945 quod
189 861 480 936 Quinovt'cennaria
507 882 525 923 a
546 861 669 924 Plauto
695 857 831 941 dicitur,
851 882 964 927 verum
987 863 1087 926 etiam
1111 883 1154 925 ex
1178 863 1215 926 L.
1239 862 1269 925 2.
1297 863 1329 926 0.

73 969 183 1029 meod.
202 968 243 1028 de
262 969 379 1027 Donat.
396 967 603 1031 manifestum
624 976 682 1031 est.
710 968 965 1054 Nonnumquam
985 978 1095 1033 tamen
1107 971 1251 1056 juvenes
1268 971 1329 1032 im-

70 1075 250 1160 petrabant
272 1076 393 1135 verdum
415 1079 543 1156 ostatis,
568 1075 659 1160 quod
683 1073 882 1140 beneficium
903 1073 1075 1161 Principes
1098 1077 1222 1144 dabant
1248 1078 1329 1142 ado-

68 1182 273 1245 lescentibus
288 1181 376 1261 XX,
393 1181 513 1265 puellis
523 1182 651 1246 XVIII
662 1205 831 1267 annorum,
852 1185 879 1246 si
897 1184 985 1268 frugi
1003 1206 1075 1254 esse
1094 1187 1329 1280 probarentur:

70 1290 104 1351 1'1.
118 1290 149 1352 2.
174 1290 211 1352 0.
230 1289 271 1350 de
288 1287 359 1361 His,
378 1292 435 1372 qui
450 1310 518 1351 aen.
533 1298 595 1352 aet:

674 1476 681 1490 .
704 1430 754 1492 11.

526 1545 600 1604 Quid
615 1431 691 1598 actis·
707 1555 734 1598 et
751 1547 880 1617 acly’utcrl

150 1663 235 1746 Ipse
256 1667 357 1740 tutor,
374 1660 400 1722 si
416 1659 608 1724 valetudine
630 1662 808 1746 impeditus
829 1662 967 1746 negotia
982 1661 1120 1749 pupilli,
1137 1664 1279 1727 maxime
1295 1663 1329 1726 in

69 1769 209 1856 judicio,
229 1787 347 1852 gerere
360 1780 432 1830 'non
452 1775 581 1851 posset,
599 1791 661 1832 nec
681 1779 882 1853 curatorem,
903 1793 966 1835 nec
984 1781 1232 1857 procuratorem
1251 1793 1332 1834 con·

75 1880 211 1942 stituere
234 1882 375 1961 poterat.
397 1877 497 1938 Hunc
514 1877 602 1938 enim
622 1877 710 1940 solus
731 1879 955 1942 constituebat
978 1880 1145 1943 dominusr
1170 1880 1208 1944 L.
1228 1880 1256 1944 1.
1278 1899 1331 1964 pr.

75 1988 111 2049 1).
128 1989 169 2050 de
189 1987 327 2048 Procur.
352 1982 463 2060 Quare
485 2005 572 2048 nova
590 1985 793 2050 invenienda
812 1993 906 2050 erant
924 1989 1067 2051 nomina.
1093 1987 1228 2072 Rogatu
1248 2007 1330 2072 ergo

76 2095 191 2158 tutoris
217 2093 354 2177 ejusque
373 2092 522 2176 periculo
548 2092 689 2178 Praetor
707 2094 739 2156 ei
761 2095 982 2158 substituebat
1003 2093 1121 2176 aliurn,
1146 2095 1219 2181 qui,
1243 2098 1268 2159 si
1288 2095 1330 2160 ad

77 2203 243 2288 agendum
261 2205 347 2262 esset
366 2198 472 2281 datus,
486 2216 616 2277 norom
634 2201 684 2263 sin
704 2200 746 2264 ad
763 2199 830 2264 alia
845 2202 994 2286 negotia,
1012 2217 1170 2266 AnJUTOR
1188 2203 1332 2267 vocaba-

77 2319 139 2374 tur:
158 2311 201 2372 L.
219 2308 270 2372 al.
288 2308 330 2370 1).
347 2308 386 2368 de
406 2309 591 2372 Administr.
611 2318 669 2372 tut.
687 2317 721 2372 et
737 2309 776 2371 L.
794 2307 844 2371 13.
860 2310 889 2391 §.
904 2309 934 2371 1.
954 2311 995 2369 J).
1007 2310 1047 2370 dc
1066 2309 1162 2372 uarat.
1188 2309 1331 2372 Antores

78 2441 157 2500 uon,
175 2425 214 2482 ut
232 2413 440 2498 Theophilus
457 2417 638 2496 existimat,
658 2416 736 2480 ideo
754 2417 939 2499 dictinum,
959 2415 1051 2501 quod
1066 2416 1111 2482 ud
1124 2425 1196 2478 octa
1210 2417 1334 2480 consti-

79 2533 257 2605 tuerentur,
283 2523 344 2588 sed
366 2526 408 2588 ab
432 2527 571 2608 agendo,
587 2525 675 2594 unde
703 2534 737 2590 et
759 2532 989 2610 npoypnrsuwi
1008 2524 1162 2587 dicuntur
1184 2523 1332 2588 Graecis.

81 2633 287 2700 'translatum
307 2653 387 2698 vero
410 2631 615 2697 hocnomen
640 2644 690 2698 est
711 2633 752 2698 ad
774 2634 928 2698 vicariam
954 2631 1092 2696 tutelam
1111 2651 1154 2694 ex
1173 2631 1332 2696 institutis

83 2751 225 2808 veterum
239 2739 438 2806 domesticis.
459 2741 560 2806 Domi
573 2742 660 2805 enim
678 2764 697 2804 e
714 2741 815 2805 servis
832 2761 1029 2826 quemquam
1048 2741 1228 2823 praeficere
1243 2739 1334 2805 sole-

10 2929 11 2934 ,
81 2853 155 2916 bant
166 2852 220 2914 rei
236 2847 404 2930 familiari,
420 2847 478 2932 qui
494 2849 613 2932 etipse
629 2866 752 2933 Aaron,
770 2848 825 2912 vel
840 2847 1080 2932 npuypursvrq'c,
1098 2868 1161 2910 nec
1175 2869 1242 2911 non
1256 2847 1335 2913 daos·
1370 2895 1378 2903 -

80 2959 170 3044 κητὴς
188 2955 291 3041 πάσης
306 2955 414 3031 οὐσίας
428 2958 625 3020 vocabatur:
642 2959 679 3020 L.
694 2957 723 3020 8.
736 2978 788 3040 pr.
800 2958 842 3020 Β.
856 2958 945 3017 Fam.
958 2959 1065 3017 ercisc.
1081 2955 1120 3016 L.
1132 2955 1184 3018 40.
1199 2957 1229 3038 9.
1244 2956 1275 3018 7.
1290 2957 1333 3018 D.

81 3069 115 3130 de
125 3068 222 3130 Statu
236 3065 285 3126 ut.
299 3065 339 3126 L.
354 3064 404 3126 41.
418 3064 447 3145 §.
460 3065 490 3126 4.
502 3068 544 3126 D.
560 3066 597 3128 ds
609 3067 804 3130 Bidaeicomm.
822 3065 921 3126 libert.
933 3060 1084 3147 [Reines.
1098 3063 1257 3145 hncrtptt.
1272 3063 1333 3126 XI.

81 3175 124 3238 65.
134 3197 169 3258 p.
182 3172 257 3238 631.
276 3180 310 3238 et
330 3173 428 3254 Epist.
445 3173 490 3235 od
505 3172 637 3254 napa-t.
651 3193 685 3254 p.
699 3171 771 3236 235
789 3170 850 3257 sp]
873 3168 1039 3234 Et-talem
1055 3189 1091 3231 se
1109 3189 1180 3232 esse
1200 3169 1334 3233 simula*

82 3283 132 3350 bat
148 3279 321 3348 Leonidas
337 3279 426 3364 apud
439 3278 549 3344 Plaut.
566 3281 658 3344 Asin.
673 3280 716 3341 11.
729 3280 760 3342 4.
774 3301 803 3342 a.
815 3280 865 3344 52.
881 3301 925 3362 sq.
1427 3280 1431 3285 ’

202 3387 291 3450 Nam
306 3389 336 3449 si
347 3391 425 3448 sciat
442 3395 549 3450 noster
563 3407 676 3460 tenes,
684 3388 787 3469 fldem
802 3407 864 3451 noar
878 3409 947 3450 ease
959 3387 1030 3448 lsurb
1043 3386 1196 3458 habitam,

160 3498 370 3568 succenseat,
386 3497 585 3556 solemnium
600 3514 708 3555 rerum
723 3498 809 3576 maus
824 3515 978 3557 summum
992 3494 1124 3556 credidit
1138 3495 1182 3572 ¹1).

83 3605 171 3670 Talis
190 3623 326 3688 quoque
348 3609 411 3683 est,
430 3622 528 3686 quem
550 3601 708 3665 describit
724 3587 830 3665 Lucas
845 3625 871 3664 c.
888 3602 939 3664 12.
954 3623 981 3663 a.
997 3601 1048 3663 44.
1064 3599 1153 3663 Add.
1167 3597 1334 3664 Raevard.

89 3714 158 3776 Var.
172 3715 275 3776 Lecti.
289 3709 324 3772 V.
339 3706 390 3771 20.
407 3715 442 3772 et
456 3709 602 3774 Wower.
618 3711 662 3771 ud
681 3709 809 3771 Patron.
822 3730 855 3791 p.
871 3707 945 3772 149.
960 3707 1016 3792 qui
1034 3717 1155 3770 actores
1170 3716 1202 3768 et
1212 3710 1336 3789 drepana

85 3831 216 3898 satores,
234 3817 291 3883 vel
306 3819 447 3879 arcanus
469 3816 625 3881 adcurate
643 3817 825 3902 distinguit.
844 3812 964 3882 Sedet
983 3817 1017 3879 in
1036 3815 1156 3879 fundos
1177 3813 1264 3877 mitti
1282 3836 1336 3878 so-

85 3928 194 3992 lebant
217 3927 322 4007 servi,
347 3926 403 4009 qui
427 3925 546 3988 ceteris
564 3935 728 4010 tamquam
758 3924 871 3988 vicarii
895 3924 1101 3988 dominorum
1123 3923 1335 4005 imperarent,

86 4035 285 4119 fundumque
312 4035 446 4097 domino
470 4034 637 4117 colerent,
659 4032 748 4098 ethi
766 4033 828 4117 ipsi
852 4034 951 4096 etiam
972 4027 1337 4095 diocaesaream.

87 4145 122 4207 D.
136 4147 174 4207 de
189 4145 285 4225 Pign.
300 4141 387 4205 Ptin.
404 4145 504 4226 Epist.
518 4141 638 4205 [1119.
651 4143 744 4206 Paul.
765 4143 907 4223 Recepti.
925 4138 1149 4202 mutantem.
1163 4136 1214 4199 56.
1222 4136 1273 4197 47.
1284 4135 1337 4199 48.

88 4249 370 4328 Quemadmodum
390 4271 471 4334 ergo
496 4249 609 4334 quiin
638 4250 775 4313 aedibus
801 4250 874 4313 vice
902 4245 1028 4312 domini
1048 4264 1116 4306 rem
1140 4243 1335 4308 familiarem

152 4457 185 4525 q)
204 4455 320 4510 Reizius
337 4456 411 4508 huuc
427 4468 537 4510 versum
555 4451 594 4508 sio
612 4455 756 4520 legendum
773 4459 869 4521 putat:
889 4461 1054 4520 autemut,
1069 4452 1114 4506 cui
1123 4451 1237 4504 omnium
1249 4419 1340 4505 retum

89 4541 155 4608 urm
170 4557 278 4611 semper
295 4541 386 4597 credit.
408 4539 491 4594 Oeen.
730 4539 739 4549 “
