3030 5160
207 376 280 444 m
665 371 998 464 mmmn

207 549 266 611 dtb.
281 551 324 629 ⁸).
347 547 416 612 Sed
439 553 473 612 et
496 548 598 634 vulgo
614 547 774 632 quaesiti,
798 549 855 634 qui
878 548 987 614 nullos
1012 549 1175 634 adgnatos
1193 549 1373 632 habebant,
1394 571 1440 614 co

208 665 326 742 gnatos
350 665 461 720 tamen
477 676 552 720 snos
572 654 697 721 habere
718 664 889 740 poterantr
910 678 977 720 non
999 675 1080 722 vero
1093 658 1180 723 servi
1201 657 1315 725 saltem
1329 660 1439 724 ratione

116 816 139 839 .,
207 764 441 846 successionis,
469 765 548 849 quia
572 763 738 829 servilium
768 765 1002 849 cognationum
1028 766 1062 830 in
1084 766 1340 831 successionibus
1365 767 1440 830 nulla

204 872 389 936 habebatur
410 872 511 936 ratio:
529 873 567 934 J..
582 872 611 935 1.
626 872 655 954 ὃ.
670 873 699 935 2.
716 875 757 934 D.
780 873 870 936 Unde
889 878 1031 955 cognati,
1046 875 1138 939 adeo
1159 883 1195 940 ut
1209 897 1254 938 ne
1270 895 1329 958 per
1342 895 1437 938 menu-

204 979 393 1044 missionem
410 979 544 1066 quidem
560 980 792 1065 cognationem
809 981 1016 1065 reciperent:
1043 982 1081 1046 J..
1095 983 1126 1046 7.
1143 985 1184 1045 D.
1201 985 1268 1046 eod.

788 1160 907 1242 ss»

507 1279 546 1330 Iis
564 1278 642 1330 etiam
660 1277 768 1330 adsensi
784 1277 894 1344 adgnati
917 1280 1002 1347 capite
1020 1279 1154 1332 deminuti.

288 1379 513 1476 cognatorum
533 1378 609 1443 loco
633 1379 733 1442 etiam
756 1376 965 1442 habebantur
983 1379 1131 1463 adgnati,
1153 1380 1319 1444 minimam
1342 1337 1440 1466 capitii
1500 1463 1501 1484 Χ

205 1486 465 1550 deminutionem
479 1487 566 1572 passi
586 1488 679 1572 (Gaj.
690 1484 753 1550 ΙΙΙ.
764 1485 807 1548 27
816 1521 853 1536 —-
862 1485 930 1568 29.)
944 1534 953 1569 ,
977 1489 1126 1571 exceptis
1146 1487 1302 1552 fratribus
1317 1499 1350 1576 et
1363 1512 1436 1553 soro·
1500 1499 1501 1578 i

112 1601 118 1618 ⁸
162 1598 165 1606 ’
204 1594 295 1656 ribus
311 1593 536 1678 emancipatis,
552 1615 619 1658 non
636 1601 746 1659 tamen
763 1594 861 1657 etiarn
877 1594 991 1658 liberis
1004 1616 1132 1682 eorum,
1149 1596 1206 1680 qui
1221 1618 1287 1660 uua
1303 1619 1367 1660 cum
1385 1598 1434 1661 ira-
1500 1625 1501 1688 ἐ

205 1702 318 1783 tribus,
330 1701 363 1764 in
379 1709 545 1786 potestate
554 1703 704 1784 retentis,
716 1702 939 1767 succedebant
953 1724 1014 1788 pro
1029 1705 1237 1789 portionibus
1250 1704 1384 1768 dimidiis
1397 1707 1433 1786 a),

203 1810 233 1890 ἓ.
247 1809 277 1871 1.
299 1811 376 1872 lust.
391 1812 420 1872 Ιι.
432 1819 455 1874 t.
470 1811 585 1896 ibique
600 1810 819 1904 Tbeopbilns.

785 1993 813 2073 ς.
838 1994 868 2054 s.

516 2107 563 2160 Ad
579 2116 685 2177 qnotnm
701 2109 817 2177 pradum
834 2111 1007 2162 successerint
1024 2111 1148 2185 cognati?

286 2206 444 2285 Quamvis
460 2229 539 2272 vero
558 2209 656 2273 etiam
674 2209 807 2294 cognati
831 2210 936 2294 gradu
957 2219 1082 2275 tantum
1105 2210 1249 2294 proximi
1272 2208 1314 2274 ad
1329 2225 1433 2270 succes-

203 2315 328 2380 sionem
337 2319 558 2382 vocabantur:
573 2339 639 2380 non
656 2317 743 2381 ultra
757 2319 929 2400 septimum
947 2327 1054 2382 tamen
1065 2319 1202 2403 gradum
1214 2318 1279 2380 boc
1290 2313 1432 2378 Praetoris

203 2425 399 2489 beneficium
421 2447 492 2489 sese
515 2426 719 2510 porrigebat,
745 2425 905 2510 siquidem
929 2447 947 2488 e
969 2427 1109 2511 septimo
1126 2425 1231 2511 gradu
1255 2424 1433 2488 vocabantur

203 2532 338 2596 sobrino
357 2533 530 2596 sobrinave
546 2532 616 2595 nati
638 2540 793 2597 nataeve:
815 2543 842 2609 §.
858 2536 914 2594 ult.
929 2535 1006 2596 Inst.
1025 2537 1054 2596 b.
1073 2543 1093 2596 t.
1114 2556 1213 2620 quum
1237 2531 1368 2617 adgnati
1381 2547 1431 2592 non

203 2639 307 2702 solum
320 2638 361 2702 ad
371 2639 531 2702 decimum
543 2661 645 2724 usque
654 2640 801 2725 gradum,
815 2639 915 2703 sedin
928 2641 1103 2724 infinitum,
1113 2650 1327 2722 vocarentur:
1337 2641 1431 2704 Fraus.

201 2747 348 2813 Duaren.
367 2747 531 2808 comment.
548 2749 592 2809 art
605 2752 650 2810 tit.
672 2748 760 2812 Unde
776 2755 903 2830 cognati
910 2770 943 2831 p.
958 2749 1030 2812 580.

789 2930 867 3013 μ

742 3038 794 3092 Jns
810 3056 925 3093 nonum.=

170 3185 174 3192 .
285 3136 353 3202 Sed
369 3145 403 3201 et
415 3138 497 3202 baec
518 3141 629 3204 omnia
652 3141 789 3204 mutavit
805 3139 1067 3225 jurisprudentia
1080 3146 1299 3212 Justiniauea.
1319 3147 1366 3208 Ex
1378 3163 1427 3227 quo

202 3245 289 3308 enirn
312 3267 373 3331 per
386 3247 467 3326 Non.
485 3248 633 3309 cXVJH.
644 3248 674 3309 4.
695 3249 829 3333 cognati
853 3248 1005 3332 adgnatis
1028 3275 1089 3336 per
1111 3255 1223 3318 omnia
1245 3263 1321 3319 sunt
1338 3249 1426 3335 aequi·

200 3355 325 3438 parati:
347 3355 410 3417 isto
426 3355 596 3418 Praetoris
613 3355 775 3419 beneficio
793 3357 1011 3441 non‘amplins
1026 3381 1107 3446 opus
1123 3361 1204 3425 fuit:
1220 3383 1283 3427 nec
1294 3361 1336 3427 ad
1349 3356 1427 3442 septi-

201 3481 286 3523 mum
299 3469 426 3524 tantum
441 3462 589 3547 gradum,
606 3463 664 3527 sed
683 3464 717 3527 in
733 3463 905 3547 infinitum,
928 3469 1062 3551 cognati
1076 3491 1183 3555 aeque
1200 3480 1301 3555 atque
1318 3463 1430 3554 adgnati

195 3565 329 3644 admitti
349 3579 540 3656 coeperunt.
1500 3521 1501 3608 i

268 3807 299 3874 a)
317 3809 463 3874 imovero,
483 3807 531 3878 qui
549 3777 702 3876 adopistur,
727 3811 770 3864 his
794 3829 905 3882 quoque
928 3819 1060 3882 cognatus
1078 3819 1116 3883 fit,
1143 3817 1243 3885 quibus
1269 3815 1433 3884 adgnasoitnr.

199 3891 231 3944 L.
243 3895 285 3945 23.
301 3910 345 3961 pr.
366 3895 450 3967 ἂψ
467 3895 555 3963 adopt.
573 3894 660 3947 Miild.

268 3978 300 4044 b)
322 3979 384 4030 Hoc
400 3983 490 4032 tamen
507 3996 561 4032 non
579 3997 615 4032 ex
632 3980 771 4034 Praetoris
789 3981 877 4036 edicto
893 3990 942 4048 est,
966 3987 1015 4038 sed
1033 3989 1141 4054 exlege
1157 3987 1347 4052 Anastasiana,
1368 3986 1433 4052 eujus

197 4061 301 4114 mentio
319 4061 353 4115 fit·
366 4065 398 4116 L.
412 4071 438 4118 4.
459 4065 487 4116 0.
503 4065 534 4116 de
552 4067 635 4133 Lepit.
649 4075 727 4119 tuto-r.
745 4069 776 4120 L.
794 4069 842 4121 nit.
856 4069 877 4135 ξ.
894 4073 916 4122 1.
937 4069 965 4123 0.
984 4072 1015 4122 de
1033 4073 1118 4139 Lepit.
1137 4071 1227 4124 iered.
1245 4074 1325 4127 Heia.
1346 4071 1433 4124 Videt

198 4162 252 4199 von
265 4147 339 4200 Liibr
357 4147 411 4202 Von
430 4151 488 4202 dem
500 4151 755 4204 Successionsrecite
773 4154 822 4204 der
835 4154 1009 4208 Gescbsor'ster
1026 4173 1074 4207 nor
1088 4157 1137 4207 der
1147 4157 1212 4210 Non.
1230 4161 1287 4210 118.
1302 4157 1331 4210 in
1341 4157 1432 4210 Item!

198 4232 308 4300 Magoa.
316 4233 373 4301 fiir
391 4235 428 4290 R.
448 4235 487 4288 W.
505 4243 533 4288 tt.
545 4251 567 4289 s.
580 4253 611 4291 w.
631 4239 661 4291 Τ.
677 4239 725 4292 IV.
743 4253 818 4292 num.
829 4241 854 4291 9.
872 4253 898 4305 p.
915 4243 1070 4296 ras-434.
1087 4239 1177 4293 Hand.

709 4505 938 4523 m
