3080 5154
233 389 303 456 122
360 423 366 430 -
401 328 408 340 ‘
700 383 776 450 lan.
801 383 828 450 l.
852 382 933 450 Trr.
959 384 1018 450 lX.

231 579 371 622 monum.
385 563 435 622 sit.
457 558 538 643 Ejus
553 557 741 642 exemplum
757 559 880 622 deinde
899 566 1056 643 sequutus
1070 559 1268 624 Hadrianus
1280 567 1417 642 patrem,
1431 561 1479 642 qui

230 667 333 730 tilium
350 667 394 730 ob
414 665 571 730 adulterii
588 665 807 749 suspicionem
825 667 860 730 in
880 667 1059 730 venatione
1077 667 1269 748 occiderat,
1295 666 1330 729 in
1352 666 1478 730 insulan

106 767 111 784 ¹
231 771 400 857 deportari
419 773 537 858 jussit,
567 773 658 858 qnod
687 773 826 836 latronis
856 776 977 860 magis,
1002 797 1098 859 qnam
1115 775 1224 859 patris
1236 774 1318 858 jure
1341 794 1413 836 eum
1436 774 1479 836 in-

230 881 419 961 terfecerit,
442 901 556 964 pamm
580 901 715 957 memor,
737 884 878 964 patriam
902 891 1105 967 potestatem
1129 884 1164 945 in
1188 882 1337 966 pietate,
1362 903 1426 944 non
1450 883 1478 943 in

231 989 408 1053 atrocitate
425 989 606 1052 consistere
623 987 765 1054 debere:
778 991 816 1052 L.
824 991 854 1052 5.
870 993 916 1052 od
923 991 962 1053 L.
973 992 1113 1071 Pompej.
1125 991 1165 1051 dc
1174 991 1335 1072 parrana
1348 989 1433 1052 Hinc
1443 990 1478 1052 ab

230 1097 417 1160 Alexandri
439 1095 558 1161 Severi
581 1089 784 1180 temporibus
813 1097 954 1161 invaluit
977 1099 1097 1160 sensim
1120 1118 1212 1179 mos,
1243 1096 1335 1159 filios
1361 1097 1478 1180 gravius

231 1204 466 1289 delinquentes
487 1203 650 1268 offerendi
676 1205 936 1288 magistratibus,
964 1207 1082 1290 quibus
1105 1212 1222 1267 tamen
1246 1205 1314 1288 ipsi
1337 1212 1478 1288 parentes

232 1311 502 1398 praescribebant
515 1316 548 1393 ὅ)
573 1312 786 1393 sententiam,
805 1313 841 1375 in
866 1313 943 1376 filiis
967 1312 1236 1398 exsequendam
1258 1313 1298 1374 I..
1318 1311 1369 1374 13.
1388 1313 1415 1394 §.
1431 1314 1478 1373 ult.

232 1421 273 1481 Ι).
287 1421 327 1482 de
342 1419 393 1480 ne
406 1421 493 1482 nulii.
508 1420 547 1494 L,
561 1419 592 1484 3.
612 1423 646 1481 0.
661 1421 701 1482 dc
713 1422 830 1482 Patria
844 1432 911 1502 pot.
928 1422 967 1484 L.
982 1423 1013 1484 2.
1027 1421 1222 1503 1).ad1,eg.
1240 1421 1335 1482 Gom.
1348 1421 1388 1482 de
1398 1423 1477 1483 sebar.
1519 1487 1520 1490 Ἴ

151 1608 154 1614 .
232 1535 267 1591 et
281 1528 321 1589 L.
335 1526 386 1588 11.
405 1530 439 1588 in
449 1532 522 1609 fine
537 1528 579 1586 1).
603 1528 643 1589 de
660 1527 728 1588 ns.
749 1535 878 1609 etpost.
899 1530 1005 1590 iered.
1024 1535 1098 1591 inst.
1120 1528 1178 1591 nbi
1198 1527 1359 1609 Paullus,
1378 1547 1476 1590 eorum

232 1644 417 1722 temporum
441 1634 699 1698 Iurisconsultus
706 1682 717 1717 ,
738 1656 807 1698 non
828 1638 916 1708 libet,
937 1637 1064 1720 inquit,
1088 1635 1248 1699 occidere
1273 1635 1412 1715 liberos,
1427 1633 1475 1696 sed

233 1745 354 1805 licebat.
375 1741 532 1824 Denique
549 1761 592 1802 ne
610 1742 644 1805 id
663 1743 797 1826 quidem
816 1742 966 1805 relictum
987 1745 1179 1828 parentibus
1188 1792 1199 1828 ,
1220 1754 1259 1808 ut
1273 1743 1360 1807 lilios
1374 1744 1476 1804 immo-

232 1852 360 1934 rigeros
381 1848 587 1912 abdicarent:
608 1850 646 1911 L.
664 1849 695 1911 6.
721 1851 753 1911 0.
776 1851 816 1912 de
837 1851 929 1912 Patr.
942 1859 1008 1933 pot.
1023 1852 1069 1934 ¹¹).
1091 1854 1184 1938 Ergo
1208 1860 1319 1916 totum
1337 1850 1417 1913 illud
1431 1850 1475 1932 jus

234 1959 324 2022 vitae
344 1965 378 2019 et
393 1955 495 2038 necis,
507 1956 598 2042 quod
608 1957 757 2040 patribus
772 1956 852 2021 olim
866 1960 1095 2043 competierat,
1107 1960 1284 2044 paullatim
1298 1958 1474 2034 restrictum,

236 2066 366 2129 demum
381 2087 400 2127 a
418 2063 638 2127 Constantino
657 2065 704 2126 M.
723 2066 893 2130 sanctione
911 2066 1048 2150 poenali
1065 2066 1250 2132 sublatum:
1276 2067 1316 2128 L.
1333 2088 1386 2128 un.
1402 2065 1430 2125 C.
1445 2064 1475 2122 de

234 2175 307 2256 His,
320 2178 451 2255 quipar.
463 2175 520 2233 vel.
533 2173 583 2233 lii.
602 2178 774 2257 totumque
792 2174 826 2236 in
842 2173 1050 2258 magistratus
1065 2175 1261 2238 translatum
1274 2184 1325 2237 est
1337 2194 1395 2258 per
1409 2191 1474 2233 con-

235 2281 439 2345 stitutionem
463 2279 708 2344 Valentiniani:
730 2281 767 2344 J..
790 2303 843 2343 un.
865 2283 897 2342 0.
918 2283 957 2343 dc
976 2283 1109 2344 mend.
1126 2289 1299 2365 propinqo.
1323 2275 1475 2344 Thomasii

190 2435 193 2440 .
235 2390 320 2452 Dias.
335 2389 375 2450 de
389 2409 450 2450 usu
459 2398 565 2469 proci.
581 2392 626 2452 tit.
645 2389 723 2450 Inst.
744 2389 783 2450 de
798 2389 888 2450 Patr.
900 2400 963 2471 pot.
979 2389 1070 2452 122.
1088 2413 1132 2472 sp.
1143 2412 1178 2472 p.
1192 2391 1226 2454 9.
1237 2413 1284 2474 sq.

823 2557 853 2637 §-
870 2555 902 2618 9.

635 2671 671 2723 Ut
684 2678 711 2722 st
727 2673 798 2723 trina
816 2669 959 2724 liberorum
976 2674 1097 2727 vcnffltio.

319 2770 431 2834 Multo
449 2771 554 2834 minus
576 2773 695 2836 trinam
716 2772 896 2837 liberorum
916 2775 1144 2839 venditionem
1167 2776 1293 2841 salvam
1316 2793 1384 2840 esse
1404 2765 1474 2854 passi

237 2888 312 2944 sunt
326 2880 557 2964 Imperatores
579 2880 627 2942 Hi
645 2879 749 2962 enim,
769 2881 853 2961 (nbn
874 2891 912 2946 ut
927 2883 1109 2947 Balduinus
1127 2891 1241 2969 putat,
1255 2884 1362 2947 libera
1383 2875 1471 2960 resp.)

236 2988 272 3050 id
284 2988 338 3071 jus
356 2988 549 3070 parentibus
564 2987 766 3051 ademerunt.
788 2988 936 3071 Primus,
953 3011 1021 3052 non
1038 2991 1240 3075 Hadrianus,
1258 2993 1328 3072 sed,
1347 2996 1381 3052 ut
1394 2984 1474 3048 vide·
1519 2997 1520 3004 ’

237 3105 301 3177 tur,
319 3095 550 3160 Diocletianus
568 3096 693 3159 liberos
709 3096 779 3160 ullo
800 3096 900 3160 titulo
923 3097 1062 3161 alienari
1081 3100 1201 3162 vetuit:
1226 3101 1265 3161 L.
1282 3099 1312 3161 1.
1331 3098 1363 3158 0.
1377 3093 1474 3156 dePa-

237 3205 308 3267 trib.
336 3207 554 3288 plisticam
580 3205 712 3266 destrae.
742 3202 877 3266 Deinde
909 3203 1142 3270 Constantinus
1173 3205 1383 3291 parentibus,
1415 3215 1473 3260 cum

239 3319 387 3375 extrema
411 3310 526 3395 inopia
556 3310 838 3394 conflictantibus,
862 3312 988 3376 liberos
1016 3315 1289 3399 sanguinolentos
1306 3314 1335 3393 ¹)
1365 3313 1473 3371 tantun

238 3419 384 3482 vendere
402 3419 566 3503 permisit,
591 3439 632 3480 ea
655 3426 765 3482 tamen
783 3419 879 3506 lege,
899 3429 935 3486 ut
954 3421 1073 3486 liceret
1098 3431 1132 3486 et
1153 3414 1428 3506 patrihvendentb
1447 3412 1473 3468 et

307 3625 341 3692 g)
362 3623 506 3675 Caeterum
523 3637 580 3676 non
603 3639 639 3674 ex
656 3621 741 3688 patris
766 3624 947 3692 praescripto,
965 3642 1060 3678 verum
1083 3643 1118 3677 ex
1142 3626 1302 3695 utriusque,
1320 3631 1346 3678 et
1363 3615 1439 3688 patris
1453 3615 1473 3662 el

238 3709 327 3777 ipsius
344 3709 528 3776 magistratus,
546 3703 653 3759 consilii
671 3709 813 3775 sententia,
826 3701 915 3777 poeria
933 3709 1176 3774 pronuntiabatnr3
1194 3711 1321 3764 Gebaner
1339 3707 1401 3762 diss·
1412 3701 1443 3754 11·
1453 3711 1471 3744 θ·

237 3798 265 3850 2.
281 3796 304 3862 ἱ.
321 3799 346 3848 3.
365 3791 453 3846 Mill.
1013 3811 1017 3823 ⁴

306 3879 340 3945 b)
363 3876 424 3930 Vid.
442 3873 566 3942 inprimis
583 3877 704 3933 Dirksen
730 3877 860 3932 Verrucio
873 3878 922 3930 Nr.
940 3878 976 3930 II.
993 3882 1018 3930 2.
1036 3895 1064 3946 p.
1086 3886 1122 3934 62
1134 3887 1219 3936 -73,
1238 3878 1327 3934 Miilsl.

311 3961 336 4030 i)
356 3961 419 4015 Filii
437 3959 639 4026 sanguinolenti
650 3967 714 4016 sunt
728 3977 821 4014 recens
835 3960 901 4024 nati,
919 3967 947 4013 et
957 3963 1046 4015 adbuc
1057 3967 1092 4017 ab
1108 3971 1186 4020 utero
1198 3967 1334 4020 rubentes.
1349 3961 1405 4013 Eos
1415 3948 1474 4004 enlm

239 4046 321 4100 vendi
335 4046 496 4113 permiserat
510 4047 705 4100 Constantinus
717 4047 753 4098 ob
771 4045 922 4112 periculum
934 4049 1124 4114 expositionis.
1136 4051 1237 4103 Fusius
1255 4051 1308 4102 hoe
1325 4034 1474 4098 demonstrat

241 4131 337 4183 Huber
356 4131 475 4198 Dr'yresr.
493 4130 536 4183 II.
554 4137 579 4185 ὁ.
598 4133 729 4186 solebant
745 4131 817 4182 enim
834 4138 929 4198 partus
947 4135 1147 4201 sanguinolenti
1164 4139 1208 4188 vel
1219 4135 1256 4188 ad
1272 4145 1363 4186 necem
1379 4127 1406 4179 in
1421 4115 1474 4173 ³⁰¹5·

137 4237 140 4243 ·
241 4214 341 4270 terium
365 4217 456 4268 locum
482 4216 580 4284 abjici,
602 4219 646 4270 vel
669 4217 704 4268 ad
728 4218 789 4269 locs
807 4219 940 4284 quaedam
964 4220 1060 4284 populi
1076 4222 1196 4275 Romani
1213 4218 1321 4287 publiea
1337 4205 1439 4267 deterri,
1454 4201 1475 4250 ²⁸

242 4298 304 4352 talis
321 4299 374 4353 ruit
391 4299 502 4354 laetaris
519 4304 659 4365 columna,
678 4302 712 4353 de
730 4297 785 4368 qno
802 4303 899 4356 Festus
913 4322 944 4372 p.
961 4309 1020 4360 affl.
1042 4305 1170 4359 Melana
1188 4304 1309 4357 columna
1322 4302 1348 4354 in
1356 4296 1422 4365 soro
1436 4283 1474 4336 0¹¹²

243 4385 307 4435 ton's
325 4385 409 4449 dicia,
427 4387 497 4454 quod
513 4384 550 4438 ibi
565 4385 683 4452 insontes
701 4384 767 4437 lacte
786 4387 893 4453 alendos
910 4387 1073 4455 deferebant.
1092 4390 1172 4441 Heia.
1197 4389 1260 4441 Non
1278 4385 1361 4452 liquet
1377 4373 1473 4428 ex10⁰⁰

243 4468 334 4532 Festi,
352 4467 469 4522 infantes
485 4471 521 4522 ad
540 4469 679 4522 lactariam
697 4472 852 4524 columnam
878 4474 1020 4540 expositos
1037 4473 1137 4539 inisse,
1154 4473 1218 4527 licet
1239 4480 1332 4524 omnes
1348 4447 1474 4516 eruditiid

122 4617 129 4624 ,
231 4552 368 4614 ,tendent
387 4555 472 4609 Cam.
489 4555 530 4608 Cf.
548 4555 681 4610 Raeverd.
703 4553 818 4626 &sycen
837 4557 863 4610 1.
883 4563 967 4627 inp.
985 4563 1028 4614 33.
1045 4560 1126 4612 Heia
