3056 5154
329 387 613 463 bunuarium.
639 387 806 458 causans.
831 389 926 460 Esar.
953 399 1021 461 etc.
1150 404 1155 417 '
1232 400 1306 466 itt.

24 564 128 624 verb.
148 565 319 644 rigmiieat.
344 563 404 626 sub
430 581 512 628 voce
535 565 717 628 Auctoritas
731 581 764 647 p.
785 564 837 628 nt.
859 564 1036 630 Salmasius
1055 566 1096 628 de
1114 582 1203 630 arar.
1224 587 1251 628 a.
1273 565 1305 630 8.

26 669 114 732 Sed
133 687 175 734 ea
190 668 311 732 evictio
333 691 401 736 non
417 693 548 755 semper
562 673 826 755 promittebatur.
848 671 1043 757 Aliquando
1059 673 1146 736 enim
1167 695 1229 756 pro
1244 693 1306 737 vo·-

27 777 179 842 luntate
203 777 465 842 contrahentium
483 779 715 862 stipulationes
737 780 771 842 in
795 779 965 863 simplum,
983 780 1136 864 duplum,
1159 779 1307 864 triplum,

28 883 271 970 quadruplum⁴
285 886 573 970 corripiebantur:
588 886 626 948 L.
643 885 694 950 56.
704 907 757 968 pr.
773 888 814 949 Ι).
830 889 869 950 da
883 889 983 950 Enati.
1001 885 1194 971 aliquando,
1210 887 1238 950 si
1253 908 1306 952 res

27 991 264 1075 pretiosiores
278 993 470 1074 venierant,
486 1013 530 1057 ex
539 994 624 1077 juris
645 994 842 1058 necessitate
865 993 1124 1078 promittendum
1147 1002 1219 1058 erat
1244 993 1307 1056 du·-

28 1099 156 1184 plum:
174 1099 213 1162 h.
231 1097 282 1162 37.
298 1101 327 1180 S.
344 1098 373 1162 1.
389 1103 431 1163 Ι).
449 1102 515 1164 eod.
533 1102 570 1164 Ι..
587 1101 638 1163 31.
656 1102 685 1184 §.
701 1101 754 1164 20.
769 1103 811 1163 D.
826 1103 865 1164 de
883 1103 984 1164 Anat.
1001 1102 1089 1164 edint.
1110 1100 1158 1164 At
1174 1101 1307 1185 quoties

32 1206 238 1272 adcedebat
257 1207 468 1290 mancipatio,
484 1207 544 1272 illa
564 1217 637 1272 erat
659 1208 843 1290 ordinarie,
859 1218 894 1273 et
911 1229 952 1272 ex
969 1208 1040 1292 ipsa
1056 1208 1142 1292 Jnris
1164 1207 1306 1291 disposi-

31 1316 141 1378 tione
166 1315 373 1398 praestanda.
409 1314 511 1393 Quod
529 1313 685 1380 discimus
713 1337 757 1380 ex
780 1316 893 1380 Plauti
919 1319 1024 1380 Parsa
1041 1318 1113 1378 Act.
1130 1316 1187 1378 IV.
1212 1337 1254 1378 sa.
1273 1315 1306 1383 3.

31 1446 66 1487 a.
93 1425 150 1486 55.
166 1442 211 1502 sq.

176 1532 225 1592 Ac
245 1550 302 1592 ano
318 1533 459 1610 periente
480 1536 508 1592 ia
528 1539 621 1602 nnat,
643 1535 700 1612 qni
716 1552 786 1593 eam
806 1531 1013 1593 mentiar.-
1069 1579 1071 1583 ,

156 1637 333 1718 ‘Manapin
353 1659 454 1718 nepae
470 1642 642 1719 promittet,
661 1659 763 1719 neque
784 1642 949 1720 precipuum
969 1638 1064 1700 dabit.

38 1753 100 1816 Ac
115 1758 237 1852 postea
248 1773 277 1813 n.
291 1751 343 1814 61.
360 1773 422 1832 sqq.

174 1903 218 1916 -
258 1902 302 1914 --
341 1903 386 1946 ε-
427 1868 532 1930 Dona.
554 1869 644 1930 Nihil
663 1870 740 1929 mitri
756 1887 835 1950 opas
855 1888 891 1929 ea

176 1975 304 2042 litibus,
317 1993 417 2054 nepae
427 1979 524 2036 trieia.
537 1975 640 2050 Quam
651 1977 686 2037 oi
696 1997 763 2038 rem
777 1983 1012 2060 egoargentam
1023 1975 1308 2052 numeremforaai

176 2082 253 2142 Nisi
270 2085 423 2163 maaopn
443 2085 567 2162 aampt'o,
590 2083 666 2162 qaid
685 2103 722 2144 eo
742 2085 818 2144 nribi
835 2101 913 2164 opas
934 2085 1151 2146 mercimonio?

42 2197 190 2261 Plautus
212 2197 338 2258 Carent.
354 2196 637 2259 Aet.1V.ao.2.o.
654 2196 684 2259 8.
699 2217 745 2277 aq.
763 2195 863 2260 Unde
880 2204 914 2259 et
928 2195 1052 2260 Paulus
1069 2198 1223 2259 Smtentt.
1243 2196 1307 2258 ne-

44 2313 143 2388 ceptt.
160 2306 203 2366 II.
220 2303 271 2366 17.
284 2302 315 2366 3.
335 2303 399 2366 lies
420 2312 517 2377 emta,
534 2307 761 2384 mancipatione
776 2313 807 2364 et
826 2305 993 2365 traditione
1005 2304 1165 2386 perfecta,
1180 2305 1211 2363 ai
1224 2306 1308 2363 eoin-

45 2423 163 2476 eatar:
182 2415 378 2474 auctoritatis
396 2412 536 2472 venditor
553 2411 648 2494 duplo
661 2416 753 2472 teano
773 2411 936 2491 obtr'gatur.
953 2408 1029 2486 Quo
1045 2419 1155 2472 tamen
1172 2407 1307 2470 deloco

47 2541 152 2606 quum
178 2520 279 2581 mirae
305 2518 370 2580 sint
392 2517 538 2602 cujacii,
562 2517 712 2580 Salmasii
740 2517 946 2601 aliorumque
966 2517 1109 2580 virorum
1134 2515 1307 2578 doctorum

48 2627 300 2706 altereationes,
316 2625 478 2688 videndus
494 2625 629 2688 omnino
645 2623 869 2709 Schultingius
884 2625 955 2686 ibid
965 2644 999 2705 p.
1014 2622 1086 2686 291.
1097 2645 1142 2706 aq.
1157 2629 1198 2704 ²).
1213 2619 1309 2686 Nihil

45 2738 117 2821 jam
144 2733 232 2798 addo
251 2731 413 2816 depactis
430 2733 568 2796 emtioni
590 2733 776 2797 venditioni
793 2733 891 2818 adjici
914 2731 1035 2808 solitis,
1052 2732 1114 2794 nisi
1136 2730 1226 2814 quod
1246 2730 1309 2792 ali·-

76 2843 201 2923 uando,
211 2841 324 2904 addita
337 2861 458 2924 poena,
467 2841 699 2922 prohiberetur
709 2842 763 2924 jus
774 2840 965 2904 retrahendi
976 2859 1045 2902 rem
1059 2839 1236 2902 venditam.
1253 2837 1308 2900 Sic

9 2867 145 3035 ‘pud
155 2939 347 3014 Reinesirim
365 2951 520 3029 Imerrpn.
541 2951 641 3010 Closs.
658 2949 732 3008 XII.
744 2969 777 3028 p.
791 2947 862 3010 672.
875 2969 906 3008 n.
921 2947 1077 3009 LXVIII.

451 3087 575 3135 noenu.
598 3053 749 3134 unsrun.
771 3085 918 3145 cursous

316 3195 501 3242 nnvocanu.
524 3195 643 3241 vonnr.
666 3195 753 3242 unm.
776 3193 878 3240 msco.
900 3191 1045 3239 insanum

546 3300 665 3348 nunnr.
688 3301 742 3349 ns.
763 3301 822 3348 xx.

56 3413 163 3498 [Ἔχ
180 3407 414 3476 emendatione
430 3408 519 3472 Frid.
536 3407 778 3494 Lindenbrogii
791 3406 872 3494 JC.]

644 3563 674 3644 §.
695 3561 724 3624 8.

386 3677 541 3730 Locutiones
557 3675 685 3748 publicae.
709 3677 822 3736 Quinam
838 3675 989 3748 publicani?

141 3781 362 3844 Locnrronms
381 3794 639 3844 cnunncrrorms
655 3778 839 3863 quidaint,
854 3779 931 3844 satis
954 3802 973 3842 a
989 3774 1179 3841 doctoribus
1203 3770 1312 3854 expli-

58 3898 163 3952 catur.
184 3885 422 3968 intercedebat
436 3887 471 3949 in
486 3887 551 3948 boc
566 3875 737 3950 contractu
757 3905 881 3948 merces
896 3907 956 3970 pro
971 3905 1031 3948 usu
1048 3884 1109 3963 rei,
1126 3880 1181 3973 vel
1198 3897 1311 3962 opera,

58 4017 169 4080 eaque
186 3994 220 4056 in
242 3993 410 4057 locatione
432 3993 641 4078 praediorum
661 3995 854 4059 rusticorum
873 3997 1001 4076 pensio,-
1022 3992 1055 4054 in
1071 3989 1239 4054 locatione
1255 3985 1312 4046 ha-

57 4102 233 4169 bitationis
250 4105 378 4166 troianos·
394 4102 447 4168 vel
467 4103 670 4188 στεγανόμιον,
688 4103 721 4166 in
737 4102 872 4188 reliquis
888 4100 1109 4165 locationibus
1123 4098 1243 4162 reditas
1259 4089 1312 4156 vel

129 4313 160 4379 a)
180 4313 224 4364 Dc
247 4310 347 4374 duplae
373 4309 562 4376 stipulatione:
587 4309 727 4362 d'Amaad
765 4309 869 4360 Variar.
895 4307 1002 4374 eory'ect.
1020 4304 1056 4356 IL
1073 4305 1113 4354 16.
1145 4299 1216 4352 Lud.
1233 4298 1314 4350 Conr.

57 4397 214 4454 Schroeder
241 4396 292 4446 Pr.
316 4395 347 4446 de
372 4393 587 4462 stipulationibus.
603 4392 757 4464 quibasdam
785 4393 891 4444 amboni
916 4387 1057 4450 venditioni
1081 4386 1153 4454 apud
1179 4383 1315 4436 Romanor

57 4484 143 4553 adjici
153 4481 244 4534 solitis.
262 4479 354 4534 Marb.
369 4484 443 4534 1761.
456 4484 481 4532 4.
499 4480 600 4533 Christ.
614 4479 687 4532 Guil.
702 4481 822 4530 Kasmer
838 4478 889 4528 Pr.
903 4473 1045 4528 iunctione
1063 4490 1096 4524 ea
1109 4467 1200 4536 dupla,
1213 4467 1314 4525 emtori,

58 4571 104 4623 eui
120 4587 166 4620 rer
184 4568 330 4626 evictaest,
347 4573 515 4633 competente.
533 4564 609 4632 Ilipa.
623 4567 691 4620 1762
710 4569 736 4616 4.
754 4560 843 4616 Harii.
