3030 5160
303 757 413 834 Quum
442 777 523 820 vero
546 756 659 839 plures
679 754 800 837 gradus
824 756 1039 818 successionis
1061 755 1300 820 introduxisset
1319 758 1453 833 Praetor,

178 904 182 908 ·
219 885 344 948 eosque
360 883 421 947 per
436 863 586 926 ordinem
610 861 837 944 disposuisset:
852 861 887 924 in
902 883 1101 946 unaquaque
1116 885 1199 927 vero
1216 864 1329 948 speeie
1343 887 1454 928 succes·

218 973 319 1035 sionis
339 970 450 1054 plures
465 993 566 1054 saepe
581 977 751 1032 exstarent
769 967 908 1052 disparis
922 971 1043 1054 gradus
1056 993 1238 1054 personae:
1259 993 1303 1034 ne
1324 973 1453 1036 actiones
1499 1043 1500 1060 χ

218 1079 417 1143 creditorum
433 1078 655 1156 differrentur,
670 1076 729 1140 sed
744 1075 917 1158 haberent,
933 1100 1017 1161 quos
1028 1078 1258 1159 convenirent,
1268 1087 1304 1140 et
1315 1099 1357 1140 ne
1371 1079 1454 1142 lacile

218 1188 253 1250 in
271 1185 510 1270 possessionem
534 1187 696 1248 bonorum
712 1182 860 1246 defuncti
883 1187 1103 1265 mitterentur,
1126 1187 1294 1269 petendae
1310 1188 1454 1250 bonorum

217 1292 417 1378 possessioni
434 1301 559 1356 certum
576 1300 705 1376 tempus
720 1294 965 1376 praefiniverat,
979 1302 1016 1356 et
1030 1294 1222 1376 parentibus
1236 1293 1372 1378 quidem
1382 1293 1456 1356 libe-

217 1403 329 1485 risque
350 1420 468 1464 annum
477 1449 488 1483 ,
504 1400 623 1464 ceteris
644 1409 776 1464 eentum
795 1401 867 1464 dies
882 1400 996 1464 utiles:
1013 1399 1152 1483 Ulpiani
1165 1402 1300 1482 Fragor.
1315 1403 1455 1465 XXVlll

217 1510 269 1572 10.
283 1510 312 1591 ς
326 1509 357 1570 4.
372 1508 402 1570 6.
418 1509 495 1568 lost.
510 1509 540 1570 ls.
556 1518 577 1570 t.
599 1507 654 1570 An
677 1509 767 1589 dies,
789 1507 907 1592 quibus
923 1517 1021 1590 pater
1035 1509 1195 1585 sciverat,
1209 1509 1371 1572 bonorum
1392 1531 1455 1592 pos-

198 1665 201 1668 -
218 1617 395 1680 sessionem
419 1625 625 1698 competere,
641 1616 743 1678 etiam
758 1615 829 1678 filio
846 1615 982 1696 cedant,
997 1616 1166 1700 disputant
1183 1615 1339 1699 Cujacius
1357 1618 1455 1678 Olear-

217 1733 295 1788 outt.
308 1725 398 1787 XIV.
410 1722 442 1786 8.
460 1732 495 1786 et
512 1723 678 1786 Merillius
696 1725 871 1786 Obseroott.
888 1723 924 1786 V.
938 1723 969 1786 2.
991 1724 1084 1786 Intra
1098 1722 1158 1786 lios
1174 1723 1246 1786 dies
1268 1725 1297 1786 si
1313 1725 1383 1807 quis
1400 1743 1453 1786 nou

217 1832 382 1915 petierat,
403 1830 446 1894 ad
468 1834 630 1895 bonorum
651 1831 890 1914 possessiouem
915 1851 1057 1914 sequeus
1082 1831 1203 1916 gradus
1225 1832 1453 1910 admittebatur,

219 1938 358 2022 perinde
382 1958 420 1998 ac
444 1938 470 2000 si
491 1939 677 2022 superiores
700 1959 766 1999 non
790 1946 916 2001 essent:
939 1940 968 2020 §.
986 1939 1017 1998 5.
1031 1940 1111 2000 Inst.
1126 1941 1156 2000 s.
1171 1949 1194 2000 1.
1217 1939 1380 2022 Ulpianus
1396 1939 1451 1998 tlid.

218 2046 247 2126 5.
265 2043 315 2104 11.
345 2042 441 2121 Quae
465 2046 575 2108 omnia
598 2067 640 2108 ex
661 2061 886 2110 successorio
909 2063 1034 2108 nurcro
1057 2046 1320 2129 proficiscuntur,
1343 2045 1383 2108 de
1400 2065 1452 2127 quo

218 2151 393 2235 singularis
412 2161 521 2216 exstat
536 2153 570 2214 in
586 2153 765 2217 Pande‘ctis
781 2153 895 2217 titulus
909 2156 954 2233 ι).

814 2366 823 2380 .
844 2317 895 2380 10.

721 2320 858 2492 &nariodo
872 2433 966 2501 petito.

302 2535 457 2598 Ceterum
479 2544 574 2599 vetus
596 2534 734 2619 petitio,
750 2533 951 2618 postulatio,
973 2531 1028 2597 vel
1044 2531 1193 2618 adgnitio
1217 2533 1377 2597 bonorum
1393 2554 1454 2616 pos

218 2641 371 2708 sessionis
386 2639 553 2704 sollemnis
572 2651 655 2723 erat,
671 2649 707 2704 ut
721 2649 816 2724 patet
831 2661 875 2702 ex
890 2639 928 2704 L.
942 2641 973 2702 l.
991 2641 1023 2702 0.
1038 2643 1151 2704 Gomm.
1165 2643 1205 2703 de
1218 2663 1353 2704 success.
1368 2640 1455 2704 adeo
1502 2647 1503 2684 ἓ

219 2771 284 2835 que
305 2749 375 2812 fieri
393 2749 538 2812 debebat
553 2749 722 2832 conceptis
738 2748 848 2811 verbis
867 2770 905 2811 ac
921 2749 1087 2827 formulis,
1104 2769 1190 2832 quae
1205 2749 1323 2832 quales
1338 2746 1454 2824 fuerint,

218 2856 319 2921 hodie
335 2858 390 2920 vix
405 2857 522 2940 liquet,
536 2856 697 2941 siquidem
716 2878 779 2919 nec
793 2856 978 2919 Brissonius
995 2878 1051 2919 eas
1066 2857 1241 2919 restituere
1256 2857 1376 2940 potuit
1396 2855 1454 2916 Nec

219 2964 307 3048 apud
327 2963 474 3048 quemvis
494 2965 718 3050 magistratum
739 2965 811 3049 peti
833 2973 967 3048 poterat
986 2966 1147 3027 bonorum
1169 2964 1348 3048 possessio,
1363 2961 1453 3026 sedin

219 3072 300 3136 urbe
320 3072 407 3156 apud
428 3072 643 3148 Praetorem,
662 3075 696 3136 iu
712 3073 885 3156 provincia
905 3071 993 3156 apud
1009 3071 1220 3134 Praesident:
1238 3070 1276 3132 L.
1290 3071 1323 3134 2.
1339 3071 1369 3152 §.
1383 3071 1409 3132 1.
1421 3089 1453 3148 sq.

219 3183 260 3242 1).
280 3182 356 3257 Ques
376 3181 452 3242 ordo
469 3185 501 3242 in
518 3181 586 3242 bon.
599 3201 736 3263 possess.
758 3179 804 3242 At
821 3179 976 3243 formulas
993 3201 1112 3264 aeque,
1128 3200 1165 3241 ac
1183 3177 1276 3241 illam
1291 3179 1454 3242 Praetores

219 3296 253 3352 et
269 3287 444 3352 Praesides
463 3287 607 3353 adeundi
629 3287 860 3352 necessitatem
883 3287 1044 3350 sustulere
1066 3286 1269 3370 posteriores
1285 3287 1451 3371 imperato·

218 3418 288 3460 ress
310 3398 339 3479 δ.
355 3399 410 3458 ult.
425 3398 504 3461 lost.
518 3399 548 3458 Ιι.
563 3405 585 3458 t.
605 3394 641 3457 in
663 3395 776 3480 primis
791 3395 1045 3477 Constantinus,
1062 3395 1133 3480 qui,
1155 3393 1297 3458 exclusis
1320 3393 1453 3458 inanibus

218 3609 346 3663 omuibus
357 3610 404 3662 cfr.
416 3609 535 3662 Rudorff
542 3607 608 3661 iiber
626 3610 667 3662 die
679 3611 838 3662 caducorum
853 3611 1001 3670 medicatio,
1015 3608 1043 3661 in
1055 3609 1081 3660 d.
1094 3609 1223 3661 Zeitsclrr.
1233 3607 1262 3676 s.
1278 3608 1369 3676 pescli.
1379 3607 1411 3660 n
1424 3601 1452 3656 ll·

219 3695 312 3747 T.V1.
331 3709 404 3746 uum.
421 3694 471 3745 vl.
494 3709 521 3760 p.
538 3697 598 3748 307.
616 3709 676 3762 sqq.
696 3694 828 3761 Sohilling
845 3695 923 3746 Bsm.
945 3693 987 3746 iil.
1007 3693 1043 3745 R.
1062 3694 1095 3746 G.
1113 3709 1139 3759 p.
1156 3697 1216 3745 310.
1231 3708 1272 3760 sq.
1291 3698 1320 3744 et
1337 3691 1401 3745 ibid.
1411 3693 1453 3741 not

218 3783 277 3834 840
296 3785 322 3832 et
334 3779 488 3844 scriptores,
505 3778 554 3847 qui
566 3783 659 3831 nostra
676 3783 764 3832 aetate
773 3779 807 3831 dc
821 3780 886 3846 J'ure
897 3777 1069 3830 accrescendi
1078 3782 1279 3843 exposuerunt:
1290 3775 1339 3829 W.
1349 3772 1454 3828 Francis

218 3865 346 3932 Bcitriipe
363 3881 416 3915 zur
429 3863 532 3916 Erliiot.
550 3863 686 3916 einzelner
705 3863 867 3918 nectemus.
880 3866 902 3917 1.
917 3863 1007 3931 (Giitt.
1026 3865 1115 3929 1828.)
1135 3879 1209 3916 num.
1227 3863 1275 3914 vl.
1294 3861 1333 3914 Η.
1344 3855 1454 3913 Bennet-

219 3956 273 4002 ster
286 3951 333 4002 das
345 3948 616 4016 Anwoclssunpsrcclt
627 3949 675 3999 der
688 3947 821 4000 Mitsrbsn
838 3949 907 4002 noel
919 3948 999 4001 Rom.
1012 3949 1106 4000 Recte.
1123 3948 1209 4014 (Tub.
1223 3947 1314 4012 1829.)
1325 3950 1399 4012 p.74.
1408 3957 1454 4009 sqq·

219 4035 260 4089 M.
281 4037 309 4088 S.
327 4033 427 4101 Meyer
444 4035 491 4085 das
507 4033 594 4086 Reclt
609 4034 657 4084 der
669 4029 854 4100 Anwoelrsimp
866 4031 975 4084 isidem
989 4031 1246 4086 testamentorisclseo
1257 4047 1284 4083 s.
1293 4027 1454 4099 qcsstzts'cler

218 4118 351 4173 Erlraclrt
368 4137 394 4172 e.
411 4117 453 4170 bei
468 4120 585 4186 Lepoten
603 4119 667 4170 oder
684 4118 919 4170 Ildeicommissen.
937 4117 1022 4184 (rab.
1038 4118 1130 4184 1836.)
1151 4116 1300 4172 Schneider
1311 4131 1378 4182 opus
1394 4111 1454 4164 modo

219 4206 353 4260 laudatum
368 4210 395 4256 ct
412 4205 494 4270 hujus
510 4198 573 4255 libri
590 4217 705 4254 censura
726 4203 851 4270 (auctore
869 4202 1028 4268 Huschkio)
1048 4201 1077 4253 in
1094 4199 1288 4270 Eplemeridil.
1307 4217 1324 4252 a
1342 4199 1454 4254 Richtero

221 4293 296 4342 1⁸38.
312 4287 375 4341 edit.
395 4303 421 4352 p.
433 4291 484 4341 ³07
492 4313 524 4326 --
534 4290 594 4339 ³32.
607 4287 642 4338 K.
655 4287 743 4340 Witte
760 4288 788 4340 in
813 4288 919 4340 Weislo'i
930 4288 1133 4340 Recltrlesicon
1149 4305 1176 4340 u.
1190 4281 1454 4352 Aswoclsenpsreclt

219 4389 246 4442 p.
257 4377 417 4426 270-323.
436 4379 518 4440 etque
535 4371 573 4423 ibi
591 4374 632 4424 vel
652 4371 771 4424 maximo
788 4389 814 4438 p.
827 4377 887 4425 ³05.
899 4387 959 4440 sqq.
980 4371 1065 4424 Msilsl.

289 4459 319 4523 a)
340 4457 403 4509 Vid.
422 4473 476 4508 von
494 4457 568 4509 Liihr
587 4457 679 4524 Eiaiqe
700 4459 903 4525 Bemerlzunqcn
920 4473 947 4508 u.
964 4473 985 4509 s.
998 4474 1029 4510 w.
1049 4473 1122 4510 uum.
1139 4461 1164 4510 2.
1187 4455 1215 4507 in
1234 4456 1341 4508 Desseu
1362 4455 1454 4519 Maqo.

220 4543 251 4594 Τ.
264 4543 314 4595 lll.
333 4558 359 4607 p.
372 4547 423 4596 224
433 4569 463 4584 ω·
472 4546 531 4594 2³1.
550 4540 638 4596 Haut.
