3130 5148
408 351 463 420 Da
487 351 581 420 June
611 350 699 418 Nar.
722 351 834 420 Gunr.
861 373 906 420 ur
925 351 999 420 Cir.
1279 358 1328 426 48

82 549 104 590 c.
117 527 164 590 14.
177 525 355 590 Reversie
373 534 477 611 ponte
489 526 577 590 intre
592 528 745 590 cancellos
767 528 809 606 (s.
820 530 925 609 septo)
940 525 1234 610 concludebantur,
1245 548 1327 613 quos

84 637 165 698 omb'o
179 640 282 698 vocat
300 634 452 698 Lucanus
467 634 617 706 Pborml,
633 637 680 696 11.
692 654 719 695 o.
735 631 807 696 197.

312 773 356 788 «-
371 748 403 800 et
415 743 549 804 mnam
560 743 728 804 maculavit
742 742 832 802 ocrim
847 741 974 803 Romae.
1373 765 1380 776 ·

82 846 169 911 conf.
185 847 264 910 Nic.
275 845 397 910 Grucb.
409 847 448 908 dc
463 847 568 908 comit.
580 848 670 910 Rosa.
684 850 714 908 1.
727 846 758 912 3.
770 857 803 910 et
814 847 845 908 4.
856 868 891 928 p.
906 846 979 910 688.
996 848 1117 912 Omnia
1128 847 1212 912 baec
1227 847 1329 914 adcu-
1354 843 1360 852 ’

82 962 144 1017 rate
153 954 292 1038 depicta
302 954 388 1018 sistit
402 953 557 1037 egregius
572 953 611 1017 Ρ.
626 953 748 1018 Licinii
763 953 897 1018 Nervae
912 975 1040 1036 numus,
1053 976 1152 1038 quem
1168 955 1329 1020 exhibent

81 1061 166 1124 Fulv.
179 1063 293 1126 Ursin.
313 1063 424 1124 namn
438 1062 528 1124 Rom.
543 1059 756 1142 placeatis
776 1060 885 1125 Potin.
902 1070 938 1124 et
954 1061 1077 1125 Euesa
1095 1061 1272 1145 Spsnbem.
1290 1065 1330 1126 de

86 1167 145 1230 Usu
156 1178 190 1230 et
199 1176 381 1250 praestant.
396 1173 546 1231 numr’emae
555 1169 640 1232 Dies.
658 1168 711 1231 VI.
722 1192 756 1252 p.
766 1167 839 1230 579.

649 1320 678 1400 δ.
700 1319 750 1382 19.

530 1435 729 1506 &effruyiorum
747 1435 876 1488 diremtio.

155 1537 250 1600 Latis
264 1538 329 1599 boc
343 1535 460 1600 ordine
476 1537 648 1620 suffragiis,
671 1538 813 1599 diremtio
830 1537 942 1600 fiebat
957 1535 1225 1608 Numerabantur
1244 1535 1331 1599 enim

83 1643 222 1706 tabellae
236 1642 408 1727 utriusque
421 1643 552 1728 generis
568 1642 734 1729 asingulis
750 1645 951 1724 custodibus,
966 1664 1186 1728 numerusque
1203 1665 1332 1709 earum-

84 1748 150 1811 dem
158 1755 289 1832 punctr's
303 1755 336 1831 ιι)
361 1750 556 1814 notabatur:
579 1750 647 1814 Cic.
662 1751 797 1834 Philipp.
815 1753 860 1814 11.
877 1773 903 1814 c.
917 1752 969 1816 33.
990 1760 1025 1815 et
1034 1773 1095 1834 pro
1113 1753 1224 1814 Plano.
1243 1773 1268 1814 c.
1280 1751 1332 1814 22.

83 1866 113 1919 ut
123 1879 163 1922 ea
180 1858 401 1922 centuriarum
416 1859 581 1922 sententia
597 1861 856 1942 renunciaretur‚
870 1861 903 1923 in
919 1882 1015 1946 quam
1026 1858 1167 1944 plurima
1178 1852 1333 1946 suffragia

84 1965 320 2049 convenissent,
339 1974 373 2030 et
387 1967 585 2051 reticeretur
600 1965 671 2049 illa,
688 1989 773 2052 quae
796 1969 929 2053 paribus
946 1976 1033 2032 esset
1047 1967 1203 2031 distracta
1218 1965 1332 2028 suffra-

84 2071 149 2153 giis.
164 2072 200 2134 Si
216 2073 329 2158 plures
348 2076 534 2139 sentcntiae
551 2075 662 2160 legem
676 2076 889 2159 probassent:
909 2091 1007 2139 sclua
1025 2074 1080 2138 vel
1095 2089 1267 2150 renuam
1283 2073 1332 2136 sin

85 2177 186 2260 plures
203 2179 354 2244 eamdem
379 2183 582 2268 rejecissent,
602 2199 805 2259 ANTIQUATA
821 2182 1002 2246 dicebatur.
1020 2181 1148 2245 Manut.
1174 2183 1213 2243 dc
1225 2179 1332 2262 Legat.

81 2285 194 2365 1842
775 2373 779 2381 ,

652 2407 682 2490 §.
704 2406 756 2470 13.

561 2523 662 2592 Leyum
680 2520 852 2590 confirmatio.

137 2621 139 2629 “
160 2618 330 2684 Perlatam
353 2619 464 2705 legem
486 2623 594 2706 primo
608 2624 824 2706 jurejarrando
843 2622 1013 2702 firmatam,
1034 2617 1158 2683 deinde
1176 2620 1335 2682 ocrr‘inci-

89 2742 148 2784 som
160 2729 189 2807 ¹)
223 2729 425 2810 delatumque
447 2733 480 2790 in
507 2735 669 2792 aerarium
696 2729 846 2814 legimus.
871 2730 999 2792 Manut.
1025 2729 1064 2790 de
1086 2728 1193 2810 Legit.
1213 2748 1247 2808 p.
1264 2723 1335 2787 834.

92 2827 179 2894 Unde
193 2841 300 2918 patet,
318 2856 478 2919 quaenam
497 2837 562 2900 sint
577 2836 637 2900 illa
653 2837 741 2921 apud
754 2836 850 2900 Ovid.
868 2837 995 2900 Metam.
1010 2839 1038 2897 Ι.
1053 2857 1080 2898 v.
1091 2833 1143 2896 91.
1155 2855 1200 2917 sq.

277 2979 318 2990 -
340 2979 383 2990 -
402 2968 463 3019 -3
486 2967 543 3006 nec
560 2946 655 3007 verba
676 2947 890 3025 mr'nacr'afiro

278 3053 363 3113 Aere
385 3053 588 3133 legebantur:
603 3089 645 3098 -
659 3089 702 3099 -
717 3089 755 3099 -
771 3087 813 3099 -

91 3151 223 3218 Exstant
234 3156 305 3240 ejus
317 3156 398 3220 ritus
415 3159 557 3246 vestigia
571 3161 605 3222 in
622 3161 660 3221 L.
672 3158 702 3222 8.
715 3179 766 3242 pr.
784 3159 826 3219 D.
840 3157 885 3220 od
899 3155 936 3216 Ιι.
950 3153 1013 3215 Jut.
1027 3154 1130 3234 pecul.
1145 3149 1241 3212 Conf.
1253 3149 1337 3212 Just.

90 3257 209 3348 Rycqu.
226 3265 267 3327 de
289 3265 417 3346 Capitol.
438 3288 463 3328 c.
480 3265 530 3330 30.
540 3289 575 3350 p.
590 3265 661 3330 374.
679 3290 724 3350 sq.
1323 3267 1330 3275 ’

657 3434 686 3514 §-
708 3431 759 3493 14.

542 3547 704 3610 Eorundem
722 3547 884 3616 copnominc.

166 3645 307 3710 Nomina
322 3647 416 3732 leges
435 3649 631 3734 plerumque
647 3649 857 3732 accipiebant
873 3649 915 3711 ab
934 3654 1076 3732 utroque
1101 3642 1295 3720 Consule‚e.
1309 3662 1340 3725 g.

93 3747 143 3813 lex
158 3756 251 3817 Aelr'o
268 3759 386 3830 maria,
405 3758 510 3839 Papia
528 3759 687 3839 Poppaea,
709 3758 810 3818 Eiteia
832 3757 972 3817 Caninio.
994 3755 1249 3835 Nonnumquam
1267 3747 1341 3810 uni-

96 3879 158 3922 cum
179 3863 218 3925 iis
234 3885 420 3949 cognomen
433 3865 583 3941 dabatur,
600 3866 628 3928 si
644 3864 859 3945 aDictatore,
875 3861 931 3926 vel
944 3863 1107 3926 Praetore
1119 3859 1207 3923 latae
1222 3863 1341 3920 essent.
1396 3897 1401 3905 ι

157 4093 190 4159 u)
209 4093 278 4147 Inde
296 4097 361 4144 nata
377 4092 499 4158 phrasis:
518 4111 593 4147 omne
606 4101 736 4161 punctum
745 4091 843 4159 serre:
861 4091 958 4143 Horat.
977 4089 1009 4142 de
1026 4089 1089 4142 Art.
1103 4095 1175 4157 poet.
1193 4103 1219 4164 a.
1236 4087 1296 4137 34³.

376 4178 460 4230 Omne
479 4179 539 4231 tulit
551 4187 693 4247 punctum,
711 4178 758 4246 qui
769 4177 876 4228 miscuit
891 4175 955 4228 attic
974 4175 1053 4226 dulci.

97 4256 134 4309 De
150 4277 203 4326 qua
219 4261 382 4331 loquutione
404 4263 521 4332 ipsoque
542 4266 595 4316 boc
620 4261 675 4315 ritu
693 4262 810 4316 conferri
827 4266 944 4314 meretur
962 4261 1065 4313 Severo
1083 4257 1120 4308 ad
1136 4254 1231 4309 Sidon.
1252 4253 1342 4306 Cdm.

97 4342 133 4394 11.
147 4350 189 4399 20.
210 4357 235 4398 et
252 4347 330 4416 Epist
357 4348 405 4400 ult.
421 4349 499 4400 Heio.

160 4432 193 4498 x)
213 4435 303 4485 Antea
320 4439 348 4484 et
363 4433 487 4486 roboreis
505 4438 533 4485 et
549 4431 675 4485 eburneis
693 4432 793 4485 tabuiis
810 4433 970 4484 utebantur:
988 4426 1105 4492 Dionys.
1127 4419 1268 4478 Halicaru.
1284 4421 1341 4476 Lib.

99 4509 150 4566 111.
164 4534 193 4585 p.
212 4521 272 4572 108.
291 4517 427 4584 Sohubart
445 4519 477 4569 de
494 4519 555 4572 Fut.
564 4519 683 4588 jurispr.
703 4519 784 4570 Rom.
804 4518 901 4572 Exere.
920 4515 1064 4584 11885.
1091 4511 1173 4564 Heia.
