3030 5160
206 415 214 488 '.
306 400 412 485 Qum.
435 399 535 472 Mon.
559 401 619 470 nn
643 399 826 470 Canania.
854 400 1029 474 Omiann.
1092 499 1094 510 Ι
1222 409 1295 478 m

30 576 177 640 datione
200 575 256 640 vel
275 577 364 641 fecto
389 576 557 660 obligant:
581 581 617 641 L.
636 575 668 640 7.
690 585 718 656 §.
731 577 763 642 2.
781 580 823 641 Ι).
840 581 882 641 de
906 583 997 642 Pae‘t.
1020 579 1058 644 L.
1073 581 1102 642 6.
1118 537 1173 663 qr.
1196 582 1237 643 Ι).
1255 583 1296 645 de

31 687 233 765 Praeenaiat.
257 685 339 748 verli.
359 683 486 768 placuit
501 694 612 748 tamen
629 685 838 769 Imperatori,
853 685 895 749 de
915 704 1034 752 Moeno
1053 696 1191 769 tantum,
1209 707 1295 754 oom-

31 806 198 872 ΜουΑεο,
223 809 389 857 nneosmo
420 802 453 857 et
481 809 645 875 emnonn,
673 801 839 879 tamquam
868 777 1090 859 contractibus
1117 796 1295 860 nominatis

30 897 202 982 realibus,
218 898 273 962 hic
289 921 401 984 agere.

645 1094 652 1110 .
669 1047 704 1116 J.

530 1169 533 1178 ’
555 1050 781 1224 eadmundum?

120 1251 243 1345 Mona
258 1298 363 1344 namo
379 1289 438 1364 est,
454 1283 578 1364 quando
592 1287 639 1345 ito
654 1286 750 1344 alteri*
761 1285 880 1366 aliquid
891 1287 1039 1378 traditur,
1055 1288 1138 1370 quod
1145 1286 1294 1370 pondere,

35 1410 198 1463 mensura,
218 1410 349 1452 numero
363 1393 547 1462 continetur,
561 1399 598 1452 ut
612 1395 871 1474 accipientique
890 1403 920 1455 et
936 1397 1192 1476 quandocumque
1207 1393 1297 1454 aliud
1391 1473 1395 1480 .

37 1497 177 1578 ejusdem
192 1501 328 1578 generis,
352 1497 386 1561 id
402 1507 463 1577 est,
479 1507 617 1559 naturae
639 1507 670 1560 et
693 1491 863 1580 qualitatis,
882 1502 1037 1563 reddatur
1050 1505 1094 1582 ⁸).
1119 1501 1295 1565 Transfer·

38 1611 92 1667 tur
109 1625 190 1688 crgo
214 1604 278 1667 hoc
302 1612 473 1670 contractu
499 1605 677 1668 dominium
703 1607 753 1669 rei
769 1607 940 1691 fungibilis
961 1610 995 1672 in
1018 1609 1168 1691 alterum,
1185 1629 1294 1693 eoque

38 1713 76 1776 fit
92 1712 263 1795 alienatio,
279 1734 345 1777 non
363 1714 496 1799 quidem
512 1713 598 1796 talis,
623 1713 728 1799 qualis
745 1722 823 1780 ,erat
844 1737 951 1779 rerum
974 1718 1125 1802 mancipi,
1146 1725 1181 1780 et
1196 1737 1293 1801 quam

39 1809 144 1884 solam
160 1821 280 1885 Cicero
300 1822 397 1903 lapsa
414 1844 440 1885 c.
454 1823 484 1884 5.
501 1823 558 1886 sub
567 1827 629 1905 flu.
645 1833 743 1887 vocat
759 1825 1026 1898 abalienationem,
1048 1826 1106 1888 sed
1122 1823 1228 1910 qualis
1244 1832 1295 1886 est

38 1950 146 1992 rerum
163 1949 226 1992 nec
248 1929 399 2013 mancipi.
422 1931 481 1994 Est
497 1931 584 1994 enim
607 1929 766 1995 alienatio
783 1938 882 1995 omnis
898 1942 998 2010 actae,
1019 1956 1079 2017 quo
1099 1931 1295 2010 transfertur

40 2038 222 2100 dominium.-
243 2037 280 2098 L.
295 2038 324 2099 1.
344 2031 429 2100 0.’ἀε
451 2039 564 2101 Fando
579 2041 639 2101 dot.
655 2039 895 2123 Bynkershoek
911 2043 949 2104 de
965 2042 1028 2104 reb.
1041 2045 1178 2123 mancipi
1195 2050 1226 2102 et
1239 2061 1295 2102 nec

40 2151 178 2229 mancipi
193 2139 219 2208 ὁ.
231 2145 261 2207 9.
277 2168 312 2229 p.
327 2143 398 2210 135.
424 2144 502 2222 Quo
516 2145 589 2229 ipso
608 2148 741 2229 corruit,
758 2147 920 2232 quidquid
934 2149 968 2211 in
985 2149 1182 2213 contrarium
1199 2147 1295 2211 adfe-

41 2260 117 2318 runt
131 2254 306 2317 Salmasius
322 2260 357 2317 et
376 2253 523 2318 Jacobus
544 2253 701 2336 Oiselius‚
724 2275 861 2338 quorum
885 2256 1050 2321 sententia
1070 2256 1192 2319 dudum
1209 2264 1258 2318 est
1275 2277 1295 2318 a

41 2361 280 2436 iureconsultis
295 2361 568 2444 adcuratioribus‚
585 2370 619 2425 et
638 2363 673 2426 in
691 2362 802 2447 primis
819 2387 838 2426 a
854 2361 927 2425 Car.
939 2351 1085 2427 Hannib.
1096 2364 1245 2426 Fabroto
1259 2369 1294 2424 et

43 2470 94 2533 Jo.
115 2469 232 2533 Jacob.
249 2469 505 2534 Wissenbachio
528 2470 676 2556 explosa.
710 2471 788 2536 Vid.
809 2470 889 2536 Ant.
909 2471 1133 2557 Schultingius
1157 2471 1201 2532 ad
1220 2471 1298 2552 Goji

43 2579 118 2640 Inet.
127 2580 169 2640 ΙΙ.
186 2577 393 2661 9.1.p.147.
415 2579 484 2644 Res
503 2601 584 2642 vero
601 2595 792 2644 FUNGIBILIS
805 2587 865 2662 est,
882 2602 979 2665 quae,
996 2581 1081 2644 utin
1098 2579 1294 2644 definitione

45 2693 102 2766 est,
118 2686 278 2770 pondere,
294 2709 444 2751 mensura
468 2696 502 2751 et
522 2709 659 2751 numero
676 2689 873 2751 continetur.
899 2688 1009 2773 Ipsum
1026 2697 1197 2774 argentum
1215 2688 1293 2751 olim

45 2793 270 2857 foeneratores
285 2815 353 2858 non
366 2795 637 2877 adnumerabant‚
654 2796 712 2859 sed
730 2796 982 2880 adpendebant:
998 2797 1085 2861 Plin.
1099 2797 1256 2860 XXXIII.
1264 2795 1294 2859 3.

44 2911 111 2963 sect.
126 2900 176 2964 13.
192 2903 300 2966 Varro
320 2904 360 2965 de
374 2905 485 2986 lingue
506 2903 578 2967 Lat.
594 2904 651 2965 IV.
678 2903 749 2988 [*1¹·
764 2903 814 2966 50.
842 2926 886 2967 ex
907 2906 979 2967 eda.
1002 2904 1144 2991 nimia]
1169 2905 1295 2968 Postea
1381 2975 1389 2986 ,

45 3031 96 3071 aes
109 3009 191 3071 rude
204 3017 340 3086 tantum,
356 3001 592 3095 aliaque,'qnae
606 3010 756 3094 pondere
766 3019 927 3093 constant,
941 3013 1086 3097 adpendi
1099 3021 1173 3077 sunt
1184 3012 1294 3094 solita,

45 3126 177 3198 uicem,
193 3117 262 3201 pix,
278 3117 406 3181 lardum
423 3117 467 3200 b),
485 3129 605 3181 cetera.
617 3117 792 3203 'Reliquas
806 3140 858 3181 res
877 3119 931 3183 vel
945 3118 1222 3200 admetiebantur,
1239 3119 1294 3183 vel

45 3225 316 3290 adnumerabantz
332 3225 398 3289 vid.
420 3225 564 3292 Oiselius
581 3227 624 3288 ad
645 3227 722 3308 Gaji
733 3229 812 3290 Ioci.
828 3229 871 3290 IL
884 3227 915 3289 9.
929 3227 959 3288 1.
968 3249 1002 3308 p.
1018 3250 1057 3290 m.
1072 3227 1143 3290 148.
1166 3226 1294 3290 Addidi

45 3353 140 3414 porro
166 3331 201 3394 in
228 3331 434 3415 definitione,
460 3337 549 3397 aliud
570 3336 827 3418 quandocumque
847 3335 989 3417 ejusdem
1013 3339 1150 3416 generis,
1177 3335 1294 3414 idest,

46 3452 177 3502 naturae
194 3448 225 3502 et
247 3443 417 3522 qualitatis,
436 3443 638 3503 reddendum.
662 3440 868 3527 Quamquam
886 3443 973 3505 enim
995 3442 1097 3528 Gajus
1112 3443 1182 3506 ibid.
1202 3441 1295 3505 addit

46 3558 160 3610 statuto
176 3557 310 3630 tempore
325 3552 369 3630 Β),
386 3548 469 3612 etin
489 3549 566 3633 ipsis
581 3548 847 3614 In'stitutionibns
863 3542 982 3616 nostris
994 3555 1096 3634 princ.
1113 3552 1142 3612 a.
1155 3560 1177 3612 t.
1193 3571 1252 3634 pro
1264 3559 1298 3613 et

47 3661 186 3736 quoniam
201 3657 287 3719 uobi'e
298 3676 359 3717 oon
379 3658 487 3720 eadem
498 3679 549 3720 ree
566 3665 629 3720 etc.
644 3655 822 3742 legendum
838 3668 931 3734 estet
944 3660 1295 3744 quaudoquenobienon

111 3911 141 3978 a)
162 3910 222 3976 Gai.
235 3912 287 3962 111.
298 3913 319 3979 t.
333 3915 376 3963 90.
389 3911 473 3962 -De
489 3915 586 3964 mutuo
604 3913 743 3977 praeclare
758 3917 850 3964 exstat
868 3914 896 3965 S.
907 3915 1001 3966 Herm.
1014 3915 1048 3966 ab
1060 3913 1171 3980 Idsinge
1185 3913 1295 3967 Disser-

48 3996 119 4059 tatio,
138 3994 182 4046 cui
199 3994 312 4048 titulus:
338 3996 373 4046 da
387 4003 476 4046 mutuo
495 4004 521 4046 et
547 3998 630 4048 ueteri
653 3996 803 4050 litterarum
826 3996 989 4065 obliqatione.
1008 4002 1123 4068 Freneq.
1138 4003 1213 4053 17³6.
1225 4003 1250 4052 4.
1266 4004 1295 4050 et

48 4078 72 4132 in
89 4078 212 4135 Oeliichs
235 4081 312 4134 Res.
331 4081 364 4132 N.
382 4081 506 4132 Dissertt.
524 4079 603 4148 Belq.
626 4083 689 4134 Vol.
701 4085 723 4135 Ι.
744 4081 775 4135 Τ.
787 4085 808 4134 Ι.
827 4098 853 4147 p.
869 4079 917 4137 107
926 4088 1029 4137 —188.
1047 4085 1135 4137 Hnub.
1192 4114 1197 4124 ι

111 4167 144 4233 b)
166 4167 211 4219 Sic
223 4168 313 4218 Varro
328 4167 359 4216 de
374 4183 405 4216 re
423 4162 523 4216 rustica
537 4165 595 4218 ΙΙΙ.
609 4171 647 4220 17.
665 4169 755 4231 refert,
767 4168 891 4220 Hirrium
907 4168 1017 4220 Caesari
1031 4186 1077 4219 see
1092 4170 1175 4223 millia
1190 4187 1295 4222 murae·
1391 4201 1396 4212 ·

48 4269 137 4304 aarum
155 4261 246 4304 mutua
264 4252 364 4304 dedisse
382 4251 409 4302 io
429 4251 542 4318 pavidus.
566 4252 602 4302 Et
619 4251 727 4304 Plinius
753 4251 888 4322 [Ἤπειον.
912 4255 1008 4305 Natur.
1028 4252 1085 4304 IX.
1102 4257 1144 4304 55.
1162 4263 1223 4305 ieet.
1237 4250 1293 4324 81.]

51 4337 76 4389 Ο.
86 4339 208 4390 Hirtium
216 4365 247 4376 -
256 4337 341 4389 coenis
357 4334 558 4404 triumphalibus
576 4336 698 4407 Caesarie
713 4338 865 4398 De'ctotoria
880 4357 927 4390 sen
938 4337 1022 4406 millia
1033 4353 1142 4388 numero
1154 4354 1294 4390 muraena*

50 4439 103 4475 rum
119 4431 207 4476 mutuo
217 4421 379 4490 adpendisse.
399 4421 469 4474 Num
482 4431 639 4490 permutare
652 4423 754 4490 quidem
768 4425 855 4491 pretio
869 4423 992 4483 noluisse,
1004 4421 1088 4472 aliaue
1101 4437 1195 4472 meree.
1213 4422 1293 4474 Heia.

114 4509 143 4575 c)
164 4509 195 4559 ln
211 4509 332 4574 qenui'm'e
350 4503 413 4572 Gaji
433 4509 626 4560 commentariis
651 4509 717 4560 haec
735 4523 792 4561 non
807 4507 982 4563 inveniuntur
1008 4507 1099 4585 verba,
1123 4505 1172 4558 sed
1190 4506 1292 4567 eadem,

51 4609 115 4660 quae
132 4593 160 4646 in
177 4591 326 4646 iustiniani
343 4588 563 4645 Institutionibus
580 4594 714 4660 leguntur.
733 4593 819 4646 miti.
