3056 5154
580 673 1143 744 Plebsmpepomhvnmnutulm

318 797 428 874 Quum
442 815 525 858 vero
546 814 590 856 ne
606 794 652 856 sic
667 793 802 878 quidem
817 794 895 856 satis
917 792 1101 856 consultum
1117 793 1288 858 videretur
1302 793 1476 857 debitorum

234 903 383 989 inopiae,
398 900 565 988 siquidem
577 900 637 964 illa
651 901 815 986 possessio
826 902 989 964 bonorum
1005 910 1041 964 et
1055 901 1175 966 samam
1190 903 1361 982 laedebat,
1376 911 1410 963 et
1420 923 1476 963 uon

233 1013 401 1077 liberabat
421 1033 442 1073 a
457 1030 605 1072 carcere:
627 1009 710 1072 ideo
732 1031 833 1093 saepe
856 1009 1009 1093 flagitare
1031 1008 1127 1092 plebs
1150 1011 1265 1093 eoepit
1280 1009 1366 1073 aeris
1388 1009 1478 1073 alieni

234 1119 493 1198 relaxationem,
509 1138 606 1200 qnam
628 1117 740 1201 legem
755 1117 900 1180 Romani
916 1131 1026 1179 novas
1042 1134 1199 1181 rasurus
1214 1116 1387 1202 adpellare
1401 1117 1477 1178 sole-

124 1263 134 1274 ·
234 1230 329 1293 bant:
347 1226 478 1288 Seneca
497 1226 537 1286 de
560 1225 673 1305 Renes.
693 1225 762 1284 LA.
784 1224 819 1286 in
834 1227 916 1304 fine.
941 1223 1120 1286 Suetonius
1138 1224 1172 1286 0.
1192 1225 1256 1286 Jul.
1282 1226 1374 1286 caes.
1393 1246 1418 1286 c.
1435 1223 1477 1284 42

235 1333 479 1412 Quinctilianus
497 1332 672 1393 Declamat.
689 1330 762 1394 3311
788 1331 854 1394 Eas
873 1352 954 1393 vero
972 1339 1009 1394 ut
1024 1350 1123 1392 nemo
1140 1352 1313 1416 umquam,
1333 1331 1396 1394 nisi
1414 1352 1478 1414 per-

234 1441 419 1505 turbandae
445 1437 652 1524 reipublicae
675 1438 829 1523 cupidus,
847 1438 1090 1522 promulgavit:
1114 1439 1161 1501 ita
1177 1440 1325 1522 optimus
1341 1440 1476 1524 quisque,

234 1558 270 1612 et
289 1550 351 1612 otii
368 1546 605 1612 amantissimus
630 1547 836 1630 repudiavits
856 1547 970 1610 livius
988 1546 1130 1608 XXXII.
1150 1544 1202 1608 38
1217 1555 1253 1610 et
1278 1547 1434 1631 Sigonius
1447 1549 1477 1608 111

234 1654 821 1739 monumemtum

233 1945 271 1996 Et
291 1943 338 2010 (ut
353 1939 423 1992 alios
441 1939 579 2004 omittam)
599 1936 766 1991 Niebubrius
784 1937 894 2005 quidem
912 1937 951 1988 ita
967 1954 1024 1989 rem
1042 1937 1305 2004 explicandarum
1324 1936 1424 2002 fuisse,
1439 1935 1475 2007 qni

233 2027 294 2094 ipse
311 2041 341 2078 se
357 2041 420 2076 cum
437 2021 539 2075 familia
557 2037 608 2076 sua
624 2027 707 2090 atque
724 2023 799 2075 omni
817 2039 847 2074 re
863 2022 892 2073 in
910 2020 1075 2087 mancipium
1092 2023 1196 2076 dederit
1213 2024 1356 2088 creditori,
1370 2040 1419 2076 uec
1433 2023 1475 2074 iere

233 2109 387 2165 1111111111
404 2106 541 2175 1111111,
559 2113 590 2158 ut
609 2107 749 2173 inuam
771 2113 912 2176 umqum
928 2107 957 2159 11
980 2108 1138 2161 anuum
1157 2109 1287 2162 asum
1312 2109 1474 2162 1111111111.
1523 2149 1524 2170 ,

233 2199 297 2250 Jam
314 2199 374 2262 lege
386 2193 510 2248 Poetelia
526 2191 740 2260 mancipe-tiones
757 2193 825 2244 istas
841 2207 902 2246 esse
918 2193 1050 2256 1111111111,
1061 2199 1144 2260 atque
1160 2193 1191 2246 in
1209 2199 1356 2259 posterum
1374 2201 1475 2252 matun,

233 2289 265 2337 ut
283 2283 356 2334 bona
367 2286 472 2332 tautum
489 2278 642 2331 debitorum
659 2277 780 2330 obnoxia
797 2285 889 2330 meent
905 2279 1094 2342 creditoribus,
1105 2294 1161 2331 non
1174 2279 1257 2331 etiam
1273 2294 1402 2346 corpora,
1413 2295 1475 2344 prae·

232 2375 356 2437 terquam
376 2369 487 2431 propter
500 2380 588 2416 noxas
600 2363 740 2417 delictavc.
758 2363 903 2430 Savignius
915 2379 990 2429 vero,
1004 2363 1148 2416 Niebubrii
1164 2365 1354 2431 conjecturam
1366 2365 1400 2415 de
1416 2361 1476 2413 deii·

233 2452 300 2505 toris
313 2467 361 2518 per
379 2467 409 2504 se
422 2448 513 2515 ipsum
531 2449 654 2501 facienda
672 2449 872 2515 mancipatione
891 2449 987 2501 merito
1005 2449 1171 2514 improbans,
1183 2465 1286 2501 nexum
1305 2449 1382 2516 (1.1.
1393 2461 1476 2500 neren

232 2537 393 2604 pascuam)
412 2533 507 2588 delinit
523 2533 610 2597 illum,
623 2534 680 2600 qui,
697 2551 784 2602 quum
800 2552 837 2587 ex
854 2534 986 2602 pecuniae
1005 2534 1124 2588 creditae
1135 2534 1252 2602 aliisque
1269 2533 1435 2602 quibusdam
1448 2547 1475 2584 cx

232 2622 324 2676 causis
343 2621 432 2686 (velut
449 2618 590 2683 depensi),
607 2623 665 2669 tum
683 2635 719 2670 ex
736 2620 802 2670 nexi
820 2620 896 2687 (1.1.
914 2636 962 2686 per
980 2635 1027 2672 aes
1045 2625 1073 2672 et
1089 2621 1200 2686 libram)
1215 2620 1401 2686 obligatione,
1412 2616 1475 2684 judi-

232 2711 310 2759 catus
328 2705 509 2772 addictusque
526 2708 575 2754 est
593 2704 667 2769 Lege
678 2704 801 2756 Poetelia
819 2709 847 2755 et
862 2721 935 2757 nexa
951 2704 1052 2757 civium
1068 2706 1158 2771 capita
1175 2705 1297 2767 liberata,
1314 2711 1344 2757 et
1362 2705 1424 2756 nexi
1437 2704 1475 2754 ob

232 2789 390 2856 ligationem
401 2801 513 2853 prorsus
525 2787 731 2854 abrogatamet
744 2787 954 2842 tolerabiliorem
965 2805 1060 2841 eorum
1074 2791 1258 2844 conditionem
1271 2791 1409 2843 redditam
1420 2801 1474 2848 esse,

233 2876 281 2944 qui
299 2879 410 2940 propter
427 2872 610 2939 pecuniariam
627 2888 737 2926 causam
755 2874 937 2927 creditoribus
959 2874 1156 2938 addicerentur,
1175 2874 1204 2928 id
1226 2876 1303 2943 quod
1329 2880 1395 2941 post
1415 2873 1474 2926 iitau

233 2962 320 3025 legem
341 2974 397 3010 non
420 2957 473 3010 nisi
499 2973 534 3009 ex
558 2956 689 3022 pecuniae
716 2958 886 3010 mutuatitiae
910 2965 939 3011 et
956 2959 1069 3024 depensi
1087 2958 1252 3026 obligatione
1276 2961 1339 3012 lieri
1362 2959 1474 3026 potueri
1522 2973 1523 3004 1

232 3046 378 3098 Praeterea
395 3049 539 3110 quaerunt,
557 3045 696 3110 quomodo
712 3043 888 3110 intelligenda
904 3049 932 3096 et
954 3043 1063 3096 cuinam
1080 3044 1253 3110 potissimum
1272 3045 1329 3110 legi
1347 3043 1474 3096 tribuenda

232 3129 300 3193 siut,
319 3144 389 3197 quae
407 3128 481 3193 apud
498 3129 648 3180 Varronem
669 3129 809 3194 leguntur:
827 3137 878 3188 „et
895 3146 991 3189 omncs,
1010 3130 1056 3198 qai
1072 3127 1164 3180 bonam
1183 3131 1285 3214 copipm
1294 3131 1436 3199 jurarent,
1450 3145 1473 3178 se
1522 3161 1523 3184 1

232 3223 318 3268 essent
333 3214 404 3274 11111,
423 3213 578 3266 1111111111ίῖ“
605 3213 661 3281 (cl.
679 3213 799 3266 Dirksen
824 3210 1015 3266 observationes
1032 3214 1068 3265 cd
1093 3213 1157 3266 Ταῦ.
1177 3213 1288 3266 Herael.
1303 3223 1381 3282 part.
1399 3216 1473 3277 11111.

235 3303 285 3352 105
299 3329 327 3338 -
347 3303 405 3351 lll.
417 3297 536 3365 Saviguy
555 3298 573 3351 1.
586 3299 602 3352 t
616 3315 643 3366 p.
658 3300 824 3365 8111011.)
843 3299 880 3350 At
895 3299 929 3350 de
944 3313 977 3350 eo
995 3297 1106 3366 quidem
1113 3299 1172 3365 jam
1190 3314 1285 3351 omnes
1303 3299 1473 3356 consenum

232 3399 282 3436 nec
303 3389 369 3449 post
385 3385 471 3449 legem
490 3384 639 3437 Poetelium
656 3386 739 3436 latam
757 3383 910 3435 debitorum
933 3385 1123 3436 obaeratorum
1147 3383 1334 3438 addictionem
1357 3399 1473 3438 cessam

232 3469 315 3536 idque
326 3468 408 3520 etiam
420 3474 541 3522 veterum
552 3469 714 3534 scriptorum
726 3472 1017 3538 monumentorumque
1028 3468 1190 3522 testimoniis
1202 3474 1246 3521 sat
1256 3471 1413 3523 luculenter
1424 3483 1474 3520 cou-

232 3555 369 3616 firmatur;
387 3553 442 3608 vid.
461 3555 591 3618 Quinctil.
607 3556 666 3605 istst.
684 3561 752 3605 orat
770 3554 833 3608 Vll.
851 3559 876 3607 3.
894 3555 998 3606 Gellius
1013 3553 1046 3608 Ν.
1059 3555 1093 3606 Α.
1105 3553 1175 3606 XX.
1188 3558 1210 3606 l.
1225 3555 1286 3606 Lex
1298 3556 1375 3608 Gan.
1388 3555 1473 3616 Cisalp-

232 3659 256 3692 c.
269 3645 310 3692 21.
323 3641 447 3693 211111.
467 3640 599 3694 Schrader
613 3637 848 3706 reebtspeaelu'clstl.
867 3640 945 3692 Bem.
963 3655 1038 3691 num.
1057 3637 1105 3691 vl.
1117 3638 1145 3690 in
1161 3640 1289 3705 Hugonis
1304 3643 1356 3694 cio.
1378 3643 1474 3708 Maqc.

232 3726 264 3778 Τ.
282 3725 316 3777 V.
333 3741 361 3791 p.
381 3729 431 3778 184
449 3754 481 3765 -
502 3729 559 3780 187.
577 3723 777 3778 Mlibleubrucb
800 3722 884 3776 obser.
904 3726 961 3794 jur.
981 3723 1059 3777 Rom.
1077 3742 1100 3776 c.
1120 3728 1143 3775 l.
1162 3725 1183 3792 ξ.
1201 3729 1226 3778 7.
1244 3725 1370 3792 Savigny
1388 3725 1405 3778 1.
1423 3725 1438 3775 1.
1453 3737 1473 3786 p

231 3809 353 3863 81111111
372 3815 402 3862 ut
418 3809 478 3874 ipse
496 3809 562 3878 quid
580 3808 669 3861 sentio
692 3809 808 3862 breviter
829 3810 930 3862 dicam:
957 3825 1013 3861 non
1030 3809 1111 3862 video
1128 3811 1264 3878 equidem,
1282 3827 1320 3863 ex
1341 3810 1399 3874 bis,
1416 3821 1473 3876 quae
1521 3853 1522 3866 ,

231 3902 335 3949 veteres
352 3896 474 3948 tradunt:
495 3897 566 3948 necti
584 3895 617 3963 (i.
634 3911 657 3946 e.
675 3893 784 3960 vinciri)
807 3896 910 3947 descisse
925 3893 1053 3948 debitores
1066 3903 1129 3963 post
1146 3894 1228 3964 legem
1241 3887 1404 3958 Poetelium,
1417 3907 1473 3960 quo
1521 3905 1522 3950 1

231 3981 314 4032 modo
331 3977 423 4046 colligi
440 3978 535 4046 possit,
546 3977 635 4045 ipsam
647 3979 711 4031 nexi
723 3979 916 4046 obligationem
934 3979 1064 4033 desiisset
1081 3979 1124 4032 De
1141 3995 1175 4032 eo
1193 3995 1257 4032 vero
1272 3996 1331 4032 non
1350 3975 1473 4047 estquod

231 4065 399 4130 dubitemus,
417 4066 503 4117 multo
520 4064 605 4116 fuisse
618 4063 647 4116 in
660 4070 800 4130 posterum
814 4064 949 4117 mitiorem
963 4066 1134 4119 addictorum
1148 4065 1344 4130 conditionem,
1359 4071 1440 4134 atque
1452 4059 1473 4113 id

231 4166 341 4220 quoque
358 4165 408 4216 pro
433 4154 507 4201 certo
530 4151 664 4202 affirmare
682 4150 783 4214 ausim,
801 4151 860 4217 lege
877 4149 1000 4204 Poetelia
1023 4156 1071 4203 ant
1088 4151 1220 4204 sancitum
1245 4165 1322 4214 esse,
1342 4156 1392 4202 aut
1414 4153 1473 4200 certe

230 4242 294 4301 post
311 4249 369 4287 eam
381 4235 444 4301 jure
461 4233 616 4298 invaluisse,
634 4238 665 4287 ut
682 4236 842 4303 plerumque
859 4235 1015 4301 creditores,
1028 4237 1104 4288 nuile
1115 4240 1272 4302 exspectata
1286 4233 1422 4287 debitoris
1434 4231 1473 4282 ad·

231 4317 356 4381 dictione,
376 4319 409 4371 ad
426 4318 507 4385 hujus
522 4317 692 4384 pervenirent
709 4319 842 4373 bonorum
860 4318 1061 4386 possessionem
1079 4326 1106 4373 et
1122 4320 1317 4374 venditionem.
1332 4317 1472 4372 Caesones.

232 4401 348 4468 savigny
363 4403 410 4456 11.
425 4407 507 4468 1187.
524 4419 584 4471 sqq.
602 4401 689 4454 111ίὶ111.
