3056 5154
514 405 570 476 Da
594 407 755 480 lucanus.
1191 413 1263 488 625

33 585 204 670 ecepimus.
226 581 293 647 Sed
316 581 431 666 mirum
453 583 606 666 profecto
623 603 691 646 non
715 593 784 668 est,
806 587 833 650 si
852 585 931 650 illae
948 607 1062 650 omnes
1083 589 1201 653 sensim
1222 593 1263 655 ab

33 717 66 757 su
90 698 307 754 recesserunt.
328 689 439 753 XXV
464 711 552 754 asses
574 699 669 754 erant
689 693 803 775 paullo
826 693 961 758 levioris
982 695 1123 780 injuriae
1145 717 1265 779 poena.

33 798 184 876 tuantilla
199 798 283 860 haec
294 796 417 860 mulcta
432 804 503 859 erat
518 797 695 861 divitibus?
717 801 771 862 An
788 801 1009 884 impediisset,
1035 823 1170 885 quaeso,
1187 804 1263 868 illos

33 912 49 970 b
74 906 258 970 inferendis
276 904 420 988 injuriis?
443 904 504 967 Cui
520 907 670 988 ignotus,
691 927 826 990 quaeso,
842 909 956 991 paullo
980 916 1057 988 ante
1081 910 1114 970 in
1134 931 1264 974 scenam

33 1014 187 1077 reductus
198 1012 319 1075 Lucius
331 1011 501 1087 Veranius,
515 1011 614 1074 homo
635 1005 772 1098 egregie
791 1014 969 1098 improbus,
984 1015 1036 1076 cui
1051 1035 1091 1078 ea
1106 1016 1162 1078 lex
1179 1018 1264 1081 adeo

33 1131 81 1185 rat
101 1118 263 1200 ludibrio,
286 1126 322 1180 ut
344 1119 517 1181 obviorum
539 1141 576 1183 cs
594 1119 703 1204 palma
721 1129 913 1204 percuteret
935 1122 1034 1184 animi
1053 1143 1183 1206 caussa,
1204 1122 1266 1186 ob-

33 1231 83 1290 nis
109 1228 266 1292 continuo
281 1225 390 1288 XXV
413 1225 554 1306 assibus,
580 1247 642 1309 per
661 1249 807 1310 servum,
831 1249 927 1314 quem
948 1230 1089 1311 pecunia
1112 1239 1263 1295 onustum

33 1336 89 1398 leo
122 1355 229 1398 secum
259 1332 542 1396 circumducebat?
569 1332 699 1397 Gellius
724 1336 829 1398 Noctt.
854 1338 923 1396 Art.
945 1335 1018 1398 XX.
1041 1335 1070 1397 1.
1102 1336 1195 1400 Idem
1221 1338 1263 1400 de
1365 1333 1367 1346 '

33 1444 127 1505 ltima
146 1443 242 1525 lege,
263 1460 349 1524 quae
371 1439 450 1502 ossis
474 1439 570 1503 fracti
593 1442 774 1505 vindicavit
795 1441 965 1526 injuriam,
981 1443 1187 1507 sentiendum
1205 1455 1264 1510 est.

33 1552 88 1614 lec
105 1549 285 1612 firstiarium
309 1547 524 1631 supplicium,
547 1569 613 1632 quc
641 1548 824 1612 convicium
852 1569 1050 1634 carmenque
1071 1549 1262 1635 injuriosum

33 1657 233 1720 lciscendum
253 1655 415 1739 putabant
430 1655 637 1731 Decemviri,
652 1655 761 1718 locum
786 1655 924 1740 amplius
946 1655 1070 1719 babere
1088 1659 1265 1724 videbatur

33 1789 41 1828 ι
67 1766 194 1828 civibus
216 1763 391 1844 Romanis,
414 1759 587 1848 postquam
608 1763 665 1825 lex
683 1764 804 1826 Porcia
825 1785 845 1826 a
866 1764 1039 1826 verberum
1062 1764 1263 1850 sustiumque

33 1869 211 1935 antumelia
228 1891 368 1959 corpora
383 1891 494 1933 eorum
513 1880 692 1934 exemerat.
702 1871 859 1955 Denique
877 1878 911 1933 et
927 1870 1009 1934 talio
1025 1869 1072 1933 ita
1087 1883 1159 1935 erat
1173 1894 1265 1936 com-

33 1989 144 2064 arata,
163 1985 200 2040 ut
222 1977 255 2042 in
280 1977 459 2061 irroganda
480 1978 540 2041 illa
558 1999 668 2062 poena
682 1977 817 2042 ¹facilius
842 1986 970 2062 posset,
993 1998 1089 2062 quam
1113 1978 1147 2040 in
1167 1999 1264 2043 exse-

33 2087 160 2168 uenda,
175 2084 406 2170 aequilibrium
423 2083 607 2147 observari:
625 2083 755 2150 Gellius
770 2087 874 2148 Noctt.
890 2085 959 2147 An.
976 2083 1048 2146 XX.
1064 2084 1094 2146 1.

594 2239 624 2320 g.
645 2240 676 2300 s.

369 2347 444 2405 Quae
464 2347 583 2398 Praetor
600 2346 722 2398 statuerit
741 2345 773 2396 de
790 2345 913 2415 injurata?

94 2446 193 2511 Unde
210 2446 252 2511 de
269 2445 483 2510 emendandis
498 2446 728 2532 mutandisque
745 2444 814 2507 istis
827 2443 958 2530 legibus
974 2467 1041 2508 non
1058 2445 1158 2508 semel
1172 2445 1266 2530 cogi-

33 2565 114 2620 rtum
129 2555 242 2618 est.·Et
254 2555 359 2636 primo
369 2553 501 2640 quidem
510 2554 660 2634 Praetor,
670 2561 755 2616 teste
766 2551 925 2615 Labeone
937 2551 1025 2636 apud
1039 2553 1183 2616 Gellium
1193 2555 1265 2618 rard.

33 2668 52 2726 b
67 2664 230 2745 insignem
244 2661 320 2723 illus
332 2661 466 2725 Veracii
485 2661 701 2744 petulantiam
712 2660 872 2725 leviorem
880 2659 954 2723 XII
964 2659 1166 2724 Tabularum
1182 2684 1267 2745 poe-

33 2795 85 2835 am
97 2770 255 2850 abolevit,
265 2777 299 2832 et
311 2769 573 2832 aestimationem
584 2766 724 2851 injuriae
736 2751 866 2830 induxit
876 2767 986 2830 edicto
998 2788 1068 2832 suc.
1080 2770 1265 2850 Propterea,

33 2879 132 2963 iquit,
144 2879 311 2938 Praetores
320 2885 433 2958 postea
443 2877 525 2935 bano
533 2893 667 2955 pueram
678 2877 860 2945 abolescere,
873 2881 903 2934 et
918 2877 1053 2956 relinqui
1065 2885 1266 2948 senescerent,
1360 2939 1363 2946 ,

33 2989 200 3068 [turrisque
220 3001 465 3044 Ansrrnnrvnrs
494 2990 733 3061 recuperatores
759 3001 792 3042 ee
816 2981 946 3042 daturos
970 2983 1146 3044 edicerent.
1173 2982 1266 3067 (Gaj.

33 3093 75 3155 [1.
92 3071 180 3170 224.)
206 3091 251 3151 Et
267 3089 350 3152 haec
370 3096 420 3151 est
436 3088 575 3151 actionis
595 3086 839 3152 aestimatoriae
861 3086 968 3170 origo,
984 3108 1079 3171 quam
1096 3089 1265 3152 Praetoris

33 3199 197 3262 rrisdictio
214 3185 350 3260 invexit.
373 3195 535 3259 Edixerat
549 3196 706 3258 Praetor:
721 3211 780 3270 Qur
798 3211 878 3256 narr
894 3210 1114 3272 maurilanem,
1129 3211 1266 3258 aaaron

33 3324 130 3385 rear,
152 3319 234 3380 curu
253 3319 463 3366 menusanum
480 3318 616 3366 sacrun
635 3320 705 3368 srr:
721 3303 759 3362 L.
770 3302 800 3362 7.
810 3304 912 3384 princ.
924 3300 965 3361 11.
978 3301 1007 3360 n.
1022 3308 1043 3359 t.
1065 3301 1190 3384 injuria
1206 3302 1269 3363 sci-

33 3422 95 3478 cet
110 3411 166 3476 vel
178 3412 311 3472 verbalis
328 3416 408 3489 erat,
424 3407 479 3472 vel
494 3413 599 3482 realis,
616 3409 657 3474 ad
674 3430 809 3493 quarum
826 3408 915 3470 illam
933 3414 968 3470 et
982 3411 1109 3487 ernisto,
1126 3405 1168 3469 ad
1182 3406 1268 3469 hanc

33 3529 97 3584 ’cta
114 3539 247 3604 quoque
264 3517 383 3602 injuria
397 3517 514 3580 referri
530 3525 650 3600 potest.
678 3518 818 3579 Verbalis
835 3524 915 3598 erat,
932 3535 1017 3598 quae
1032 3513 1135 3578 fiebat
1154 3516 1269 3580 convi-

36 3652 78 3710 0,
96 3626 253 3709 omnique
270 3625 360 3688 dicto
382 3633 498 3688 contra
518 3627 623 3688 bonos
640 3645 746 3686 mores
765 3625 799 3686 in
820 3623 954 3687 alterius
973 3620 1130 3685 invidiam
1146 3643 1269 3706 sparso.
1337 3615 1340 3626 '

35 3736 142 3804 ealce,
157 3733 184 3794 si
200 3733 272 3816 quis
288 3733 498 3815 verberibus,
516 3731 572 3795 vel
588 3730 655 3794 alic
672 3731 788 3816 quovis
808 3731 908 3814 iacto,
924 3728 979 3794 vel
1000 3737 1110 3814 gestu,
1129 3729 1267 3813 indigne

33 3851 102 3906 sset
118 3836 283 3921 adfectus,
303 3839 329 3902 si
345 3841 434 3923 cujus
449 3840 538 3902 bona
555 3848 719 3923 tamquam
736 3837 896 3902 debitoris
916 3849 1025 3901 essent
1040 3849 1198 3922 possessa,
1211 3835 1268 3922 qui

37 3949 97 4012 hil
121 3946 288 4030 debebat,
313 3947 340 4010 si
364 3949 435 4038 quis
464 3965 569 4030 puero
593 3953 804 4031 praetextato
827 3951 1100 4028 praetextataeve
1122 3943 1268 4027 puellae,

33 4057 162 4122 »ducto
186 4055 325 4136 comite,
351 4055 407 4118 vel
429 4060 603 4136 corrupto,
626 4061 770 4138 stuprum
795 4053 1007 4136 persuasisset
1021 4052 1065 4132 i),
1088 4048 1208 4133 siquis
1234 4049 1268 4111 in

82 4245 108 4312 i)
131 4245 184 4296 Est
201 4245 253 4297 hcc
279 4246 435 4310 exemplum
451 4244 473 4310 ξ.
493 4248 516 4296 l.
534 4243 600 4296 Inst.
619 4242 645 4294 lc.
656 4250 678 4308 t.
703 4243 833 4296 Sciebant
854 4237 1016 4309 praetextati
1041 4242 1068 4289 et
1085 4241 1270 4302 praetextatae

33 4329 127 4385 maisi
145 4345 208 4387 cum
227 4329 325 4382 comite
343 4330 386 4382 vel
409 4328 522 4381 custcde
545 4326 655 4392 prodire
673 4327 700 4379 in
727 4328 881 4394 publicum,
900 4332 931 4378 ut
952 4322 1003 4376 tuti
1027 4328 1118 4374 essent
1140 4322 1270 4374 adversus

33 4431 125 4470 orum
151 4412 281 4480 insidias,
300 4414 347 4483 qni
370 4413 470 4481 pudori
497 4413 605 4466 illorum
632 4413 759 4465 volebant
782 4411 912 4464 illudere:
931 4406 1111 4463 casaubonus
1130 4407 1165 4456 cd
1182 4406 1274 4457 Persii

33 4502 97 4553 retr.
129 4499 155 4551 V.
174 4517 198 4549 o.
217 4501 260 4550 30.
284 4499 345 4552 Hos
363 4499 490 4552 custodes
508 4496 639 4564 impudici
656 4500 700 4550 vel
717 4497 759 4561 vi,
777 4498 820 4548 vel
838 4495 952 4562 pecunia
970 4492 1145 4556 amovebant,
1164 4493 1191 4542 et
1207 4496 1272 4542 tunc
1375 4539 1378 4550 χ

33 4585 180 4639 :ebantur
197 4583 347 4637 abduxisse
368 4583 495 4637 comites:
513 4583 648 4650 Ulpianus
665 4583 698 4635 L.
718 4585 759 4634 15.
777 4580 798 4648 ξ.
817 4585 858 4634 17.
877 4583 918 4632 18.
938 4579 972 4632 D.
991 4579 1016 4632 d.
1035 4587 1052 4630 t.
1071 4575 1149 4628 Heio.
