3130 5148
428 393 615 478 Errcnrsra,
641 392 751 475 Quam
776 391 892 460 Ornat
917 401 982 460 etc.
1268 413 1341 466 xlx

82 587 160 654 quae
194 549 295 632 totae
324 567 474 652 pendent
501 587 544 629 ex
572 556 729 630 adcurate
758 567 964 651 antiquitatis
993 567 1201 652 cognitione,
1229 579 1340 654 neque

81 677 211 739 omnino
228 697 249 738 a
264 674 517 738 Jurisconsultis
540 672 664 738 debent
687 675 850 757 ignorari,
866 675 971 739 veluti
993 675 1060 739 loci
1082 676 1123 739 de
1146 675 1283 762 ingenio
1306 684 1341 740 et

79 782 221 845 moribus
238 782 377 867 populi,
394 783 436 845 de
459 781 704 865 magistratibus
723 789 756 844 et
773 783 997 846 sacerdotibus
1019 785 1166 869 singulis,
1184 783 1226 846 de
1242 784 1341 848 disci-

79 890 167 975 plina
183 890 333 973 publica,
357 888 400 952 de
418 891 598 973 pecuniae,
622 909 842 952 mensurarum
863 901 897 954 et
918 891 1102 976 ponderum
1123 892 1274 972 ratione,
1297 892 1339 956 de

78 1018 113 1060 re
127 997 260 1080 agraria
278 1004 314 1059 et
335 998 475 1080 rustica,
497 997 540 1060 de
562 996 692 1081 reliqua
706 1017 743 1060 re
759 999 984 1082 quaestuaria,
1002 999 1044 1062 de
1065 999 1162 1062 variis
1179 999 1340 1063 artificum

79 1114 177 1188 atque
196 1105 355 1187 opificum
378 1105 550 1190 collegiis,
565 1105 608 1168 de
630 1105 799 1168 nominum
823 1106 1079 1188 consuetudine,
1095 1107 1137 1170 de
1159 1107 1208 1169 rei
1224 1106 1340 1170 dome-

78 1211 179 1274 sticae
202 1211 508 1295 administratione,
532 1220 566 1275 et
586 1233 671 1297 qnae
694 1221 769 1275 sunt
791 1211 857 1275 alia
879 1213 1025 1296 ejusdem
1047 1215 1179 1298 generis
1202 1215 1339 1278 infinita.

80 1319 200 1404 Neque
220 1329 334 1382 tamen
357 1321 391 1382 in
407 1339 449 1382 eo
473 1321 645 1404 adquievit
659 1321 815 1384 Auctoris
837 1319 1024 1405 diligentia,
1042 1331 1078 1386 ut
1094 1343 1137 1386 ex
1160 1322 1341 1407 antiquita·

79 1427 165 1490 tibus
184 1425 277 1507 solis,
300 1427 394 1510 quasi
411 1448 454 1491 ex
469 1427 656 1492 adventitio
672 1429 902 1510 instrumento,
923 1427 1104 1492 illustraret
1127 1429 1273 1513 singulos
1284 1431 1340 1516 ju-

77 1535 120 1597 ris
135 1521 308 1614 articulos,
326 1534 386 1596 sed
406 1535 505 1598 etiam
521 1516 712 1599 eorumdem
729 1536 890 1620 originem
910 1536 1012 1621 ipsam
1036 1547 1069 1600 et
1086 1535 1339 1619 vicissitudines,

79 1642 211 1726 quoties
233 1661 296 1725 pro
311 1643 496 1726 argumenti
517 1651 635 1706 natura
650 1651 685 1707 et
700 1653 985 1707 monumentorum
998 1645 1207 1728 superstitum
1224 1643 1340 1706 condi-

78 1752 183 1830 tione,
199 1757 270 1812 tum
286 1769 368 1812 vero
385 1751 483 1814 etiam
499 1771 562 1835 pro
575 1751 823 1815 Institutionum
836 1751 1116 1816 Justinianeamm
1134 1750 1302 1830 methodo,
1319 1770 1340 1816 a

79 1879 145 1942 qua
166 1875 281 1940 neque
301 1855 357 1920 liic
377 1855 492 1920 divelli
518 1881 552 1922 se
574 1881 686 1943 passus
713 1867 763 1924 est
778 1861 827 1939 *),
849 1858 959 1942 licuit,
982 1858 1216 1945 investigavit:
1237 1859 1338 1941 unde,

79 1988 122 2030 cx
138 1985 206 2051 quo
230 1966 296 2027 hoc
313 1963 494 2030 studiorum
517 1987 621 2050 genus
637 1967 764 2051 optimo
789 1987 937 2031 successu
958 1969 1070 2052 coepit
1092 1989 1165 2032 cum
1189 1975 1338 2049 externa,

79 2093 178 2158 quam
208 2080 352 2154 vocant,
374 2071 457 2158 juris
478 2073 622 2138 Romani
647 2073 786 2138 historia
807 2075 984 2161 conjungi,
1009 2097 1028 2140 a
1051 2075 1340 2159 praestantissimis

80 2182 268 2266 quibusque
292 2180 487 2244 recentioris
515 2181 609 2266 hujus
632 2182 796 2246 formulae
826 2183 1033 2264 auctoribus,
1057 2189 1091 2246 et
1117 2185 1253 2265 liugane
1270 2201 1340 2244 ma-

79 2290 167 2353 xime
187 2290 269 2373 **),
293 2288 440 2373 ejusdem
467 2293 701 2374 antesignano,
729 2288 817 2352 liber
836 2289 1082 2354 Heineccianus
1107 2297 1144 2352 ut
1171 2289 1205 2351 in
1228 2288 1340 2371 primis

80 2398 266 2461 fructuosus
283 2395 326 2459 ad
343 2395 504 2460 internam
517 2397 601 2482 juris
617 2397 724 2461 civilis
738 2396 908 2461 historiam
927 2397 1060 2462 uberius
1075 2395 1340 2482 cognoscendam

81 2506 186 2568 suevit
201 2502 430 2568 commendari
443 2506 534 2586 m).

162 2613 331 2677 Fontibus
352 2611 553 2675 Heineccius
574 2631 649 2675 usus
671 2620 720 2675 cst
742 2612 799 2694 iis,
825 2613 882 2697 qui
903 2633 963 2676 suo
985 2619 1136 2696 tempore
1159 2617 1341 2694 exstarent,

82 2721 158 2784 satis
174 2720 379 2804 diligenter,
402 2719 461 2783 sed
475 2719 542 2802 ita,
565 2726 602 2782 ut
619 2741 718 2805 quum
740 2739 801 2803 pro
817 2741 908 2784 more
932 2721 1007 2785 aevi
1023 2721 1072 2786 sui
1095 2719 1284 2803 antiquiora
1305 2725 1341 2782 et

150 2949 182 3016 ⁸)
204 2949 281 3003 Hine
295 2965 323 3005 v.
342 2966 365 3002 c.
383 2949 418 3001 de
436 2946 664 3015 adpellationibus
682 2951 718 3002 ad
731 2949 781 3004 tv.
796 2955 821 3014 7,
842 2951 882 3002 13.
894 2949 961 3003 nihii
979 2949 1068 3003 dicere
1086 2949 1186 3014 voluit,
1205 2949 1280 3018 qnod
1295 2951 1340 3002 ln·

83 3035 240 3088 stitutioncs
262 3034 367 3088 nullam
391 3049 485 3088 earum
508 3035 673 3088 mentionem
698 3034 833 3088 fecissent
867 3035 972 3101 Magna
999 3036 1130 3087 hactenns
1161 3035 1339 3086 Heinecciano

85 3119 153 3174 libro
177 3117 326 3174 intercedit
347 3116 499 3170 similitudo
522 3136 586 3172 cum
610 3120 657 3172 Eo.
679 3119 782 3172 ottonis
803 3120 997 3174 Commentario
1014 3119 1050 3172 ad
1071 3119 1264 3178 Institutioner,
1289 3117 1338 3186 qul

84 3207 145 3260 vivo
170 3205 315 3268 Heineoeio
340 3203 459 3269 primum
477 3206 565 3258 lucem
597 3205 724 3271 adspexit
753 3205 827 3276 Traj.
849 3206 886 3258 ad
911 3203 966 3256 Rb.
991 3207 1066 3257 1729.
1088 3207 1114 3255 4.
1136 3203 1267 3269 repetitus
1290 3219 1340 3269 po·

84 3297 140 3342 stea
159 3289 225 3360 Frf.
243 3297 269 3340 et
287 3287 360 3356 Lipr.
380 3293 455 3342 1743.
474 3293 498 3342 4.
517 3306 567 3342 neo
585 3305 640 3346 non
652 3289 740 3342 Baril.
761 3295 835 3344 1760.
854 3293 878 3342 4.
898 3287 1000 3357 quique
1018 3293 1045 3340 et
1062 3286 1122 3353 ipse
1135 3287 1207 3354 juris
1221 3285 1340 3340 Romani

84 3374 203 3441 origines
218 3379 251 3430 et
269 3387 432 3442 progressus
450 3374 485 3426 ad
504 3373 602 3426 seriem
617 3373 823 3428 Institutionum
841 3372 984 3439 diligenter
1001 3377 1102 3426 enotat.
1128 3371 1232 3425 Neuter
1250 3376 1340 3425 tamon

85 3457 218 3524 scriptor,
237 3459 313 3525 quod
331 3458 429 3520 sciam,
447 3459 538 3526 operis
556 3461 668 3514 alterius
686 3459 714 3512 in
732 3474 785 3511 suo
802 3457 935 3512 rationem
953 3459 1056 3512 habuit

135 3541 186 3610 ”)
208 3542 350 3598 Lebrbuclt
370 3545 418 3596 dar
439 3543 593 3598 Gsscbicbte
615 3544 661 3598 der
679 3542 841 3598 Rimircben
858 3543 960 3596 Rscbtr
978 3541 1017 3598 bis
1035 3541 1091 3611 aas
1101 3540 1237 3594 Jurtinian
1252 3557 1281 3610 p.
1298 3543 1341 3596 at.

85 3647 122 3697 sq.
141 3629 198 3694 (eci.
221 3627 292 3696 XI.)

118 3709 187 3780 m)
209 3711 272 3765 Alia
289 3713 411 3765 virorum
431 3713 573 3765 doctorum
600 3713 634 3765 de
651 3713 721 3769 libro
739 3719 835 3768 nostro
849 3711 968 3780 judicia,
982 3717 1026 3764 tut
1043 3709 1252 3765 commentarios
1271 3707 1341 3761 litte-

87 3798 172 3851 rarior
184 3815 260 3850 nunc
272 3804 391 3861 taceam,
410 3797 529 3862 reperias
547 3797 575 3849 in
590 3796 634 3849 Jo.
654 3799 723 3868 Any.
744 3798 853 3852 Ernesti
870 3799 949 3851 Prot.
965 3813 1017 3867 qua
1030 3797 1239 3854 demonstratur,
1257 3795 1342 3862 majus

86 3885 228 3954 suamque
246 3900 302 3936 erre
321 3884 416 3936 latinos
429 3889 550 3934 auctores
566 3881 727 3951 intelligere,
742 3899 821 3951 qnam
834 3881 1010 3950 probabiliter
1027 3881 1107 3933 latine
1120 3878 1236 3933 scribare
1253 3878 1341 3946 (Lipr.

90 3973 165 4022 1788.
180 3967 242 4034 4.),·
260 3966 373 4036 Oputcc.
391 3967 460 4018 aurii
475 3967 626 4035 argumenti
641 3967 729 4036 (Lipr.
750 3971 824 4022 1794.
842 3969 882 4037 8.)
898 3985 928 4038 p.
947 3969 1007 4020 ³21.
1025 3965 1054 4018 in
1072 3966 1116 4018 Jo.
1136 3965 1221 4016 Henr.
1244 3960 1341 4014 Curua

87 4055 119 4105 de
140 4053 262 4108 Selcboar
277 4051 383 4120 'Prarffi
405 4051 515 4119 praem.‘
534 4051 677 4106 Elementis
693 4053 886 4122 Antiquitatum
899 4053 975 4122 juria
994 4049 1112 4103 Romani
1125 4047 1226 4118 publici
1243 4054 1268 4097 rt
1281 4045 1341 4114 pri·

88 4139 140 4189 sati
159 4139 250 4203 (Gott.
267 4139 342 4190 1767.
355 4136 395 4203 8.)
415 4140 443 4186 et
460 4136 574 4202 repetita
591 4136 620 4188 in
638 4137 680 4190 ed.
695 4139 791 4202 altera,
810 4153 880 4205 quae
891 4137 995 4203 prodiit
1004 4135 1040 4189 ib.
1057 4137 1131 4188 1778.
1146 4137 1171 4185 8.
1191 4129 1242 4182 sub
1260 4131 1340 4183 titulo

89 4222 287 4274 Elementorum
303 4222 381 4292 juris
405 4221 641 4290 Antejurtiniansi3
667 4220 695 4273 in
722 4223 784 4274 Car.
812 4222 894 4275 Fsrd.
920 4219 1064 4273 Hommslii
1086 4217 1252 4269 Littrrotara
1265 4216 1342 4284 juris

89 4307 144 4362 bib.
162 4308 186 4360 L
205 4327 227 4361 e.
246 4313 272 4360 2.
286 4309 317 4375 p.
335 4309 379 4360 49.
398 4306 496 4375 tq.'rd.
515 4306 539 4359 Ι.
561 4307 647 4374 (Lipr.
669 4311 745 4360 1761.
763 4307 804 4373 8.)
829 4310 856 4358 et
873 4306 931 4360 Lib.
950 4307 973 4358 I.
992 4323 1013 4357 c.
1031 4307 1056 4355 3.
1078 4317 1106 4368 p.
1124 4303 1166 4352 44.
1185 4317 1223 4369 tq.
1241 4301 1281 4353 ed.
1299 4300 1340 4353 ΙΙ.

92 4393 138 4458 (ib.
159 4397 231 4447 1779.
250 4393 292 4460 8.)
314 4391 342 4444 in
362 4391 478 4444 Millelot
499 4391 648 4459 RrJlerionr
672 4409 719 4444 sur
742 4391 953 4460 l’snrripnement
977 4389 1012 4440 du
1037 4386 1124 4444 droit:
1151 4383 1288 4451 (Tltt‘mit,
1308 4401 1341 4436 ⁰²⁴

90 4475 272 4548 Bibliotbiqar
290 4478 327 4528 du
345 4477 539 4529 Jurisconsultr
566 4474 596 4527 Τ.
622 4477 680 4530 ΙΙΙ.
705 4477 805 4544 (Parit
826 4481 901 4529 1821.
918 4477 958 4540 8.)
981 4489 1008 4539 p.
1030 4471 1086 4532 82.)
1114 4476 1141 4520 ct
1159 4469 1186 4521 in
1206 4469 1239 4522 Ν.
1258 4467 1341 4520 Falsis

9 4623 11 4638 ᾗ
90 4561 242 4616 Jurirtircbe
257 4560 454 4632 Euryclopiidic
474 4562 554 4629 (Kiei
570 4565 644 4615 1821.
664 4562 704 4629 8.)
724 4563 745 4630 5.
767 4563 823 4615 141.
843 4569 904 4613 nota
921 4563 945 4611 9.
962 4545 1070 4625 11283.
1087 4555 1114 4607 in
1134 4551 1234 4620 quibus
1252 4557 1341 4604 tameo

1110 4647 1147 4682 41*
