<?xml version="1.0" encoding="UTF-8"?>
<!DOCTYPE html PUBLIC "-//W3C//DTD XHTML 1.0 Transitional//EN"
    "http://www.w3.org/TR/xhtml1/DTD/xhtml1-transitional.dtd">
<html xmlns="http://www.w3.org/1999/xhtml" xml:lang="en" lang="en">
 <head>
  <title>
</title>
<meta http-equiv="Content-Type" content="text/html;charset=utf-8" />
  <meta name='ocr-system' content='tesseract 3.04.00' />
  <meta name='ocr-capabilities' content='ocr_page ocr_carea ocr_par ocr_line ocrx_word'/>
</head>
<body>
  <div class='ocr_page' id='page_1' title='image "./jogottliebheine00haubgoog_0272.png"; bbox 0 0 3062 5156; ppageno 0'>
   <div class='ocr_carea' id='block_1_1' title="bbox 387 355 1294 447">
    <p class='ocr_par' dir='ltr' id='par_1_1' title="bbox 387 355 1294 447">
     <span class='ocr_line' id='line_1_1' title="bbox 387 355 1294 447; baseline 0.02 -23"><span class='ocrx_word' id='word_1_1' title='bbox 387 357 441 424; x_wconf 83' lang='lat' dir='ltr'>De</span> <span class='ocrx_word' id='word_1_2' title='bbox 466 357 573 440; x_wconf 75' lang='lat' dir='ltr'>duna</span> <span class='ocrx_word' id='word_1_3' title='bbox 589 357 729 442; x_wconf 80' lang='lat' dir='ltr'>Quium.</span> <span class='ocrx_word' id='word_1_4' title='bbox 754 361 809 430; x_wconf 85' lang='lat' dir='ltr'>Er</span> <span class='ocrx_word' id='word_1_5' title='bbox 833 355 944 432; x_wconf 73' lang='lat' dir='ltr'>Caum.</span> <span class='ocrx_word' id='word_1_6' title='bbox 1225 377 1294 447; x_wconf 76' lang='lat'>231</span> 
     </span>
    </p>
   </div>
   <div class='ocr_carea' id='block_1_2' title="bbox 50 523 1298 730">
    <p class='ocr_par' dir='ltr' id='par_1_2' title="bbox 50 523 1298 730">
     <span class='ocr_line' id='line_1_2' title="bbox 50 523 1298 628; baseline 0.011 -30"><span class='ocrx_word' id='word_1_7' title='bbox 50 535 120 619; x_wconf 84' lang='lat' dir='ltr'>gula</span> <span class='ocrx_word' id='word_1_8' title='bbox 147 534 316 598; x_wconf 79' lang='lat' dir='ltr'>civitatens</span> <span class='ocrx_word' id='word_1_9' title='bbox 341 523 534 618; x_wconf 79' lang='lat' dir='ltr'>quibusdam</span> <span class='ocrx_word' id='word_1_10' title='bbox 563 531 744 618; x_wconf 85' lang='lat' dir='ltr'>dederuut,</span> <span class='ocrx_word' id='word_1_11' title='bbox 769 546 804 602; x_wconf 81' lang='lat' dir='ltr'>u‘t</span> <span class='ocrx_word' id='word_1_12' title='bbox 824 557 867 602; x_wconf 86' lang='lat' dir='ltr'>ex</span> <span class='ocrx_word' id='word_1_13' title='bbox 890 539 995 606; x_wconf 80' lang='lat' dir='ltr'>numia</span> <span class='ocrx_word' id='word_1_14' title='bbox 1019 547 1054 606; x_wconf 88' lang='lat' dir='ltr'>et</span> <span class='ocrx_word' id='word_1_15' title='bbox 1074 541 1298 628; x_wconf 82' lang='lat' dir='ltr'>inscriptioni·-</span> 
     </span>
     <span class='ocr_line' id='line_1_3' title="bbox 50 639 657 730; baseline 0.002 -26"><span class='ocrx_word' id='word_1_16' title='bbox 50 643 101 704; x_wconf 92' lang='lat' dir='ltr'>bus</span> <span class='ocrx_word' id='word_1_17' title='bbox 115 641 203 704; x_wconf 87' lang='lat' dir='ltr'>idem</span> <span class='ocrx_word' id='word_1_18' title='bbox 224 640 339 704; x_wconf 91' lang='lat' dir='ltr'>docuit</span> <span class='ocrx_word' id='word_1_19' title='bbox 353 641 414 730; x_wconf 72' lang='grc' dir='ltr'><strong>ΕΖ.</strong></span> <span class='ocrx_word' id='word_1_20' title='bbox 431 639 657 724; x_wconf 89' lang='lat' dir='ltr'>Spanhemius.</span> 
     </span>
    </p>
   </div>
   <div class='ocr_carea' id='block_1_3' title="bbox 50 793 1384 2280">
    <p class='ocr_par' dir='ltr' id='par_1_3' title="bbox 444 793 893 964">
     <span class='ocr_line' id='line_1_4' title="bbox 620 793 722 874; baseline 0.02 -18"><span class='ocrx_word' id='word_1_21' title='bbox 620 795 648 874; x_wconf 84' lang='lat'>§.</span> <span class='ocrx_word' id='word_1_22' title='bbox 670 793 722 858; x_wconf 83' lang='lat'>13.</span> 
     </span>
     <span class='ocr_line' id='line_1_5' title="bbox 444 907 893 964; baseline 0.011 -4"><span class='ocrx_word' id='word_1_23' title='bbox 444 907 596 962; x_wconf 76' lang='lat' dir='ltr'>liberalior</span> <span class='ocrx_word' id='word_1_24' title='bbox 615 927 646 962; x_wconf 80' lang='lat' dir='ltr'>su</span> <span class='ocrx_word' id='word_1_25' title='bbox 663 911 698 962; x_wconf 69' lang='grc' dir='ltr'>ἐπ’</span> <span class='ocrx_word' id='word_1_26' title='bbox 708 929 739 962; x_wconf 76' lang='lat' dir='ltr'>re</span> <span class='ocrx_word' id='word_1_27' title='bbox 760 909 893 964; x_wconf 72' lang='lat' dir='ltr'>Claudius.</span> 
     </span>
    </p>

    <p class='ocr_par' dir='ltr' id='par_1_4' title="bbox 50 1006 1384 2280">
     <span class='ocr_line' id='line_1_6' title="bbox 136 1006 1295 1102; baseline 0.014 -33"><span class='ocrx_word' id='word_1_28' title='bbox 136 1006 298 1070; x_wconf 88' lang='lat' dir='ltr'>Claudius</span> <span class='ocrx_word' id='word_1_29' title='bbox 313 1007 498 1090; x_wconf 81' lang='lat' dir='ltr'>Imperator</span> <span class='ocrx_word' id='word_1_30' title='bbox 517 1010 610 1072; x_wconf 83' lang='lat' dir='ltr'>varie</span> <span class='ocrx_word' id='word_1_31' title='bbox 633 1011 785 1094; x_wconf 77' lang='lat' dir='ltr'>sogessit</span> <span class='ocrx_word' id='word_1_32' title='bbox 807 1013 840 1074; x_wconf 93' lang='lat' dir='ltr'>in</span> <span class='ocrx_word' id='word_1_33' title='bbox 863 1014 1077 1081; x_wconf 90' lang='lat' dir='ltr'>concedenda</span> <span class='ocrx_word' id='word_1_34' title='bbox 1099 1019 1295 1102; x_wconf 84' lang='lat' dir='ltr'>negandave</span> 
     </span>
     <span class='ocr_line' id='line_1_7' title="bbox 52 1114 1297 1213; baseline 0.011 -35"><span class='ocrx_word' id='word_1_35' title='bbox 52 1116 183 1178; x_wconf 87' lang='lat' dir='ltr'>civitate.</span> <span class='ocrx_word' id='word_1_36' title='bbox 210 1114 378 1192; x_wconf 83' lang='lat' dir='ltr'>Quosdam</span> <span class='ocrx_word' id='word_1_37' title='bbox 395 1117 563 1180; x_wconf 89' lang='lat' dir='ltr'>civitatem</span> <span class='ocrx_word' id='word_1_38' title='bbox 584 1114 766 1182; x_wconf 82' lang='lat' dir='ltr'>Romanam</span> <span class='ocrx_word' id='word_1_39' title='bbox 783 1131 975 1204; x_wconf 81' lang='lat' dir='ltr'><strong>usurpantes</strong></span> <span class='ocrx_word' id='word_1_40' title='bbox 996 1126 1029 1188; x_wconf 89' lang='lat' dir='ltr'>in</span> <span class='ocrx_word' id='word_1_41' title='bbox 1044 1147 1160 1210; x_wconf 90' lang='lat' dir='ltr'>campo</span> <span class='ocrx_word' id='word_1_42' title='bbox 1175 1127 1297 1213; x_wconf 91' lang='lat' dir='ltr'>Esqui-</span> 
     </span>
     <span class='ocr_line' id='line_1_8' title="bbox 50 1223 1297 1317; baseline 0.011 -32"><span class='ocrx_word' id='word_1_43' title='bbox 50 1223 108 1286; x_wconf 88' lang='lat' dir='ltr'>lino</span> <span class='ocrx_word' id='word_1_44' title='bbox 125 1223 234 1285; x_wconf 89' lang='lat' dir='ltr'>securi</span> <span class='ocrx_word' id='word_1_45' title='bbox 252 1224 431 1317; x_wconf 17' lang='lat' dir='ltr'>persuasitas</span> <span class='ocrx_word' id='word_1_46' title='bbox 451 1224 543 1288; x_wconf 89' lang='lat' dir='ltr'>Suet.</span> <span class='ocrx_word' id='word_1_47' title='bbox 562 1227 672 1286; x_wconf 76' lang='lat' dir='ltr'>Claud.</span> <span class='ocrx_word' id='word_1_48' title='bbox 687 1247 713 1287; x_wconf 87' lang='lat' dir='ltr'>c.</span> <span class='ocrx_word' id='word_1_49' title='bbox 728 1225 778 1288; x_wconf 80' lang='grc'>25.</span> <span class='ocrx_word' id='word_1_50' title='bbox 805 1226 899 1290; x_wconf 87' lang='lat' dir='ltr'><strong>Idem</strong></span> <span class='ocrx_word' id='word_1_51' title='bbox 920 1239 1030 1294; x_wconf 88' lang='lat' dir='ltr'>tamen</span> <span class='ocrx_word' id='word_1_52' title='bbox 1046 1233 1172 1296; x_wconf 88' lang='lat' dir='ltr'>Latinis</span> <span class='ocrx_word' id='word_1_53' title='bbox 1194 1256 1297 1298; x_wconf 88' lang='lat' dir='ltr'>naves</span> 
     </span>
     <span class='ocr_line' id='line_1_9' title="bbox 51 1331 1384 1416; baseline 0.009 -24"><span class='ocrx_word' id='word_1_54' title='bbox 51 1339 245 1393; x_wconf 73' lang='lat' dir='ltr'>mercaturae</span> <span class='ocrx_word' id='word_1_55' title='bbox 270 1351 383 1394; x_wconf 87' lang='lat' dir='ltr'>caussa</span> <span class='ocrx_word' id='word_1_56' title='bbox 403 1331 641 1395; x_wconf 80' lang='lat' dir='ltr'>fabricantibus</span> <span class='ocrx_word' id='word_1_57' title='bbox 660 1333 715 1416; x_wconf 88' lang='lat' dir='ltr'>jus</span> <span class='ocrx_word' id='word_1_58' title='bbox 735 1333 912 1411; x_wconf 86' lang='lat' dir='ltr'>Quiritium</span> <span class='ocrx_word' id='word_1_59' title='bbox 936 1337 1045 1402; x_wconf 88' lang='lat' dir='ltr'>dedit:</span> <span class='ocrx_word' id='word_1_60' title='bbox 1069 1339 1160 1402; x_wconf 91' lang='lat' dir='ltr'>Suet.</span> <span class='ocrx_word' id='word_1_61' title='bbox 1178 1343 1248 1402; x_wconf 78' lang='lat' dir='ltr'>thid.</span> <span class='ocrx_word' id='word_1_62' title='bbox 1269 1365 1294 1404; x_wconf 82' lang='lat' dir='ltr'>e.</span> <span class='ocrx_word' id='word_1_63' title='bbox 1381 1389 1384 1392; x_wconf 87' lang='lat'>-</span> 
     </span>
     <span class='ocr_line' id='line_1_10' title="bbox 51 1437 1295 1522; baseline 0.009 -22"><span class='ocrx_word' id='word_1_64' title='bbox 51 1439 92 1500; x_wconf 83' lang='lat'>18.</span> <span class='ocrx_word' id='word_1_65' title='bbox 104 1437 151 1499; x_wconf 90' lang='grc'>19.</span> <span class='ocrx_word' id='word_1_66' title='bbox 166 1438 306 1521; x_wconf 90' lang='lat' dir='ltr'>Ulpian.</span> <span class='ocrx_word' id='word_1_67' title='bbox 323 1441 452 1522; x_wconf 68' lang='lat' dir='ltr'>naga.</span> <span class='ocrx_word' id='word_1_68' title='bbox 468 1441 528 1502; x_wconf 88' lang='lat' dir='ltr'>III.</span> <span class='ocrx_word' id='word_1_69' title='bbox 545 1439 574 1500; x_wconf 94' lang='lat'>1.</span> <span class='ocrx_word' id='word_1_70' title='bbox 596 1449 630 1502; x_wconf 90' lang='lat' dir='ltr'>et</span> <span class='ocrx_word' id='word_1_71' title='bbox 648 1440 677 1502; x_wconf 88' lang='lat'>6.</span> <span class='ocrx_word' id='word_1_72' title='bbox 703 1440 792 1517; x_wconf 87' lang='lat' dir='ltr'>Quin</span> <span class='ocrx_word' id='word_1_73' title='bbox 809 1465 875 1506; x_wconf 95' lang='lat' dir='ltr'>non</span> <span class='ocrx_word' id='word_1_74' title='bbox 900 1445 1003 1507; x_wconf 86' lang='lat' dir='ltr'>solum</span> <span class='ocrx_word' id='word_1_75' title='bbox 1021 1445 1154 1509; x_wconf 87' lang='lat' dir='ltr'>Galliae</span> <span class='ocrx_word' id='word_1_76' title='bbox 1174 1447 1295 1512; x_wconf 87' lang='lat' dir='ltr'>Corna-</span> 
     </span>
     <span class='ocr_line' id='line_1_11' title="bbox 51 1545 1296 1637; baseline 0.006 -27"><span class='ocrx_word' id='word_1_77' title='bbox 51 1555 95 1610; x_wconf 87' lang='lat' dir='ltr'>tae</span> <span class='ocrx_word' id='word_1_78' title='bbox 110 1546 319 1636; x_wconf 83' lang='lat' dir='ltr'>primoribus,</span> <span class='ocrx_word' id='word_1_79' title='bbox 336 1545 393 1608; x_wconf 88' lang='lat' dir='ltr'>sed</span> <span class='ocrx_word' id='word_1_80' title='bbox 410 1554 444 1609; x_wconf 89' lang='lat' dir='ltr'>et</span> <span class='ocrx_word' id='word_1_81' title='bbox 459 1547 631 1611; x_wconf 85' lang='lat' dir='ltr'>universae</span> <span class='ocrx_word' id='word_1_82' title='bbox 644 1547 776 1611; x_wconf 88' lang='lat' dir='ltr'>Galliae</span> <span class='ocrx_word' id='word_1_83' title='bbox 793 1547 952 1614; x_wconf 87' lang='lat' dir='ltr'>Comatae</span> <span class='ocrx_word' id='word_1_84' title='bbox 964 1553 1020 1637; x_wconf 91' lang='lat' dir='ltr'>jus</span> <span class='ocrx_word' id='word_1_85' title='bbox 1036 1551 1166 1617; x_wconf 85' lang='lat' dir='ltr'>ferendi</span> <span class='ocrx_word' id='word_1_86' title='bbox 1183 1556 1296 1618; x_wconf 85' lang='lat' dir='ltr'>suffra-</span> 
     </span>
     <span class='ocr_line' id='line_1_12' title="bbox 53 1653 1296 1738; baseline 0.006 -21"><span class='ocrx_word' id='word_1_87' title='bbox 53 1656 96 1738; x_wconf 82' lang='lat' dir='ltr'>gia</span> <span class='ocrx_word' id='word_1_88' title='bbox 110 1655 315 1738; x_wconf 91' lang='lat' dir='ltr'>petendique</span> <span class='ocrx_word' id='word_1_89' title='bbox 338 1653 481 1718; x_wconf 85' lang='lat' dir='ltr'>honores</span> <span class='ocrx_word' id='word_1_90' title='bbox 497 1654 608 1718; x_wconf 72' lang='lat' dir='ltr'>dedit.</span> <span class='ocrx_word' id='word_1_91' title='bbox 624 1655 700 1733; x_wconf 84' lang='lat' dir='ltr'>Qua</span> <span class='ocrx_word' id='word_1_92' title='bbox 720 1656 763 1718; x_wconf 90' lang='lat' dir='ltr'>de</span> <span class='ocrx_word' id='word_1_93' title='bbox 779 1679 815 1724; x_wconf 86' lang='lat' dir='ltr'>re</span> <span class='ocrx_word' id='word_1_94' title='bbox 832 1657 938 1722; x_wconf 82' lang='lat' dir='ltr'>Tacit.</span> <span class='ocrx_word' id='word_1_95' title='bbox 955 1663 1072 1724; x_wconf 84' lang='lat' dir='ltr'>Annal.</span> <span class='ocrx_word' id='word_1_96' title='bbox 1087 1663 1145 1723; x_wconf 85' lang='lat' dir='ltr'>XI.</span> <span class='ocrx_word' id='word_1_97' title='bbox 1158 1662 1209 1725; x_wconf 83' lang='grc'>23.</span> <span class='ocrx_word' id='word_1_98' title='bbox 1233 1663 1296 1725; x_wconf 88' lang='lat' dir='ltr'>Se-</span> 
     </span>
     <span class='ocr_line' id='line_1_13' title="bbox 53 1761 1296 1852; baseline 0.007 -28"><span class='ocrx_word' id='word_1_99' title='bbox 53 1783 120 1825; x_wconf 85' lang='lat' dir='ltr'>neca</span> <span class='ocrx_word' id='word_1_100' title='bbox 140 1765 180 1824; x_wconf 85' lang='lat' dir='ltr'>de</span> <span class='ocrx_word' id='word_1_101' title='bbox 199 1763 313 1840; x_wconf 83' lang='lat' dir='ltr'>Renes.</span> <span class='ocrx_word' id='word_1_102' title='bbox 336 1763 386 1823; x_wconf 88' lang='lat' dir='ltr'>VI.</span> <span class='ocrx_word' id='word_1_103' title='bbox 401 1761 451 1824; x_wconf 88' lang='lat'>19.</span> <span class='ocrx_word' id='word_1_104' title='bbox 477 1763 549 1825; x_wconf 88' lang='lat' dir='ltr'>lrno</span> <span class='ocrx_word' id='word_1_105' title='bbox 570 1762 680 1826; x_wconf 86' lang='lat' dir='ltr'>multia</span> <span class='ocrx_word' id='word_1_106' title='bbox 704 1785 777 1826; x_wconf 89' lang='lat' dir='ltr'>eum</span> <span class='ocrx_word' id='word_1_107' title='bbox 801 1765 975 1830; x_wconf 89' lang='lat' dir='ltr'>confertim</span> <span class='ocrx_word' id='word_1_108' title='bbox 992 1769 1070 1852; x_wconf 91' lang='lat' dir='ltr'>jura</span> <span class='ocrx_word' id='word_1_109' title='bbox 1093 1769 1234 1832; x_wconf 89' lang='lat' dir='ltr'>civitatis</span> <span class='ocrx_word' id='word_1_110' title='bbox 1256 1791 1296 1833; x_wconf 90' lang='lat' dir='ltr'>ac</span> 
     </span>
     <span class='ocr_line' id='line_1_14' title="bbox 55 1868 1294 1960; baseline 0.007 -29"><span class='ocrx_word' id='word_1_111' title='bbox 55 1872 110 1932; x_wconf 87' lang='lat' dir='ltr'>sine</span> <span class='ocrx_word' id='word_1_112' title='bbox 125 1870 315 1933; x_wconf 87' lang='lat' dir='ltr'>discrimine</span> <span class='ocrx_word' id='word_1_113' title='bbox 332 1868 473 1952; x_wconf 83' lang='lat' dir='ltr'>dedisse,</span> <span class='ocrx_word' id='word_1_114' title='bbox 493 1893 531 1933; x_wconf 91' lang='lat' dir='ltr'>ac</span> <span class='ocrx_word' id='word_1_115' title='bbox 547 1869 679 1934; x_wconf 89' lang='lat' dir='ltr'>venalia</span> <span class='ocrx_word' id='word_1_116' title='bbox 694 1891 800 1957; x_wconf 88' lang='lat' dir='ltr'>prope</span> <span class='ocrx_word' id='word_1_117' title='bbox 816 1873 875 1938; x_wconf 87' lang='lat' dir='ltr'>illa</span> <span class='ocrx_word' id='word_1_118' title='bbox 892 1877 961 1960; x_wconf 91' lang='lat' dir='ltr'>ejus</span> <span class='ocrx_word' id='word_1_119' title='bbox 976 1876 1115 1940; x_wconf 87' lang='lat' dir='ltr'>libertos</span> <span class='ocrx_word' id='word_1_120' title='bbox 1131 1876 1294 1960; x_wconf 83' lang='lat' dir='ltr'>habuisse,</span> 
     </span>
     <span class='ocr_line' id='line_1_15' title="bbox 54 1975 1295 2074; baseline 0.009 -36"><span class='ocrx_word' id='word_1_121' title='bbox 54 1985 178 2040; x_wconf 89' lang='lat' dir='ltr'>testatur</span> <span class='ocrx_word' id='word_1_122' title='bbox 203 1977 269 2040; x_wconf 88' lang='lat' dir='ltr'>Dio</span> <span class='ocrx_word' id='word_1_123' title='bbox 295 1975 382 2039; x_wconf 89' lang='lat' dir='ltr'>Cass.</span> <span class='ocrx_word' id='word_1_124' title='bbox 398 1977 463 2038; x_wconf 74' lang='lat' dir='ltr'>Lis.</span> <span class='ocrx_word' id='word_1_125' title='bbox 479 1977 549 2074; x_wconf 53' lang='lat' dir='ltr'>LX.</span> <span class='ocrx_word' id='word_1_126' title='bbox 565 1977 615 2039; x_wconf 83' lang='lat'>1⁷.</span> <span class='ocrx_word' id='word_1_127' title='bbox 639 1978 738 2042; x_wconf 92' lang='lat' dir='ltr'>Unde</span> <span class='ocrx_word' id='word_1_128' title='bbox 761 1980 867 2044; x_wconf 92' lang='lat' dir='ltr'>lucem</span> <span class='ocrx_word' id='word_1_129' title='bbox 888 1985 976 2068; x_wconf 88' lang='lat' dir='ltr'>capit</span> <span class='ocrx_word' id='word_1_130' title='bbox 996 2005 1064 2048; x_wconf 85' lang='lat' dir='ltr'>vox</span> <span class='ocrx_word' id='word_1_131' title='bbox 1082 1985 1139 2048; x_wconf 89' lang='lat' dir='ltr'>illa</span> <span class='ocrx_word' id='word_1_132' title='bbox 1153 1985 1295 2049; x_wconf 83' lang='lat' dir='ltr'>Tribuni</span> 
     </span>
     <span class='ocr_line' id='line_1_16' title="bbox 53 2081 1296 2176; baseline 0.01 -30"><span class='ocrx_word' id='word_1_133' title='bbox 53 2086 178 2148; x_wconf 83' lang='lat' dir='ltr'>militum</span> <span class='ocrx_word' id='word_1_134' title='bbox 205 2087 314 2146; x_wconf 80' lang='lat' dir='ltr'>Actor.</span> <span class='ocrx_word' id='word_1_135' title='bbox 340 2081 391 2144; x_wconf 93' lang='grc'>22.</span> <span class='ocrx_word' id='word_1_136' title='bbox 415 2083 466 2146; x_wconf 83' lang='grc'>28.</span> <span class='ocrx_word' id='word_1_137' title='bbox 490 2084 549 2169; x_wconf 77' lang='grc' dir='ltr'>ἐγὼ</span> <span class='ocrx_word' id='word_1_138' title='bbox 580 2085 695 2150; x_wconf 77' lang='grc' dir='ltr'><em>πολλοῦ</em></span> <span class='ocrx_word' id='word_1_139' title='bbox 723 2089 893 2168; x_wconf 76' lang='grc' dir='ltr'><strong><em>κεφαλαίου</em></strong></span> <span class='ocrx_word' id='word_1_140' title='bbox 918 2087 972 2174; x_wconf 61' lang='grc' dir='ltr'>τὴν</span> <span class='ocrx_word' id='word_1_141' title='bbox 997 2093 1153 2157; x_wconf 79' lang='grc' dir='ltr'><em>πολιτείαν</em></span> <span class='ocrx_word' id='word_1_142' title='bbox 1180 2089 1296 2176; x_wconf 80' lang='grc' dir='ltr'><em>ταύτην</em></span> 
     </span>
     <span class='ocr_line' id='line_1_17' title="bbox 53 2191 1297 2280; baseline 0.004 -25"><span class='ocrx_word' id='word_1_143' title='bbox 53 2193 222 2277; x_wconf 75' lang='grc' dir='ltr'>ἐκτησάμην.</span> <span class='ocrx_word' id='word_1_144' title='bbox 249 2191 375 2272; x_wconf 81' lang='lat' dir='ltr'>Magna</span> <span class='ocrx_word' id='word_1_145' title='bbox 393 2195 533 2272; x_wconf 76' lang='lat' dir='ltr'>equidem</span> <span class='ocrx_word' id='word_1_146' title='bbox 552 2196 707 2274; x_wconf 62' lang='lat' dir='ltr'>pecumae</span> <span class='ocrx_word' id='word_1_147' title='bbox 732 2215 853 2256; x_wconf 85' lang='lat' dir='ltr'>summa</span> <span class='ocrx_word' id='word_1_148' title='bbox 872 2203 1053 2278; x_wconf 72' lang='lat' dir='ltr'>comparavi</span> <span class='ocrx_word' id='word_1_149' title='bbox 1067 2201 1143 2259; x_wconf 82' lang='lat' dir='ltr'>ms&#39;ht</span> <span class='ocrx_word' id='word_1_150' title='bbox 1162 2201 1218 2260; x_wconf 82' lang='lat' dir='ltr'>hoc</span> <span class='ocrx_word' id='word_1_151' title='bbox 1236 2202 1297 2280; x_wconf 81' lang='lat' dir='ltr'>jus</span> 
     </span>
    </p>
   </div>
   <div class='ocr_carea' id='block_1_4' title="bbox 53 2299 1295 2488">
    <p class='ocr_par' dir='ltr' id='par_1_5' title="bbox 53 2299 1295 2488">
     <span class='ocr_line' id='line_1_18' title="bbox 53 2299 1295 2386; baseline 0.006 -28"><span class='ocrx_word' id='word_1_152' title='bbox 53 2304 171 2361; x_wconf 69' lang='lat' dir='ltr'>cantatis</span> <span class='ocrx_word' id='word_1_153' title='bbox 186 2301 287 2379; x_wconf 82' lang='lat' dir='ltr'>(hanc</span> <span class='ocrx_word' id='word_1_154' title='bbox 301 2302 477 2376; x_wconf 74' lang='lat' dir='ltr'>civitatem),</span> <span class='ocrx_word' id='word_1_155' title='bbox 491 2321 588 2384; x_wconf 88' lang='lat' dir='ltr'>quam</span> <span class='ocrx_word' id='word_1_156' title='bbox 603 2299 740 2385; x_wconf 85' lang='lat' dir='ltr'>egregie</span> <span class='ocrx_word' id='word_1_157' title='bbox 755 2299 898 2365; x_wconf 88' lang='lat' dir='ltr'>illustrat</span> <span class='ocrx_word' id='word_1_158' title='bbox 909 2305 969 2365; x_wconf 87' lang='lat' dir='ltr'>Ez.</span> <span class='ocrx_word' id='word_1_159' title='bbox 981 2303 1103 2386; x_wconf 90' lang='lat' dir='ltr'>Spanb.</span> <span class='ocrx_word' id='word_1_160' title='bbox 1120 2305 1193 2365; x_wconf 84' lang='lat' dir='ltr'>Orb.</span> <span class='ocrx_word' id='word_1_161' title='bbox 1207 2307 1295 2366; x_wconf 86' lang='lat' dir='ltr'>Rom.</span> 
     </span>
     <span class='ocr_line' id='line_1_19' title="bbox 53 2405 557 2488; baseline 0.008 -24"><span class='ocrx_word' id='word_1_162' title='bbox 53 2405 153 2468; x_wconf 71' lang='lat' dir='ltr'>Exere.</span> <span class='ocrx_word' id='word_1_163' title='bbox 168 2407 194 2466; x_wconf 87' lang='grc' dir='ltr'>Ι.</span> <span class='ocrx_word' id='word_1_164' title='bbox 210 2425 236 2466; x_wconf 86' lang='lat' dir='ltr'>c.</span> <span class='ocrx_word' id='word_1_165' title='bbox 252 2405 303 2468; x_wconf 88' lang='lat'>16.</span> <span class='ocrx_word' id='word_1_166' title='bbox 313 2427 347 2488; x_wconf 83' lang='lat' dir='ltr'>p.</span> <span class='ocrx_word' id='word_1_167' title='bbox 362 2405 412 2468; x_wconf 90' lang='grc'>94.</span> <span class='ocrx_word' id='word_1_168' title='bbox 429 2429 473 2488; x_wconf 89' lang='lat' dir='ltr'>sq.</span> <span class='ocrx_word' id='word_1_169' title='bbox 553 2413 557 2420; x_wconf 85' lang='lat'>&#39;</span> 
     </span>
    </p>
   </div>
   <div class='ocr_carea' id='block_1_5' title="bbox 55 2515 1295 3032">
    <p class='ocr_par' dir='ltr' id='par_1_6' title="bbox 55 2515 1295 3032">
     <span class='ocr_line' id='line_1_20' title="bbox 616 2515 719 2597; baseline 0.01 -22"><span class='ocrx_word' id='word_1_170' title='bbox 616 2516 645 2597; x_wconf 61' lang='grc' dir='ltr'><strong>ἕ.</strong></span> <span class='ocrx_word' id='word_1_171' title='bbox 667 2515 719 2576; x_wconf 82' lang='grc'>14.</span> 
     </span>
     <span class='ocr_line' id='line_1_21' title="bbox 97 2627 1253 2699; baseline 0.005 -18"><span class='ocrx_word' id='word_1_172' title='bbox 97 2629 256 2687; x_wconf 72' lang='lat' dir='ltr'>Quibusnam</span> <span class='ocrx_word' id='word_1_173' title='bbox 277 2629 357 2692; x_wconf 82' lang='lat' dir='ltr'>Nero,</span> <span class='ocrx_word' id='word_1_174' title='bbox 380 2627 475 2692; x_wconf 81' lang='lat' dir='ltr'>Galba,</span> <span class='ocrx_word' id='word_1_175' title='bbox 500 2630 578 2691; x_wconf 78' lang='lat' dir='ltr'>osto,</span> <span class='ocrx_word' id='word_1_176' title='bbox 603 2631 728 2696; x_wconf 61' lang='lat' dir='ltr'>Vitellius,</span> <span class='ocrx_word' id='word_1_177' title='bbox 748 2640 774 2682; x_wconf 82' lang='lat' dir='ltr'>et</span> <span class='ocrx_word' id='word_1_178' title='bbox 797 2631 950 2699; x_wconf 75' lang='lat' dir='ltr'>Vespasiani</span> <span class='ocrx_word' id='word_1_179' title='bbox 965 2629 1094 2682; x_wconf 77' lang='lat' dir='ltr'>civitatem</span> <span class='ocrx_word' id='word_1_180' title='bbox 1113 2631 1253 2687; x_wconf 71' lang='lat' dir='ltr'>dederant?</span> 
     </span>
     <span class='ocr_line' id='line_1_22' title="bbox 126 2730 1295 2817; baseline 0.005 -25"><span class='ocrx_word' id='word_1_181' title='bbox 126 2731 236 2812; x_wconf 85' lang='lat' dir='ltr'>Nero,</span> <span class='ocrx_word' id='word_1_182' title='bbox 258 2739 433 2814; x_wconf 86' lang='lat' dir='ltr'>postquam</span> <span class='ocrx_word' id='word_1_183' title='bbox 454 2731 488 2794; x_wconf 93' lang='lat' dir='ltr'>in</span> <span class='ocrx_word' id='word_1_184' title='bbox 510 2731 647 2793; x_wconf 82' lang='lat' dir='ltr'>musicis</span> <span class='ocrx_word' id='word_1_185' title='bbox 663 2739 697 2794; x_wconf 91' lang='lat' dir='ltr'>et</span> <span class='ocrx_word' id='word_1_186' title='bbox 718 2731 883 2794; x_wconf 91' lang='lat' dir='ltr'>curulibus</span> <span class='ocrx_word' id='word_1_187' title='bbox 901 2730 988 2815; x_wconf 91' lang='lat' dir='ltr'>apud</span> <span class='ocrx_word' id='word_1_188' title='bbox 1007 2731 1193 2815; x_wconf 85' lang='lat' dir='ltr'>Olympiam</span> <span class='ocrx_word' id='word_1_189' title='bbox 1214 2754 1295 2817; x_wconf 85' lang='lat' dir='ltr'>ago-</span> 
     </span>
     <span class='ocr_line' id='line_1_23' title="bbox 55 2835 1294 2925; baseline 0.006 -28"><span class='ocrx_word' id='word_1_190' title='bbox 55 2835 137 2900; x_wconf 89' lang='lat' dir='ltr'>nibus</span> <span class='ocrx_word' id='word_1_191' title='bbox 163 2837 273 2901; x_wconf 85' lang='lat' dir='ltr'>victor</span> <span class='ocrx_word' id='word_1_192' title='bbox 295 2839 404 2902; x_wconf 89' lang='lat' dir='ltr'>fuerat</span> <span class='ocrx_word' id='word_1_193' title='bbox 427 2860 446 2899; x_wconf 90' lang='lat' dir='ltr'>a</span> <span class='ocrx_word' id='word_1_194' title='bbox 468 2835 636 2920; x_wconf 89' lang='lat' dir='ltr'>judicibus</span> <span class='ocrx_word' id='word_1_195' title='bbox 657 2839 895 2920; x_wconf 84' lang='lat' dir='ltr'>proclamatus,</span> <span class='ocrx_word' id='word_1_196' title='bbox 924 2839 1107 2901; x_wconf 88' lang='lat' dir='ltr'>universam</span> <span class='ocrx_word' id='word_1_197' title='bbox 1134 2839 1294 2925; x_wconf 87' lang='lat' dir='ltr'>Achajam</span> 
     </span>
     <span class='ocr_line' id='line_1_24' title="bbox 57 2942 1294 3032; baseline 0.006 -28"><span class='ocrx_word' id='word_1_198' title='bbox 57 2942 211 3027; x_wconf 82' lang='lat' dir='ltr'>libertate,</span> <span class='ocrx_word' id='word_1_199' title='bbox 224 2945 356 3031; x_wconf 88' lang='lat' dir='ltr'>judices</span> <span class='ocrx_word' id='word_1_200' title='bbox 374 2943 516 3028; x_wconf 88' lang='lat' dir='ltr'>pecunia</span> <span class='ocrx_word' id='word_1_201' title='bbox 532 2944 649 3027; x_wconf 88' lang='lat' dir='ltr'>grandi</span> <span class='ocrx_word' id='word_1_202' title='bbox 662 2943 799 3010; x_wconf 90' lang='lat' dir='ltr'>donavit</span> <span class='ocrx_word' id='word_1_203' title='bbox 818 2953 853 3008; x_wconf 90' lang='lat' dir='ltr'>et</span> <span class='ocrx_word' id='word_1_204' title='bbox 871 2945 1006 3008; x_wconf 89' lang='lat' dir='ltr'>civitate</span> <span class='ocrx_word' id='word_1_205' title='bbox 1021 2946 1186 3011; x_wconf 90' lang='lat' dir='ltr'>Romana:</span> <span class='ocrx_word' id='word_1_206' title='bbox 1204 2947 1294 3032; x_wconf 91' lang='lat' dir='ltr'>quod</span> 
     </span>
    </p>
   </div>
   <div class='ocr_carea' id='block_1_6' title="bbox 56 3051 1400 3142">
    <p class='ocr_par' dir='ltr' id='par_1_7' title="bbox 56 3051 1400 3142">
     <span class='ocr_line' id='line_1_25' title="bbox 56 3051 1400 3142; baseline 0.005 -31"><span class='ocrx_word' id='word_1_207' title='bbox 56 3051 239 3115; x_wconf 86' lang='lat' dir='ltr'>beneficium</span> <span class='ocrx_word' id='word_1_208' title='bbox 259 3053 358 3114; x_wconf 89' lang='lat' dir='ltr'>etiarn</span> <span class='ocrx_word' id='word_1_209' title='bbox 380 3052 439 3131; x_wconf 83' lang='lat' dir='ltr'>iis,</span> <span class='ocrx_word' id='word_1_210' title='bbox 462 3051 519 3133; x_wconf 92' lang='lat' dir='ltr'>qui</span> <span class='ocrx_word' id='word_1_211' title='bbox 534 3051 747 3134; x_wconf 85' lang='lat' dir='ltr'>Pyrrhicham</span> <span class='ocrx_word' id='word_1_212' title='bbox 767 3053 984 3134; x_wconf 81' lang='lat' dir='ltr'>saltaverunt,</span> <span class='ocrx_word' id='word_1_213' title='bbox 1004 3053 1182 3115; x_wconf 88' lang='lat' dir='ltr'>concessit:</span> <span class='ocrx_word' id='word_1_214' title='bbox 1204 3055 1295 3119; x_wconf 90' lang='lat' dir='ltr'>Suet.</span> <span class='ocrx_word' id='word_1_215' title='bbox 1394 3131 1400 3142; x_wconf 38' lang='lat'><strong>·</strong></span> 
     </span>
    </p>
   </div>
   <div class='ocr_carea' id='block_1_7' title="bbox 56 3159 1335 4320">
    <p class='ocr_par' dir='ltr' id='par_1_8' title="bbox 56 3159 1335 4320">
     <span class='ocr_line' id='line_1_26' title="bbox 56 3159 1295 3232; baseline 0.005 -14"><span class='ocrx_word' id='word_1_216' title='bbox 56 3159 122 3221; x_wconf 83' lang='lat' dir='ltr'>Ner.</span> <span class='ocrx_word' id='word_1_217' title='bbox 137 3183 162 3222; x_wconf 91' lang='lat' dir='ltr'>c.</span> <span class='ocrx_word' id='word_1_218' title='bbox 181 3160 234 3221; x_wconf 89' lang='grc'>12.</span> <span class='ocrx_word' id='word_1_219' title='bbox 255 3159 365 3222; x_wconf 88' lang='lat' dir='ltr'>Galba</span> <span class='ocrx_word' id='word_1_220' title='bbox 379 3163 533 3220; x_wconf 67' lang='lat' dir='ltr'>scortarem</span> <span class='ocrx_word' id='word_1_221' title='bbox 546 3159 723 3221; x_wconf 82' lang='lat' dir='ltr'>Romanam</span> <span class='ocrx_word' id='word_1_222' title='bbox 743 3181 819 3222; x_wconf 84' lang='lat' dir='ltr'>raro</span> <span class='ocrx_word' id='word_1_223' title='bbox 838 3161 931 3232; x_wconf 76' lang='lat' dir='ltr'>dedit,</span> <span class='ocrx_word' id='word_1_224' title='bbox 948 3164 1034 3221; x_wconf 87' lang='lat' dir='ltr'>teste</span> <span class='ocrx_word' id='word_1_225' title='bbox 1054 3159 1144 3221; x_wconf 89' lang='lat' dir='ltr'>Suet.</span> <span class='ocrx_word' id='word_1_226' title='bbox 1165 3163 1254 3224; x_wconf 72' lang='lat' dir='ltr'>Galo.</span> <span class='ocrx_word' id='word_1_227' title='bbox 1269 3185 1295 3224; x_wconf 85' lang='lat' dir='ltr'>c.</span> 
     </span>
     <span class='ocr_line' id='line_1_27' title="bbox 58 3265 1295 3350; baseline 0.003 -26"><span class='ocrx_word' id='word_1_228' title='bbox 58 3266 98 3327; x_wconf 82' lang='grc'>14.</span> <span class='ocrx_word' id='word_1_229' title='bbox 112 3267 202 3332; x_wconf 91' lang='lat' dir='ltr'>dedit</span> <span class='ocrx_word' id='word_1_230' title='bbox 222 3274 333 3329; x_wconf 89' lang='lat' dir='ltr'>tamen</span> <span class='ocrx_word' id='word_1_231' title='bbox 350 3267 640 3350; x_wconf 81' lang='lat' dir='ltr'>Bargiacensibus‚</span> <span class='ocrx_word' id='word_1_232' title='bbox 658 3267 993 3350; x_wconf 83' lang='lat' dir='ltr'>Laccobrigensibus‚</span> <span class='ocrx_word' id='word_1_233' title='bbox 1009 3265 1295 3348; x_wconf 86' lang='lat' dir='ltr'>Deobrigensibus</span> 
     </span>
     <span class='ocr_line' id='line_1_28' title="bbox 58 3373 1295 3459; baseline 0.005 -27"><span class='ocrx_word' id='word_1_234' title='bbox 58 3381 85 3434; x_wconf 88' lang='lat' dir='ltr'>et</span> <span class='ocrx_word' id='word_1_235' title='bbox 107 3373 419 3459; x_wconf 77' lang='lat' dir='ltr'>TalabrigensibuS‚</span> <span class='ocrx_word' id='word_1_236' title='bbox 448 3374 515 3436; x_wconf 92' lang='lat' dir='ltr'>imo</span> <span class='ocrx_word' id='word_1_237' title='bbox 543 3383 578 3438; x_wconf 90' lang='lat' dir='ltr'>et</span> <span class='ocrx_word' id='word_1_238' title='bbox 601 3375 795 3438; x_wconf 90' lang='lat' dir='ltr'>Vesontinis</span> <span class='ocrx_word' id='word_1_239' title='bbox 824 3385 858 3439; x_wconf 90' lang='lat' dir='ltr'>et</span> <span class='ocrx_word' id='word_1_240' title='bbox 885 3373 1134 3456; x_wconf 84' lang='lat' dir='ltr'>Cluniensibus‚</span> <span class='ocrx_word' id='word_1_241' title='bbox 1162 3373 1188 3436; x_wconf 91' lang='lat' dir='ltr'>si</span> <span class='ocrx_word' id='word_1_242' title='bbox 1213 3374 1295 3438; x_wconf 86' lang='lat' dir='ltr'>fides</span> 
     </span>
     <span class='ocr_line' id='line_1_29' title="bbox 57 3470 1312 3567; baseline 0.006 -26"><span class='ocrx_word' id='word_1_243' title='bbox 57 3483 146 3545; x_wconf 91' lang='lat' dir='ltr'>numis</span> <span class='ocrx_word' id='word_1_244' title='bbox 167 3483 228 3544; x_wconf 89' lang='lat' dir='ltr'>sub</span> <span class='ocrx_word' id='word_1_245' title='bbox 245 3480 360 3546; x_wconf 75' lang='lat' dir='ltr'>&#39;Galba</span> <span class='ocrx_word' id='word_1_246' title='bbox 383 3470 484 3560; x_wconf 46' lang='lat' dir='ltr'>cusia</span> <span class='ocrx_word' id='word_1_247' title='bbox 505 3483 540 3545; x_wconf 93' lang='lat' dir='ltr'>in</span> <span class='ocrx_word' id='word_1_248' title='bbox 561 3484 678 3567; x_wconf 90' lang='lat' dir='ltr'>quibus</span> <span class='ocrx_word' id='word_1_249' title='bbox 703 3481 786 3545; x_wconf 90' lang='lat' dir='ltr'>haec</span> <span class='ocrx_word' id='word_1_250' title='bbox 809 3483 934 3567; x_wconf 91' lang='lat' dir='ltr'>oppida</span> <span class='ocrx_word' id='word_1_251' title='bbox 954 3481 1138 3566; x_wconf 88' lang='lat' dir='ltr'>Hispaniae</span> <span class='ocrx_word' id='word_1_252' title='bbox 1161 3491 1196 3547; x_wconf 89' lang='lat' dir='ltr'>et</span> <span class='ocrx_word' id='word_1_253' title='bbox 1214 3483 1312 3548; x_wconf 64' lang='lat' dir='ltr'>Gul-e</span> 
     </span>
     <span class='ocr_line' id='line_1_30' title="bbox 56 3586 1297 3664; baseline 0.005 -16"><span class='ocrx_word' id='word_1_254' title='bbox 56 3586 111 3651; x_wconf 88' lang='lat' dir='ltr'>liae</span> <span class='ocrx_word' id='word_1_255' title='bbox 128 3608 309 3654; x_wconf 74' lang='lat' dir='ltr'>munichus</span> <span class='ocrx_word' id='word_1_256' title='bbox 325 3589 494 3664; x_wconf 84' lang='lat' dir='ltr'>dicuntur:</span> <span class='ocrx_word' id='word_1_257' title='bbox 515 3589 630 3656; x_wconf 81' lang='lat' dir='ltr'>Claud.</span> <span class='ocrx_word' id='word_1_258' title='bbox 642 3589 774 3653; x_wconf 87' lang='lat' dir='ltr'>Chifflet</span> <span class='ocrx_word' id='word_1_259' title='bbox 791 3590 1013 3652; x_wconf 52' lang='grc'><strong>1680111128.</strong></span> <span class='ocrx_word' id='word_1_260' title='bbox 1029 3590 1190 3655; x_wconf 87' lang='lat' dir='ltr'>Harduin.</span> <span class='ocrx_word' id='word_1_261' title='bbox 1202 3591 1297 3654; x_wconf 88' lang='lat' dir='ltr'>Num.</span> 
     </span>
     <span class='ocr_line' id='line_1_31' title="bbox 62 3695 1335 3782; baseline 0.005 -27"><span class='ocrx_word' id='word_1_262' title='bbox 62 3695 124 3758; x_wconf 83' lang='lat' dir='ltr'>Urt.</span> <span class='ocrx_word' id='word_1_263' title='bbox 136 3721 168 3779; x_wconf 85' lang='lat' dir='ltr'>p.</span> <span class='ocrx_word' id='word_1_264' title='bbox 187 3697 260 3761; x_wconf 83' lang='grc'><strong>120.</strong></span> <span class='ocrx_word' id='word_1_265' title='bbox 284 3696 444 3781; x_wconf 69' lang='lat' dir='ltr'>Yaillant.</span> <span class='ocrx_word' id='word_1_266' title='bbox 464 3699 502 3759; x_wconf 88' lang='lat' dir='ltr'>de</span> <span class='ocrx_word' id='word_1_267' title='bbox 520 3697 623 3759; x_wconf 80' lang='lat' dir='ltr'>Coton.</span> <span class='ocrx_word' id='word_1_268' title='bbox 645 3698 678 3758; x_wconf 80' lang='grc' dir='ltr'><strong>Τ.</strong></span> <span class='ocrx_word' id='word_1_269' title='bbox 692 3699 717 3758; x_wconf 92' lang='grc' dir='ltr'><strong>Ι.</strong></span> <span class='ocrx_word' id='word_1_270' title='bbox 731 3721 765 3780; x_wconf 87' lang='lat' dir='ltr'>p.</span> <span class='ocrx_word' id='word_1_271' title='bbox 785 3699 855 3760; x_wconf 79' lang='lat'>105.</span> <span class='ocrx_word' id='word_1_272' title='bbox 872 3698 1038 3761; x_wconf 91' lang='lat' dir='ltr'>Othonem</span> <span class='ocrx_word' id='word_1_273' title='bbox 1058 3707 1185 3762; x_wconf 90' lang='lat' dir='ltr'>constat</span> <span class='ocrx_word' id='word_1_274' title='bbox 1201 3719 1298 3782; x_wconf 85' lang='lat' dir='ltr'>prae·</span> <span class='ocrx_word' id='word_1_275' title='bbox 1334 3707 1335 3712; x_wconf 76' lang='grc'>’</span> 
     </span>
     <span class='ocr_line' id='line_1_32' title="bbox 56 3803 1298 3888; baseline 0.006 -25"><span class='ocrx_word' id='word_1_276' title='bbox 56 3809 101 3864; x_wconf 82' lang='lat' dir='ltr'>tes</span> <span class='ocrx_word' id='word_1_277' title='bbox 114 3805 268 3888; x_wconf 89' lang='lat' dir='ltr'>quasdam</span> <span class='ocrx_word' id='word_1_278' title='bbox 285 3805 365 3868; x_wconf 90' lang='lat' dir='ltr'>alias</span> <span class='ocrx_word' id='word_1_279' title='bbox 378 3804 573 3888; x_wconf 88' lang='lat' dir='ltr'>largitiones</span> <span class='ocrx_word' id='word_1_280' title='bbox 589 3803 796 3888; x_wconf 87' lang='lat' dir='ltr'>Lingonibus</span> <span class='ocrx_word' id='word_1_281' title='bbox 812 3805 973 3868; x_wconf 89' lang='lat' dir='ltr'>universis</span> <span class='ocrx_word' id='word_1_282' title='bbox 988 3805 1154 3868; x_wconf 86' lang='lat' dir='ltr'>civitatem</span> <span class='ocrx_word' id='word_1_283' title='bbox 1172 3805 1298 3870; x_wconf 85' lang='lat' dir='ltr'>Rorna-</span> 
     </span>
     <span class='ocr_line' id='line_1_33' title="bbox 58 3897 1298 3996; baseline 0.002 -25"><span class='ocrx_word' id='word_1_284' title='bbox 58 3931 120 3973; x_wconf 89' lang='lat' dir='ltr'>nam</span> <span class='ocrx_word' id='word_1_285' title='bbox 142 3897 289 3975; x_wconf 88' lang='lat' dir='ltr'>dedisse:</span> <span class='ocrx_word' id='word_1_286' title='bbox 312 3911 419 3975; x_wconf 88' lang='lat' dir='ltr'>Tacit.</span> <span class='ocrx_word' id='word_1_287' title='bbox 440 3911 523 3972; x_wconf 79' lang='lat' dir='ltr'>Hs&#39;st.</span> <span class='ocrx_word' id='word_1_288' title='bbox 539 3913 565 3974; x_wconf 90' lang='lat' dir='ltr'>I.</span> <span class='ocrx_word' id='word_1_289' title='bbox 580 3911 631 3974; x_wconf 89' lang='grc'><strong>78.</strong></span> <span class='ocrx_word' id='word_1_290' title='bbox 652 3910 891 3996; x_wconf 87' lang='lat' dir='ltr'>Vespasianum</span> <span class='ocrx_word' id='word_1_291' title='bbox 909 3909 1149 3993; x_wconf 76' lang='lat' dir='ltr'>stobiensesm)</span> <span class='ocrx_word' id='word_1_292' title='bbox 1172 3913 1205 3974; x_wconf 89' lang='lat' dir='ltr'>in</span> <span class='ocrx_word' id='word_1_293' title='bbox 1224 3911 1298 3974; x_wconf 91' lang='lat' dir='ltr'>Ma-</span> 
     </span>
     <span class='ocr_line' id='line_1_34' title="bbox 59 4018 1299 4106; baseline 0.002 -28"><span class='ocrx_word' id='word_1_294' title='bbox 59 4019 186 4084; x_wconf 83' lang='lat' dir='ltr'>cedonia</span> <span class='ocrx_word' id='word_1_295' title='bbox 205 4019 343 4083; x_wconf 91' lang='lat' dir='ltr'>civitate</span> <span class='ocrx_word' id='word_1_296' title='bbox 364 4018 513 4104; x_wconf 84' lang='lat' dir='ltr'>donasse,</span> <span class='ocrx_word' id='word_1_297' title='bbox 534 4028 661 4083; x_wconf 91' lang='lat' dir='ltr'>constat</span> <span class='ocrx_word' id='word_1_298' title='bbox 681 4041 724 4082; x_wconf 86' lang='lat' dir='ltr'>ex</span> <span class='ocrx_word' id='word_1_299' title='bbox 739 4041 837 4082; x_wconf 92' lang='lat' dir='ltr'>numo</span> <span class='ocrx_word' id='word_1_300' title='bbox 858 4020 945 4104; x_wconf 90' lang='lat' dir='ltr'>apud</span> <span class='ocrx_word' id='word_1_301' title='bbox 964 4020 1140 4106; x_wconf 90' lang='lat' dir='ltr'>Spanhem.</span> <span class='ocrx_word' id='word_1_302' title='bbox 1159 4019 1299 4080; x_wconf 72' lang='lat' dir='ltr'>Diserte</span> 
     </span>
     <span class='ocr_line' id='line_1_35' title="bbox 59 4125 1299 4212; baseline 0.002 -28"><span class='ocrx_word' id='word_1_303' title='bbox 59 4125 143 4190; x_wconf 86' lang='lat' dir='ltr'>Num.</span> <span class='ocrx_word' id='word_1_304' title='bbox 156 4149 247 4212; x_wconf 83' lang='lat' dir='ltr'>prov.</span> <span class='ocrx_word' id='word_1_305' title='bbox 266 4127 338 4190; x_wconf 92' lang='grc'><strong>676.</strong></span> <span class='ocrx_word' id='word_1_306' title='bbox 358 4138 391 4212; x_wconf 86' lang='lat' dir='ltr'>et</span> <span class='ocrx_word' id='word_1_307' title='bbox 408 4126 495 4189; x_wconf 87' lang='lat' dir='ltr'>Plin.</span> <span class='ocrx_word' id='word_1_308' title='bbox 514 4127 596 4188; x_wconf 77' lang='lat' dir='ltr'>Hist.</span> <span class='ocrx_word' id='word_1_309' title='bbox 616 4127 690 4188; x_wconf 86' lang='lat' dir='ltr'>Nat.</span> <span class='ocrx_word' id='word_1_310' title='bbox 701 4128 759 4188; x_wconf 89' lang='lat' dir='ltr'>IV.</span> <span class='ocrx_word' id='word_1_311' title='bbox 774 4127 823 4189; x_wconf 92' lang='lat'>10.</span> <span class='ocrx_word' id='word_1_312' title='bbox 845 4126 912 4190; x_wconf 89' lang='lat' dir='ltr'>Sed</span> <span class='ocrx_word' id='word_1_313' title='bbox 935 4137 968 4191; x_wconf 91' lang='lat' dir='ltr'>et</span> <span class='ocrx_word' id='word_1_314' title='bbox 986 4126 1046 4190; x_wconf 88' lang='lat' dir='ltr'>filii</span> <span class='ocrx_word' id='word_1_315' title='bbox 1063 4146 1163 4208; x_wconf 88' lang='lat' dir='ltr'>saepe</span> <span class='ocrx_word' id='word_1_316' title='bbox 1179 4125 1234 4209; x_wconf 90' lang='lat' dir='ltr'>jus</span> <span class='ocrx_word' id='word_1_317' title='bbox 1252 4126 1299 4187; x_wconf 91' lang='lat' dir='ltr'>ci-</span> 
     </span>
     <span class='ocr_line' id='line_1_36' title="bbox 61 4233 1298 4320; baseline 0.001 -27"><span class='ocrx_word' id='word_1_318' title='bbox 61 4233 157 4298; x_wconf 87' lang='lat' dir='ltr'>vitatis</span> <span class='ocrx_word' id='word_1_319' title='bbox 174 4235 357 4316; x_wconf 84' lang='lat' dir='ltr'>veteranis,</span> <span class='ocrx_word' id='word_1_320' title='bbox 374 4234 505 4314; x_wconf 81' lang='lat' dir='ltr'>liberis,</span> <span class='ocrx_word' id='word_1_321' title='bbox 524 4233 731 4320; x_wconf 90' lang='lat' dir='ltr'>posterisque</span> <span class='ocrx_word' id='word_1_322' title='bbox 753 4255 866 4298; x_wconf 90' lang='lat' dir='ltr'>eorum</span> <span class='ocrx_word' id='word_1_323' title='bbox 886 4233 1065 4316; x_wconf 86' lang='lat' dir='ltr'>dederunt,</span> <span class='ocrx_word' id='word_1_324' title='bbox 1084 4240 1120 4295; x_wconf 90' lang='lat' dir='ltr'>ut</span> <span class='ocrx_word' id='word_1_325' title='bbox 1142 4240 1235 4316; x_wconf 86' lang='lat' dir='ltr'>patet</span> <span class='ocrx_word' id='word_1_326' title='bbox 1256 4253 1298 4294; x_wconf 86' lang='lat' dir='ltr'>ex</span> 
     </span>
    </p>
   </div>
   <div class='ocr_carea' id='block_1_8' title="bbox 65 4417 1302 4596">
    <p class='ocr_par' dir='ltr' id='par_1_9' title="bbox 65 4417 1302 4596">
     <span class='ocr_line' id='line_1_37' title="bbox 119 4417 1302 4508; baseline 0.003 -16"><span class='ocrx_word' id='word_1_327' title='bbox 119 4442 159 4508; x_wconf 87' lang='lat' dir='ltr'>m)</span> <span class='ocrx_word' id='word_1_328' title='bbox 180 4444 237 4494; x_wconf 83' lang='lat' dir='ltr'>Eos</span> <span class='ocrx_word' id='word_1_329' title='bbox 255 4447 346 4494; x_wconf 85' lang='lat' dir='ltr'>tamen</span> <span class='ocrx_word' id='word_1_330' title='bbox 363 4456 415 4492; x_wconf 83' lang='lat' dir='ltr'>sua</span> <span class='ocrx_word' id='word_1_331' title='bbox 433 4445 520 4494; x_wconf 82' lang='lat' dir='ltr'>aetate</span> <span class='ocrx_word' id='word_1_332' title='bbox 540 4440 612 4508; x_wconf 86' lang='lat' dir='ltr'>juris</span> <span class='ocrx_word' id='word_1_333' title='bbox 631 4437 717 4492; x_wconf 87' lang='lat' dir='ltr'>Italici</span> <span class='ocrx_word' id='word_1_334' title='bbox 740 4417 835 4504; x_wconf 29' lang='lat' dir='ltr'>*fuisse</span> <span class='ocrx_word' id='word_1_335' title='bbox 853 4439 937 4496; x_wconf 77' lang='lat' dir='ltr'>tradit</span> <span class='ocrx_word' id='word_1_336' title='bbox 959 4441 1022 4506; x_wconf 91' lang='lat' dir='ltr'>Ulp.</span> <span class='ocrx_word' id='word_1_337' title='bbox 1040 4441 1071 4494; x_wconf 86' lang='lat'>1..</span> <span class='ocrx_word' id='word_1_338' title='bbox 1090 4443 1115 4494; x_wconf 88' lang='grc'><strong>8.</strong></span> <span class='ocrx_word' id='word_1_339' title='bbox 1132 4439 1153 4506; x_wconf 65' lang='grc' dir='ltr'><strong>ξ.</strong></span> <span class='ocrx_word' id='word_1_340' title='bbox 1171 4443 1196 4491; x_wconf 85' lang='grc'><strong>8.</strong></span> <span class='ocrx_word' id='word_1_341' title='bbox 1215 4439 1252 4492; x_wconf 87' lang='lat' dir='ltr'>D.</span> <span class='ocrx_word' id='word_1_342' title='bbox 1270 4439 1302 4495; x_wconf 79' lang='lat' dir='ltr'>de</span> 
     </span>
     <span class='ocr_line' id='line_1_38' title="bbox 65 4522 1273 4596; baseline 0 -22"><span class='ocrx_word' id='word_1_343' title='bbox 65 4522 154 4578; x_wconf 73' lang='lat' dir='ltr'>(hand.</span> <span class='ocrx_word' id='word_1_344' title='bbox 163 4528 243 4582; x_wconf 74' lang='lat' dir='ltr'>Heln.</span> <span class='ocrx_word' id='word_1_345' title='bbox 259 4527 300 4580; x_wconf 88' lang='lat' dir='ltr'>Cs.</span> <span class='ocrx_word' id='word_1_346' title='bbox 313 4526 347 4578; x_wconf 88' lang='lat' dir='ltr'>dc</span> <span class='ocrx_word' id='word_1_347' title='bbox 361 4525 479 4592; x_wconf 80' lang='lat' dir='ltr'>Saviguy</span> <span class='ocrx_word' id='word_1_348' title='bbox 493 4525 656 4592; x_wconf 81' lang='lat' dir='ltr'>Zes&#39;tschr.f.</span> <span class='ocrx_word' id='word_1_349' title='bbox 666 4524 754 4596; x_wconf 71' lang='lat' dir='ltr'>pescli.</span> <span class='ocrx_word' id='word_1_350' title='bbox 773 4525 808 4578; x_wconf 79' lang='lat' dir='ltr'>R.</span> <span class='ocrx_word' id='word_1_351' title='bbox 828 4525 866 4576; x_wconf 89' lang='lat' dir='ltr'>W.</span> <span class='ocrx_word' id='word_1_352' title='bbox 876 4527 907 4577; x_wconf 89' lang='grc' dir='ltr'><strong>Τ.</strong></span> <span class='ocrx_word' id='word_1_353' title='bbox 920 4525 956 4577; x_wconf 90' lang='lat' dir='ltr'>V.</span> <span class='ocrx_word' id='word_1_354' title='bbox 968 4541 995 4590; x_wconf 84' lang='lat' dir='ltr'>p.</span> <span class='ocrx_word' id='word_1_355' title='bbox 1008 4529 1061 4579; x_wconf 82' lang='lat'>264</span> <span class='ocrx_word' id='word_1_356' title='bbox 1070 4554 1101 4564; x_wconf 92' lang='lat'><em>-</em></span> <span class='ocrx_word' id='word_1_357' title='bbox 1110 4527 1171 4578; x_wconf 82' lang='grc'><strong>266.</strong></span> <span class='ocrx_word' id='word_1_358' title='bbox 1185 4523 1273 4588; x_wconf 76' lang='grc' dir='ltr'>ΜίὶΙιΙ.</span> 
     </span>
    </p>
   </div>
   <div class='ocr_carea' id='block_1_9' title="bbox 0 0 1548 5156">
    <p class='ocr_par' dir='ltr' id='par_1_10' title="bbox 0 0 1548 5156">
     <span class='ocr_line' id='line_1_39' title="bbox 0 0 1548 5156; baseline 0 0"><span class='ocrx_word' id='word_1_359' title='bbox 0 0 1548 5156; x_wconf 95' lang='lat' dir='ltr'> </span> 
     </span>
    </p>
   </div>
  </div>
 </body>
</html>
