3062 5164
220 351 291 418 324
578 339 760 406 Auensmx
782 335 860 410 Lm.
884 335 913 404 1.
939 331 1026 403 Can.
1040 333 1100 403 .V.

166 490 169 498 Ι
221 542 307 607 quae
323 541 366 583 ne
375 519 453 604 jura
467 489 601 602 cuidem
615 513 792 592 Quiritium
808 511 986 574 habebant.
1009 508 1110 587 Quod
1126 507 1212 571 adeo
1230 528 1343 573 verum
1355 495 1414 590 est,
1431 518 1466 572 ut

221 631 311 694 cives
330 625 484 708 Romani,
500 623 557 709 qui
579 621 756 685 uominain
774 618 961 705 hujusmodi
979 617 1144 682 coloniam
1160 617 1334 700 dederant,
1355 617 1466 702 capitis
1516 613 1517 626 ¹

223 736 483 803 deminutionem
498 730 639 794 mediam
653 735 861 813 paterentur:
874 726 992 791 Cicero
1004 747 1063 808 pro
1076 727 1117 788 A.
1135 725 1303 788 Caecinae.
1313 725 1364 790 33.
1380 729 1467 788 Certe
1517 741 1518 748 ¹

221 847 401 930 quaeritve
422 843 536 914 colere,
551 859 599 900 me
612 859 675 900 non
686 841 854 920 praeterit,
871 841 924 916 (ut
937 857 978 897 ea
992 856 1041 895 me
1059 856 1114 906 ea,
1129 855 1210 915 quoe
1225 835 1282 896 titt
1295 838 1328 896 tn
1343 843 1467 896 mentem
1518 882 1519 896 .

221 975 284 1017 oon
298 957 436 1023 ventitat,
448 948 577 1026 audias)
589 945 858 1028 quemadmodum,
873 947 904 1004 ei
916 947 1024 1004 civitas
1040 943 1138 1002 adsint
1149 963 1211 1003 non
1223 945 1333 1024 possit,
1349 945 1382 1003 m
1397 943 1467 1003 colo

222 1067 292 1124 nias
307 1061 441 1122 Latinas
462 1077 555 1137 saepe
576 1058 656 1116 cives
677 1055 781 1114 nostri
792 1051 929 1134 projecti
947 1053 1035 1112 sint?
1059 1053 1128 1114 Aut
1149 1070 1208 1112 suo
1229 1051 1403 1121 voluntate,
1417 1057 1468 1110 out

222 1145 300 1250 legis
318 1168 434 1228 mulcta
449 1163 586 1244 prosecta·
602 1169 698 1222 sont:
722 1180 814 1241 quam
835 1160 982 1220 mulctam
1003 1161 1034 1218 at
1050 1160 1185 1240 sufferre
1205 1158 1391 1230 volumsent,
1410 1165 1468 1217 tum

222 1295 352 1338 monere
370 1277 403 1335 tn
426 1275 549 1333 civitate
568 1271 750 1352 potuissent.
775 1263 864 1327 Add.
882 1287 945 1347 pro
963 1267 1050 1327 domo
1068 1287 1094 1327 c.
1112 1263 1162 1326 30.
1185 1263 1306 1326 Boeth.
1326 1268 1360 1326 tn
1380 1265 1467 1345 lbpa'c.

226 1385 362 1446 Gt'ceron.
376 1377 405 1441 2.
417 1400 452 1461 p.
467 1376 540 1441 780.
566 1372 666 1455 Quod
683 1393 763 1436 vero
779 1370 954 1436 Salmasius
977 1394 1048 1436 cum
1068 1371 1141 1435 aliis
1162 1371 1240 1434 viris
1259 1369 1368 1434 doctis
1385 1379 1468 1433 autu-

219 1463 308 1570 mat,
329 1468 477 1550 colonias
499 1483 634 1547 Latinas
657 1503 700 1544 ex
720 1479 816 1544 meris
840 1479 1003 1542 libertinis
1028 1479 1229 1561 constitisse,
1248 1478 1334 1542 illud
1357 1479 1464 1542 dudum

184 1609 185 1616 ’
226 1605 276 1661 est
297 1619 316 1659 a
337 1594 415 1658 viris
439 1591 545 1656 doctis
565 1590 746 1674 explosum.
769 1589 871 1652 Plura
892 1588 934 1651 de
958 1587 1097 1651 coloniis
1122 1587 1248 1651 Latinis
1274 1587 1403 1651 dabunt
1418 1587 1467 1648 Ea.

225 1702 401 1790 Spanhem.
418 1702 481 1764 orb.
500 1699 589 1761 Rom.
607 1700 721 1761 Exere.
738 1699 763 1760 I.
779 1719 803 1758 c.
821 1697 851 1760 9.
874 1695 987 1782 Sigon.
1004 1697 1043 1757 de
1061 1699 1188 1777 antiquo
1198 1699 1277 1780 jure
1298 1698 1374 1758 Ital.
1394 1693 1463 1756 ut
1523 1727 1525 1850 p

219 1836 254 1898 p.
276 1811 347 1875 661.

788 1913 816 1996 s.
840 1911 911 1976 129.

532 2030 605 2090 Quid
622 2029 738 2082 coloniae
747 2030 823 2098 juris
840 2029 931 2083 Italics¹
947 2039 973 2082 et
985 2029 1179 2099 provinciales?
1526 2010 1527 2078 l

310 2133 523 2198 Coloniarum
545 2149 672 2195 murel
691 2146 786 2207 tulus
806 2132 877 2215 jam
907 2153 1004 2215 supra
1025 2131 1239 2194 meminimus.
1268 2129 1341 2192 Eae
1365 2129 1472 2215 procul
1527 2150 1528 2204 i

133 2251 139 2270 ¹
228 2244 330 2308 dubio
360 2241 534 2305 deterioris
560 2224 667 2303 adhuc
694 2246 789 2302 erant
817 2238 1036 2321 conditionis,
1066 2261 1161 2324 quam
1184 2239 1349 2320 Latinae,
1369 2237 1473 2323 paullo
1528 2292 1529 2354 1

227 2339 519 2431 melioris‘tam'em
546 2369 642 2434 quam
665 2345 897 2431 provinciales.
920 2347 1105 2410 Discrimen
1126 2347 1392 2431 interutrasque
1414 2369 1475 2410 ma·
1528 2357 1529 2364 ’

227 2462 316 2525 xime
334 2459 369 2522 in
387 2456 593 2521 immunitate
612 2478 632 2518 a
647 2456 777 2530 tributis
796 2454 954 2536 constitit,
979 2475 1036 2517 seu
1050 2455 1254 2519 immunitate
1273 2477 1293 2518 a
1310 2477 1411 2519 censu
1427 2477 1474 2518 ca-
1529 2434 1530 2486 l

227 2567 305 2652 pitis
327 2573 362 2628 et
388 2563 467 2627 soli:
491 2563 615 2626 Donat.
637 2565 680 2624 ad
701 2563 787 2624 Suet.
806 2564 889 2642 Aug.
913 2584 937 2624 c.
956 2561 1007 2623 40.
1027 2585 1061 2644 p.
1077 2561 1149 2626 286.
1168 2585 1231 2648 sqq.
1261 2563 1418 2629 Gothofr.
1438 2565 1476 2624 od

231 2675 304 2735 God.
326 2671 570 2734 Theodosium.
594 2671 629 2732 V.
642 2693 676 2753 p.
693 2669 764 2734 222.
783 2664 855 2744 223.
880 2668 1086 2754 Quamquam
1104 2671 1190 2734 euim
1211 2681 1246 2735 et
1260 2671 1471 2757 provinciales

229 2769 640 2861 coloniae'nonnumquam
659 2777 817 2841 immunes
830 2783 924 2840 erant
938 2799 957 2839 a
973 2775 1115 2863 tributis,
1127 2788 1164 2843 ut
1181 2788 1312 2846 constat
1326 2779 1474 2866 exemplo

49 2909 54 2920 ·
143 2891 157 2940 3
229 2887 382 2953 coloniae
398 2885 619 2950 Caesariensis
643 2885 767 2972 primae
790 2884 943 2948 Flaviae:
962 2885 1001 2947 I..
1021 2889 1077 2948 ult.
1093 2889 1120 2970 §.
1138 2889 1168 2950 7.
1190 2890 1230 2949 1).
1246 2886 1285 2950 de
1308 2891 1429 2959 Censet.
1447 2899 1476 2952 et

227 2995 316 3060 Pliu.
333 2996 417 3058 Hist.
437 2995 513 3057 Not.
531 2995 590 3056 III.
610 2994 640 3057 3.
663 3002 697 3057 et
716 2991 767 3055 21.
787 2992 934 3056 colonias
955 3001 989 3057 et
1011 2989 1161 3059 civitates
1186 2995 1348 3061 immunes
1371 2999 1414 3061 ab
1433 2998 1475 3080 iis,

168 3101 170 3104 ’
230 3127 315 3192 quae
324 3103 408 3190 juris
425 3110 518 3166 erant
532 3101 652 3185 Italici,
670 3100 857 3196 distinguit:
874 3108 982 3164 tamen
1002 3123 1044 3164 ex
1061 3105 1097 3167 L.
1114 3108 1169 3167 ult.
1185 3106 1214 3187 ἓ.
1230 3107 1259 3168 5.
1278 3107 1319 3166 1).
1336 3107 1376 3170 de
1394 3107 1476 3168 Cam.

229 3212 307 3277 satis
325 3219 430 3304 patet,
445 3233 512 3274 nou
529 3211 564 3276 in
576 3210 747 3275 levatione
765 3230 889 3292 census,
907 3209 965 3273 sed
985 3209 1190 3276 immunitate
1211 3235 1230 3274 a
1249 3235 1351 3278 censu
1367 3215 1475 3299 capitis

230 3330 265 3387 et
285 3321 364 3402 soli,
380 3320 464 3384 illud
478 3318 534 3402 jus
558 3307 756 3382 constitisse:
773 3305 894 3381 Forma
911 3340 992 3382 vero
1016 3319 1179 3384 censionis
1202 3343 1288 3406 quae
1312 3323 1424 3404 tuerit,
1442 3331 1477 3386 et

228 3450 286 3494 cur
302 3449 343 3492 ea
359 3427 460 3500 fuerit
473 3428 632 3509 instituta,
650 3427 728 3492 satis
745 3427 884 3512 adparet
903 3448 945 3489 ex
959 3428 997 3488 L.
1013 3427 1042 3488 4.
1058 3430 1099 3489 1).
1115 3431 1154 3490 de
1175 3430 1337 3518 Gemitus,
1356 3432 1409 3495 cui
1425 3429 1478 3494 ad-

230 3535 356 3602 dendus
371 3526 442 3599 Jac.
459 3534 596 3598 Guther.
608 3537 647 3597 de
662 3538 740 3618 offic.
755 3537 845 3597 Dom.
859 3537 945 3618 Aug.
961 3534 1022 3596 III.
1037 3535 1066 3596 9.
1076 3559 1110 3618 p.
1128 3535 1200 3598 591.
1212 3543 1264 3620 111).

297 3747 340 3813 m)
361 3745 489 3798 Coloniae
508 3742 595 3796 Italici
608 3739 688 3807 juris,
706 3748 737 3794 ut
754 3741 860 3795 tertiam
879 3742 1012 3808 speciem,
1031 3759 1048 3795 a
1065 3743 1165 3798 civium
1184 3746 1392 3812 etLatinorum
1411 3752 1482 3803 mlo-

230 3833 282 3885 niis
301 3831 444 3896 diversam,
462 3829 544 3896 vulgo
562 3833 688 3894 repetunt
704 3831 794 3882 eloco
812 3829 924 3881 Asconii
941 3827 1056 3882 Pediani
1073 3829 1101 3880 in
1120 3829 1177 3882 Pis.
1196 3849 1218 3884 e.
1235 3838 1256 3884 1.
1273 3850 1301 3900 p.
1322 3837 1381 3886 156.
1397 3836 1441 3886 ed.
1453 3837 1483 3886 Ι.

229 3917 268 3970 Β.
288 3933 369 3986 quem
390 3917 499 3978 Noster,
516 3913 586 3967 sicut
605 3913 741 3980 Sigonius,
759 3913 948 3981 praetermisit.
967 3915 1022 3968 Sed
1038 3914 1135 3968 nititur
1151 3917 1218 3968 haec
1235 3917 1393 3974 Italicarum
1411 3923 1484 3974 colo

231 4003 338 4058 uiarum
356 4001 457 4056 mentio
481 4017 556 4054 mera
578 4000 735 4066 conjecture
757 3999 854 4051 urano.
877 4000 1043 4065 nommant,
1062 3998 1110 4068 qui
1134 4003 1215 4054 verba
1234 4003 1330 4056 mutila
1355 4005 1484 4058 Asconii:

229 4091 339 4159 „iteum
357 4089 425 4141 oliae
439 4087 594 4139 Latinorum
609 4084 720 4146 esscnt‚''
738 4083 810 4135 hunc
822 4083 850 4135 iu
863 4085 974 4138 modum
995 4103 1030 4138 ox
1042 4087 1150 4152 ingenio
1163 4089 1287 4142 retinxit:
1300 4100 1405 4154 „erant
1417 4093 1485 4143 enim

233 4175 310 4236 aliae,
328 4173 419 4244 quibus
428 4172 478 4242 jue
494 4169 589 4224 Italiae
602 4170 722 4231 dabatur,
736 4170 804 4222 oliae
818 4171 967 4238 itemquae
983 4173 1139 4226 Latinorum
1152 4173 1274 4234 essent,·”
1294 4169 1379 4243 quum
1392 4183 1484 4228 tamen

231 4263 350 4324 praestet
373 4273 434 4309 cum
459 4257 588 4323 Savignio
610 4258 707 4310 Comm.
724 4254 790 4308 uber
814 4257 861 4308 dm
877 4256 928 4326 jus
949 4257 1080 4312 Italicum.
1097 4274 1124 4325 p.
1142 4264 1167 4312 5.
1188 4259 1332 4326 (Zeitscler.
1349 4261 1378 4328 fi
1396 4263 1486 4330 pescle.

233 4343 269 4397 R.
291 4343 331 4396 W.
354 4343 384 4396 T.
410 4343 437 4395 V.
450 4360 481 4410 p.
495 4343 671 4409 247-250.)
691 4357 723 4393 ca
749 4342 788 4394 sic
806 4344 946 4408 supplere:
966 4344 1025 4406 „ito
1043 4352 1073 4395 ut
1090 4345 1159 4397 aliae
1176 4346 1270 4397 muium
1289 4346 1485 4408 Romanorum,

233 4427 300 4478 altae
319 4428 476 4479 Lotinomm
491 4427 602 4480 essent.''
630 4426 724 4480 Simile
742 4427 808 4495 quid
832 4427 990 4480 suboluerat
1009 4429 1068 4496 jam
1087 4432 1149 4481 Ant.
1167 4429 1323 4494 Augustino
1342 4433 1486 4483 intineris

229 4511 265 4562 ad
287 4511 408 4579 Onvplzr.
429 4513 589 4564 Ponvtnium
609 4512 675 4564 dotis
691 4531 718 4580 p.
737 4516 797 4566 3³6.
817 4512 917 4564 collect.
936 4515 1050 4566 Andros.
1069 4513 1158 4567 Haut.
