3030 5160
102 408 106 412 -
175 369 247 436 oso
402 361 478 430 um.
503 359 565 428 1n.
590 357 671 430 'rm
696 321 1202 448 xvr-xx..(xv-ux.)

325 535 414 600 Mae.
439 535 525 612 Quid
543 537 652 596 nuno?
670 535 763 596 etiam
784 535 862 596 maii
879 535 1052 616 despondeo
1064 535 1195 616 filiam?

409 643 513 704 Euon
535 643 596 704 allis
618 643 747 724 legibue,

331 750 408 812 Cum
430 750 485 810 illo
506 749 587 822 dote,
609 769 703 831 quom
726 749 782 809 titi
798 749 871 810 dici.
892 747 982 810 Mae.
1004 748 1179 810 aronnnrr'
1199 753 1298 830 ergo?

627 855 730 916 Eoos.
753 874 918 916 oronnae.

181 991 235 1054 Ex
253 935 431 1050 bnamma
449 982 561 1048 Plauti
576 985 646 1071 jam
672 1007 768 1070 supra
791 984 978 1069 exemplum
1001 986 1141 1050 vidimus
1156 986 1184 1068 ς.
1200 983 1231 1044 4.
1258 983 1326 1046 Sed
1348 991 1380 1046 et
1395 983 1432 1044 in

186 1097 373 1160 Curculione
388 1092 459 1155 Aet.
476 1093 511 1154 V.
527 1113 569 1156 so.
579 1092 609 1154 2.
625 1091 694 1178 [*o.
704 1091 773 1178 ⁸74.]
789 1093 1016 1157 Phaedromus
1030 1093 1078 1157 ita
1093 1117 1113 1157 a
1128 1090 1235 1156 milite
1250 1090 1434 1176 stipulatum
1508 1095 1509 1150 l

332 1218 400 1278 Pro.
422 1235 637 1290 cronon-vna,
658 1218 756 1290 ms‘les,
774 1217 853 1278 mila
869 1218 951 1278 tono
971 1217 1127 1279 oaorem?
1168 1213 1170 1220 '

652 1321 713 1384 tn.
734 1333 898 1385 arenoso.
943 1325 946 1338 “

184 1453 225 1521 In
242 1474 283 1516 eo
308 1462 418 1517 tamen
439 1476 458 1516 a
479 1453 617 1538 reliquis
636 1451 903 1538 stipulationibus
923 1455 1121 1518 differebant
1144 1452 1332 1538 sponsalia,
1353 1450 1434 1536 quod
1508 1483 1509 1494 κ

186 1569 221 1625 et
236 1562 353 1625 absens
376 1561 504 1624 absenti
527 1581 589 1645 per
607 1560 781 1645 epistolam
800 1561 855 1626 vel
878 1561 1119 1625 internuncium
1142 1569 1236 1624 recte
1251 1549 1437 1643 desponde-

184 1669 300 1733 batur:
320 1669 359 1730 L.
373 1669 404 1730 4.
420 1677 454 1732 et
469 1670 507 1731 L.
520 1669 552 1732 7.
568 1672 608 1730 D.
625 1669 663 1728 de
679 1669 821 1750 Sponsol.
843 1670 894 1732 Ea
918 1689 1052 1754 quoque
1073 1671 1107 1732 in
1124 1667 1337 1753 sponsalibus
1352 1665 1436 1728 adhi-
1508 1691 1509 1716 1

186 1776 329 1840 bebatur
343 1775 464 1856 cautio,
480 1784 516 1839 ut
531 1775 566 1840 in
581 1775 710 1839 tabulas
732 1776 927 1860 plerumque
947 1776 1181 1862 redigerentur
1202 1774 1438 1839 conventiones
1508 1767 1509 1776 ¹

71 1917 74 1921 ·
188 1883 413 1970 sponsalitiae.
433 1880 533 1946 Unde
548 1880 720 1946 Juvenalis
737 1883 806 1947 Sot.
822 1881 862 1970 [*
875 1883 927 1947 VI.
943 1905 971 1947 o.
986 1883 1060 1947 200.
1075 1881 1136 1968 sp]

337 2007 377 2070 Si
394 2007 451 2068 tibi
468 2007 610 2088 legitimis
626 2015 755 2089 poetam
771 2008 980 2090 junctamque
1001 2025 1168 2070 rannone

337 2113 411 2176 Non
432 2134 467 2175 ee
488 2124 665 2186 amaturus,
718 2146 740 2160 -
820 2149 864 2162 ·-
904 2117 906 2128 '
946 2151 989 2161 —
1071 2148 1114 2188 -7

188 2245 273 2312 Dari
293 2246 392 2310 etiam
414 2244 568 2309 solebant
581 2243 715 2326 arrhae,
739 2254 774 2309 et
794 2246 932 2311 annulus
948 2245 1132 2331 pronubus,
1152 2245 1335 2330 dequibus
1357 2245 1441 2309 aliis-
1508 2265 1509 2280 ³

190 2333 255 2439 que
273 2351 337 2417 buc
345 2352 595 2438 pertinentibus
606 2354 722 2416 ritibus
739 2353 903 2436 copiosius
919 2355 989 2438 agit
1003 2353 1102 2416 Bam.
1120 2352 1311 2416 Brissonius
1327 2353 1366 2415 do
1379 2357 1439 2414 ritu

188 2463 328 2543 nuptior.
346 2482 379 2543 p.
394 2461 466 2523 204.
482 2481 527 2542 sq.
549 2459 639 2523 Illud
655 2460 770 2544 quaeri
785 2459 890 2542 solet,
906 2483 951 2524 an
972 2469 1007 2525 et
1021 2459 1187 2544 sponsalia
1208 2459 1252 2522 de
1268 2467 1439 2544 praesente
1508 2457 1509 2460 ’

192 2576 227 2632 et
242 2567 284 2630 de
300 2567 424 2644 futuro,
437 2587 521 2650 quae
534 2575 665 2649 vocant,
677 2575 756 2631 nota
768 2568 892 2631 fuerint
900 2568 1079 2632 Romanis?
1095 2568 1263 2631 Adfirmat
1274 2567 1438 2632 Huberus:
1508 2635 1509 2646 ἶ

192 2674 314 2763 probat
337 2672 560 2758 Gundlingius
581 2673 615 2736 in
634 2675 878 2756 Guodliogionie
893 2679 987 2739 Pori.
1003 2677 1044 2738 X.
1057 2697 1092 2757 p.
1106 2673 1181 2741 380.
1197 2675 1257 2738 ubi
1273 2695 1318 2738 ex
1333 2673 1438 2738 Nonio
1508 2713 1509 2726 κ

192 2788 227 2845 et
241 2780 558 2846 Arnobio-odoereus
572 2789 682 2862 gentes
695 2781 735 2842 X.
747 2803 782 2862 p.
802 2783 872 2844 140.
891 2783 1055 2864 ostendit,
1071 2782 1240 2846 Romanos
1256 2781 1440 2846 distinxisse

191 2887 280 2954 inter
300 2904 635 2965 sonneras,1³acvas
653 2896 687 2952 et
706 2905 863 2954 snousas
885 2889 1072 2954 Discrimen
1100 2890 1165 2954 boc
1190 2890 1369 2975 eleganter
1388 2911 1439 2952 ex·

192 2993 295 3080 plicat
318 2994 505 3059 Gronovius
529 2997 574 3058 od
596 2999 691 3060 Gellii
706 2998 809 3061 Noott.
824 3000 920 3060 Attio.
940 3000 998 3060 IV.
1016 2998 1047 3060 4.
1077 2999 1174 3081 Virgo
1193 3018 1349 3060 somna
1368 2998 1441 3058 dne

194 3105 304 3166 lotura
321 3123 416 3184 quum
434 3113 585 3167 convento
606 3113 675 3166 erat
690 3106 829 3177 conditio,
843 3125 968 3167 aneon.-
986 3107 1042 3168 udi
1057 3108 1256 3188 antepositae
1274 3107 1441 3188 stipulatio·

115 3216 120 3276 ζ
196 3232 262 3284 nes,
277 3229 415 3278 suom.
436 3211 558 3274 Poetae
572 3231 653 3294 ergo
669 3210 791 3276 similes
808 3218 902 3274 erant
917 3193 1162 3298 quodammodo
1180 3211 1389 3298 desponsatis
1404 3209 1441 3274 de

155 3383 157 3388 ,
195 3316 305 3381 futuro
314 3341 322 3392 ;
338 3338 477 3402 sponsae
495 3319 537 3382 de
553 3328 736 3405 praesente.
759 3319 827 3382 Sed
842 3319 977 3384 veritati
992 3320 1096 3402 magis
1111 3328 1372 3386 consentaneum
1388 3327 1442 3398 est,

138 3453 141 3461 a
195 3423 363 3508 sponsalia
375 3425 601 3516 Romanorum
624 3429 658 3490 in
678 3427 863 3491 universum
879 3427 990 3490 omnia
1009 3427 1169 3492 fuisse'de
1185 3429 1310 3509 futuro,
1324 3426 1397 3508 vel,
1412 3433 1442 3488 ut
1508 3411 1509 3488 Ῐ

195 3529 407 3596 Florentinus
427 3533 560 3615 definit,
581 3539 762 3598 mentionem
775 3545 807 3598 et
828 3537 1097 3616 reproouiseiooem
1115 3539 1303 3618 nuptiarum
1314 3536 1442 3615 sutura·

197 3659 286 3702 rum:
307 3639 497 3705 Ιι.1.1).άσ
515 3641 658 3723 Sponeol.
679 3643 798 3706 Pactus
820 3642 920 3706 etiam
943 3651 1123 3707 conventas
1141 3643 1207 3708 dici
1227 3639 1443 3720 consuevisse,

197 3752 291 3830 patet
315 3766 358 3810 ex
381 3747 482 3813 Festo
510 3747 553 3834 [*
563 3769 598 3830 p
617 3749 667 3812 97.
692 3770 735 3812 ex
758 3751 830 3814 edit.
853 3749 1023 3838 Deceri'i.]
1060 3751 1236 3816 &onmes
1257 3751 1446 3820 deciam
1508 3807 1509 3822 ,

62 3895 67 3906 1
198 3874 293 3935 quum
305 3858 429 3937 prtinus
443 3874 544 3917 sermo
559 3857 598 3918 de
613 3861 728 3938 nuptiis
743 3867 775 3919 et
789 3879 899 3920 eorum
914 3861 1088 3922 conditione
1101 3859 1282 3922 trudebatur.
1508 3881 1509 3886 ¹

772 4063 801 4146 g.
822 4063 873 4125 21.

644 4193 831 4262 &potationes
849 4212 1005 4248 commones.

283 4305 440 4392 Denique
467 4325 651 4376 oouuuuus
677 4311 909 4394 stipulationes
931 4309 1082 4398 reliquae
1108 4319 1197 4394 sunt,
1229 4331 1317 4397 quae
1343 4317 1443 4374 tuma

199 4408 371 4494 Praetore,
388 4423 455 4477 tum
472 4439 492 4478 a
499 4416 615 4500 judice
638 4417 867 4502 exigebantur,
885 4419 991 4506 qualis
1007 4427 1080 4484 erat
1094 4417 1215 4500 cautio,
1233 4437 1305 4479 rem
1323 4415 1442 4500 pupillo

200 4509 325 4580 salvam'
340 4519 426 4584 fore:
442 4523 471 4603 §
485 4524 515 4588 4.
530 4526 608 4586 [nst.
623 4527 661 4586 do
679 4526 776 4588 Divis.
791 4529 894 4606 stapel.
