3080 5154
543 491 629 554 LIB.
650 491 677 555 I.
701 491 793 556 TIT.
815 491 894 557 VII.

701 655 736 694 DE

234 775 381 854 LEGE
412 775 623 874 Fusmr)
651 777 873 854 CANINIA
897 776 1198 859 TOLLENDA.

174 957 227 1022 Ad
247 957 465 1022 coercendam
482 957 735 1022 manumittendi
756 957 925 1022 licentiam
944 967 1133 1045 comparata
1152 963 1251 1026 etiam
1265 973 1344 1029 'erat

95 1067 150 1130 lex
169 1085 264 1132 susm
285 1083 444 1130 caurum:
466 1067 508 1129 de
526 1087 590 1150 qua
614 1088 712 1150 quum
729 1065 813 1129 nihil
833 1066 922 1131 dicat
940 1070 1142 1153 Imperator,
1168 1071 1230 1133 nisi
1253 1073 1344 1155 quod

96 1196 163 1236 eam
179 1173 354 1257 sustulerit,
370 1195 422 1236 res
439 1172 539 1258 paulo
552 1172 649 1236 altius
666 1195 708 1236 ex
721 1175 971 1260 antiquitatibus
986 1175 1145 1241 Romanis
1167 1179 1230 1241 erit
1245 1201 1344 1265 repe-

95 1282 197 1346 tenda.

673 1414 703 1496 g.
724 1414 754 1476 1.

368 1530 426 1582 Lex
444 1529 528 1584 Fusio
548 1529 660 1584 Caninio
679 1531 784 1600 quando
805 1538 831 1582 et
849 1548 867 1582 a
886 1529 978 1600 quibus
995 1530 1068 1584 lata?

168 1633 221 1696 De
243 1630 390 1718 genuina
410 1631 505 1716 hujus
528 1630 615 1715 legis
637 1637 747 1694 aetate
768 1632 851 1695 mira
873 1641 923 1696 est
946 1632 1149 1698 eruditorum
1172 1634 1342 1702 dissensio.

93 1740 185 1822 Sunt,
201 1742 259 1826 qui
271 1741 373 1805 latam
386 1739 472 1802 hanc
483 1739 593 1824 legem
611 1739 801 1802 existimant
814 1739 856 1818 Q.
868 1739 969 1802 Fusio
985 1739 1123 1822 Caleno,
1144 1748 1179 1804 et
1194 1743 1233 1806 P.
1245 1743 1343 1810 Vati-
1443 1813 1448 1820 .

63 1851 68 1858 “
92 1849 143 1910 aio
160 1849 250 1912 Coss.
269 1869 357 1912 anuo
373 1849 415 1910 ab
438 1846 479 1910 U.
501 1845 657 1910 Cuccvr.
680 1853 714 1930 et
739 1854 931 1912 renovatam
955 1846 1078 1912 deinde
1100 1849 1159 1912 sub
1175 1850 1340 1936 Augusto,

91 1964 222 2040 rogante
243 1956 280 2019 C.
298 1955 439 2018 Caninio
456 1954 554 2018 Cous.
575 1976 662 2017 anno
681 1954 722 2018 U.
735 1955 772 2018 C.
787 1972 896 2018 nucia.
912 1955 1000 2020 unde
1016 1955 1105 2020 dicta
1120 1957 1219 2022 etiam
1238 1959 1281 2023 sit
1301 1981 1342 2026 ea

92 2063 141 2126 lex
159 2064 261 2126 Fusia
277 2062 434 2126 Caninia:
449 2063 472 2126 J
474 2083 520 2125 ac.
535 2060 701 2125 Raevard.
721 2064 854 2145 Conject.
869 2065 914 2124 11.
935 2063 965 2125 1.
985 2062 1087 2126 Oisel.
1108 2066 1153 2126 ad
1170 2068 1248 2148 tr'aji
1258 2071 1339 2130 Inat.

92 2171 154 2234 Ι.2.
167 2172 196 2233 l.
204 2196 237 2255 p.
253 2190 292 2232 m.
308 2169 359 2233 14.
382 2170 450 2234 Sed
469 2191 568 2254 quum
583 2169 724 2252 Dionys.
738 2169 1011 2232 Halicarnasseus
1031 2171 1138 2234 adhuc
1156 2193 1214 2236 sua
1229 2181 1339 2238 aetate

92 2277 127 2341 de
150 2281 252 2343 nimia
273 2277 526 2343 manumittendi
548 2277 687 2340 licentia
709 2283 947 2360 conqueratur,
972 2284 1007 2339 et
1028 2277 1206 2341 Suetonius
1233 2281 1340 2344 Oeten.

91 2389 166 2468 Aug.
184 2409 210 2450 c.
231 2386 283 2448 40.
312 2386 501 2470 Augustum
520 2386 658 2472 prImum
685 2385 728 2448 de
755 2405 892 2449 numero
917 2385 1184 2450 manumissorum
1215 2389 1339 2452 cavisse

91 2493 186 2559 dicat:
207 2493 371 2558 credibile
389 2493 447 2556 vix
467 2500 533 2578 est,
552 2493 663 2578 legem
685 2493 772 2554 hanc
793 2512 865 2554 esse
882 2498 948 2554 tarn
964 2499 1146 2562 vetustam..
1158 2495 1341 2578 Praeterea

92 2603 140 2666 vix
160 2605 194 2666 in
215 2601 414 2686 antiquitate
437 2603 579 2666 occurrit
603 2598 791 2686 exemplum
811 2599 918 2685 legis,
942 2624 962 2666 a
991 2601 1118 2666 duobus
1140 2601 1339 2670 Consulibus

94 2710 284 2776 diversorum
297 2709 739 2796 annorumcognominatae.
751 2708 841 2774 Hinc
854 2707 967 2794 procul
987 2709 1089 2776 dubio
1105 2708 1174 2776 lata
1185 2710 1268 2776 haec
1279 2713 1338 2778 lex

91 2817 157 2881 Sex.
178 2820 283 2884 Furio
298 2819 329 2900 l)
349 2818 492 2884 Camillo
510 2826 544 2881 et
568 2817 606 2880 C.
622 2816 764 2882 Caninio
780 2814 881 2880 Gallo
899 2816 989 2880 Coss.
1012 2839 1099 2880 anno
1115 2819 1157 2882 U.
1172 2819 1208 2882 C.
1227 2840 1337 2888 occur.

90 2925 156 2990 Hoc
181 2927 271 2992 enim
287 2947 374 2990 anno
390 2927 426 2990 C.
444 2925 618 2990 Caninium
641 2923 774 2990 Gallum
797 2923 976 2988 Consulem
999 2924 1169 2990 suffectum
1191 2929 1337 3012 produnt

89 3036 222 3098 Amalec
239 3034 355 3120 Steph.
377 3035 456 3099 Vin.
471 3031 586 3118 Pighii
606 3033 673 3096 Ia‘b.
696 3033 822 3096 XVIII.
831 3054 865 3114 p.
880 3031 952 3094 530.
975 3038 1009 3094 et
1025 3033 1172 3118 Onuphr.
1195 3035 1336 3100 Panvin.

89 3143 165 3206 msa
187 3146 232 3206 ΙΙ.
251 3164 286 3226 p.
303 3141 376 3206 185.
398 3142 489 3221 Quin
512 3148 546 3204 et
568 3163 612 3206 ex
635 3163 734 3206 numo
758 3142 828 3226 ejus
849 3138 1063 3204 Consulatum
1087 3140 1232 3204 restituit
1245 3143 1336 3206 Hub.

90 3248 175 3314 Golz.
202 3257 238 3314 in
257 3253 365 3314 Fastis
379 3272 414 3332 p.
435 3249 506 3312 222.
529 3250 626 3314 Conf.
645 3249 830 3333 Schulting.
854 3249 897 3310 ad
913 3249 985 3330 uaj.
1001 3248 1080 3310 Iost.
1097 3251 1125 3308 1.
1144 3247 1265 3332 2.1.ρ.
1283 3250 1335 3312 24.

89 3356 177 3442 Ephr.
188 3357 356 3425 Gerhardi
372 3359 457 3426 Bisa.
473 3359 512 3419 de
526 3360 595 3440 lege
611 3359 689 3420 Fas.
707 3359 816 3420 Contu.
828 3357 858 3440 ἓ.
872 3357 904 3418 7.

664 3533 693 3615 g.
715 3533 746 3596 a

360 3714 363 3719 .
570 3649 652 3703 Ratio
670 3649 749 3718 lratJ'us
771 3645 843 3718 legis.
1149 3723 1151 3731 Δ

159 3753 285 3817 Caussa
305 3751 394 3815 latae
413 3749 500 3836 legis
523 3748 639 3814 eadem
659 3750 739 3833 fuit,
765 3770 851 3835 quae
874 3748 995 3813 Aeliae
1016 3750 1170 3833 Sentias,
1193 3747 1333 3813 maxime

91 3878 173 3944 vero,
194 3860 287 3945 quod
302 3861 481 3923 morientes
501 3857 626 3922 domini
643 3877 880 3942 saepenumero
898 3857 1044 3941 integras
1060 3857 1201 3921 familias
1219 3876 1334 3919 manu-

91 3967 265 4051 mitterent,
287 3975 432 4050 tautum,
454 3974 490 4031 ut
509 3989 550 4030 eo
567 3966 679 4051 plures
697 3964 811 4030 liberti
833 3963 951 4052 pileati
980 3964 1132 4028 lecticam
1150 3985 1334 4048 proseque-

90 4083 198 4139 rentur.
228 4072 377 4160 Egregie
400 4075 485 4138 hanc
506 4075 542 4138 in
571 4096 640 4137 rem
661 4073 800 4157 Dionys.
823 4072 933 4160 Halic.
953 4073 1009 4134 IV.
1031 4073 1082 4135 24.
1105 4071 1194 4152 Sosii,
1213 4069 1332 4154 inquit,

146 4331 175 4398 a)
196 4331 367 4397 Legendum:
380 4331 439 4380 Lex
446 4329 531 4381 Furia
539 4327 654 4380 Caninia
661 4347 668 4390 ;
679 4326 733 4380 vid.
744 4328 876 4380 Schrader
888 4326 915 4379 in
928 4330 983 4378 not.
993 4324 1051 4376 crit.
1061 4323 1177 4376 adhunc
1187 4305 1332 4379 loaMiilil.

144 4415 175 4482 b)
195 4414 271 4466 Furii
290 4412 363 4466 enim
378 4412 443 4465 olim
461 4412 527 4466 dicti
540 4413 623 4473 Ριιειϊ,
639 4413 870 4480 quemadmodum
882 4408 986 4476 Papirii
1000 4407 1112 4476 Papisii.
1126 4407 1188 4460 Vid.
1205 4411 1331 4461 Prooem.

91 4492 107 4556 ἓ.
123 4500 142 4548 1.
159 4508 209 4551 not.
228 4498 252 4550 b.
272 4499 351 4550 Heia.
