3040 5164
231 411 330 499 ssa¹
608 404 684 474 nm.
710 403 753 473 ιι
777 403 858 472 ιη.
883 403 1110 471 ιιι-ιιιιιι.

233 603 301 646 non
332 587 473 665 utroque
502 588 653 664 tempore
674 580 711 642 in
734 579 883 644 dominio
905 579 1075 645 testatoris
1106 589 1196 662 erat,
1221 579 1272 642 ita
1296 577 1486 663 legaretur:

234 690 357 754 SCtum
380 689 607 752 Neronianum
632 688 819 772 bujnsmodi
838 689 985 774 legatum
1014 696 1152 751 eatenus
1171 687 1372 768 sustinebat,
1395 695 1431 749 nt
1451 687 1485 749 in

233 798 381 882 legatum
399 796 621 860 damnationis
634 795 876 861 inflecteretur:
888 797 1026 880 Ulpiani
1040 797 1172 878 Frugm.
1189 795 1311 856 XXIV.
1326 793 1377 857 ll.
1394 791 1487 877 (Gaj.

233 908 279 971 11.
290 907 319 987 §.
328 904 416 985 197.)
434 905 504 966 Per
521 921 773 969 amasionum
788 927 841 968 res
857 925 971 967 omnes
982 903 1089 988 legari
1105 911 1271 987 poterant,
1286 902 1388 966 etiam
1406 901 1484 964 alie-

234 1035 316 1095 nae,
334 1010 512 1076 dummodo
537 1012 622 1076 tales
647 1021 774 1093 essent,
799 1019 836 1076 ut
850 1012 923 1076 dari
942 1019 1094 1095 possent:
1120 1011 1257 1095 Ulpiani
1274 1013 1441 1093 stagnat
1458 1031 1484 1071 e.

234 1123 265 1204 ς
280 1120 310 1183 8
328 1120 406 1206 Gaji
422 1121 499 1180 lost.
513 1120 557 1179 ΙΙ.
569 1120 601 1180 5.
615 1119 646 1180 o
661 1137 800 1184 ειιιιιιιιιι
818 1135 912 1182 ssooo
930 1117 1131 1202 legabuntur
1142 1139 1196 1182 res
1213 1117 1371 1203 propriae
1387 1127 1481 1182 testa-

235 1229 316 1293 toris
332 1235 368 1291 et
382 1226 531 1290 heredis:
546 1226 711 1311 Ulpianus
725 1228 798 1290 did.
812 1227 842 1308 §-
857 1227 909 1290 10.
923 1248 990 1290 non
1008 1225 1150 1308 alienae,
1165 1237 1203 1289 ut
1215 1227 1321 1290 visum
1342 1225 1429 1311 Gajo
1442 1226 1485 1306 f).

234 1336 392 1419 Denique
420 1351 485 1398 m
510 1346 794 1398 mcumorsmr
826 1335 1102 1420 relinquebantur
1129 1334 1285 1416 eaedem,
1313 1353 1401 1419 quae
1428 1355 1484 1417 per

235 1443 512 1508 vindicationem:
534 1441 672 1525 Ulpiani
692 1446 823 1524 Fragm.
841 1444 966 1505 XXIV.
986 1442 1038 1505 ll.
1067 1443 1103 1506 Si
1125 1443 1326 1526 conjunctim
1346 1463 1413 1505 una
1435 1464 1484 1504 res

234 1553 350 1637 legata
373 1552 481 1614 suerat
505 1549 654 1633 pluribus
681 1569 745 1616 ersa
770 1567 1058 1614 vmnlcfflorsnu:
1082 1572 1158 1634 pars
1185 1551 1345 1613 deficiens
1371 1551 1482 1612 ceteris

237 1659 461 1743 collegatariis
474 1658 702 1722 adcrescebat:
716 1659 766 1722 sin
782 1680 863 1723 vero
879 1677 945 1722 aas
960 1676 1228 1724 ammonuit:
1241 1681 1318 1742 pars
1332 1658 1479 1722 deficiens

235 1789 339 1855 penes
361 1765 517 1829 heredem
541 1769 713 1830 manebat:
737 1767 880 1831 Oiselius
902 1769 946 1828 ad
968 1769 1046 1849 Gajs‘
1063 1769 1143 1830 lust.
1161 1769 1204 1828 II.
1219 1769 1251 1828 5.
1268 1768 1301 1828 4.
1326 1768 1477 1852 Legatum

235 1877 450 1938 mbdkuts'ons's
471 1882 604 1957 poterat
623 1874 806 1958 repudiari:
826 1876 865 1937 1..
879 1875 910 1936 7.
934 1876 970 1936 Ιι.
988 1875 1040 1936 44.
1063 1875 1092 1955 §.
1110 1874 1140 1936 1.
1161 1876 1199 1936 L.
1218 1873 1271 1938 86.
1292 1877 1321 1958 §
1339 1875 1422 1938 21).
1441 1875 1480 1935 de

236 1985 348 2064 Legat.
368 1983 395 2044 I.
413 1988 604 2066 nonaeque
620 1981 770 2066 legatum
790 1984 1009 2045 dumnatsbm's.
1030 1980 1148 2046 Plures
1166 1983 1365 2047 differentias
1387 1981 1479 2045 dedit
1517 2027 1518 2030 ,

235 2089 401 2156 Merillius
421 2088 595 2152 Observata
616 2089 668 2150 VI.
682 2089 734 2152 32.

816 2255 845 2336 s.
866 2253 897 2318 a.

648 2369 691 2422 13«
708 2367 814 2422 usuca
830 2378 870 2421 est
886 2387 904 2422 a
919 2369 1080 2422 Jasaaano.

319 2469 459 2534 Sustulit
474 2467 559 2530 hane
573 2467 810 2552 differentiam,
826 2479 862 2534 ut
876 2492 974 2555 supra
987 2471 1146 2563 diximus,
1160 2471 1369 2536 lastinianus
1383 2476 1428 2551 1),
1440 2471 1477 2533 ita

236 2587 348 2642 tamen
364 2575 506 2656 sustulit,
520 2585 558 2640 nt
572 2597 639 2638 non
655 2577 734 2640 satis
749 2588 845 2642 cante
861 2577 973 2662 plures
987 2579 1094 2664 leges,
1110 2599 1196 2661 quae
1212 2579 1255 2642 ad
1271 2579 1363 2644 istud
1379 2579 1477 2644 disen-

305 2793 335 2859 1)
353 2791 524 2857 Epitomato,
542 2805 597 2843 non
614 2793 748 2858 genuino:
766 2794 802 2844 Π.
820 2793 840 2860 ξ.
857 2797 918 2845 ‘212
936 2792 1025 2846 Haud.
1051 2793 1167 2845 Nullum
1190 2809 1255 2846 rere
1277 2791 1474 2864 estdissidiun

234 2877 305 2930 iuter
328 2874 506 2940 epitomatnm
524 2876 625 2944 Gajnm
648 2882 730 2943 atque
747 2877 903 2944 genuinum.
936 2879 991 2930 Hie
1008 2877 1081 2930 enim
1098 2879 1194 2942 refert,
1213 2876 1355 2947 plerisque
1380 2877 1472 2947 quidem

234 2963 349 3026 placere,
368 2957 465 3013 inutile
481 2977 542 3012 esse
557 2962 694 3028 ejusmodi
711 2963 838 3028 legatum,
857 2962 985 3016 sustineri
1002 2970 1092 3016 mmen
1110 2981 1146 3016 ex
1163 2963 1324 3016 Neroniano
1342 2963 1424 3016 sco.
1434 2961 1474 3028 (el.

235 3052 292 3099 not.
314 3046 356 3111 g.)
375 3044 482 3096 Caeter.
500 3045 555 3097 vid.
573 3053 600 3098 et
617 3046 753 3099 Marezoll
771 3048 788 3100 l.
806 3049 823 3101 l.
841 3064 867 3113 p.
887 3051 944 3100 104.
966 3047 1128 3102 1051115111.

304 3131 337 3195 g)
357 3128 451 3182 Psimo
471 3131 544 3184 scto
562 3132 719 3184 Neroniano
733 3147 790 3185 nou
807 3134 915 3186 sublata
930 3134 1049 3200 quidem,
1064 3149 1135 3201 quae
1146 3131 1217 3186 inter
1233 3133 1369 3185 formulas
1381 3129 1474 3198 legundi

234 3219 300 3276 erat,
319 3213 483 3276 differentia:
502 3215 553 3267 sed·
568 3222 658 3268 tamen
675 3218 860 3282 constitutum,
874 3223 913 3280 ut,
931 3217 956 3269 si
972 3217 1027 3270 alio
1042 3220 1125 3271 modo
1143 3219 1247 3287 aliquid
1265 3218 1388 3270 relietum
1404 3220 1472 3276 esset,

234 3300 331 3352 saltem
355 3301 470 3364 valeret,
488 3307 627 3370 tamqnam
647 3301 671 3354 si
696 3308 770 3354 esset
791 3317 841 3367 per
858 3303 1060 3357 damnationem
1083 3303 1221 3355 relictum:
1245 3303 1357 3370 Ulpiani
1373 3304 1470 3369 steyn.

238 3384 352 3438 XXIV.
373 3391 412 3438 11.
442 3387 543 3438 Postea
560 3387 756 3440 Constantinus
775 3387 817 3440 M.
836 3389 980 3441 verborum
997 3388 1124 3458 quidem,¹
1141 3393 1242 3440 utnon
1263 3391 1414 3451 actionum,
1429 3385 1474 3437 dil-

236 3467 378 3522 terentiam
394 3471 520 3524 sustulit:
538 3474 571 3526 1..
591 3478 632 3526 15.
654 3471 683 3526 C.
701 3473 734 3524 de
752 3472 822 3524 Test.
839 3474 872 3525 L.
890 3479 932 3526 21.
955 3475 984 3527 C.
1002 3476 1027 3528 l.
1045 3485 1063 3528 t.
1088 3474 1216 3542 Denique
1235 3478 1264 3525 et
1280 3475 1351 3526 bane
1368 3471 1475 3526 aboleuit

234 3553 420 3608 lastinianus:
438 3554 493 3608 vid.
509 3556 572 3609 Jan.
590 3573 606 3608 a
624 3558 708 3609 Costa
726 3559 844 3610 adluat.
863 3558 883 3624 ξ.
902 3563 926 3610 2.
945 3559 970 3610 la
988 3568 1006 3611 t.
1024 3561 1105 3612 Hem.
1135 3561 1384 3612 Senatusoonsulto
1402 3560 1475 3612 Nero-

234 3638 327 3702 niano,
345 3644 413 3692 teste
432 3639 542 3708 quidem
553 3643 682 3708 Ulpiano,
700 3649 809 3695 cautum
827 3648 894 3704 erat,
911 3653 949 3705 ut,
968 3645 1039 3713 quod
1055 3647 1140 3697 minus
1154 3645 1240 3712 putta}
1257 3645 1299 3712 (b.
1315 3662 1339 3698 e.
1357 3644 1411 3696 rite
1423 3658 1472 3694 oon-

234 3723 321 3791 ceptis
344 3739 367 3778 s.
392 3724 540 3794 legitimis)
560 3727 646 3781 verbis
671 3729 785 3798 Iapetum
808 3738 861 3794 est,
875 3730 989 3797 perinde
1005 3731 1052 3790 sit,
1071 3748 1103 3782 oc
1127 3730 1263 3798 sioptimo
1278 3731 1348 3799 jure
1375 3729 1473 3798 lepotm

235 3808 339 3869 esset,·”
356 3823 414 3870 sen,
432 3816 463 3862 ut
480 3812 561 3863 habet
578 3813 680 3879 Gajus:
697 3822 760 3879 ‚‚ut‚
774 3814 798 3868 si
815 3829 874 3866 eam
887 3831 943 3866 rem
962 3815 1079 3884 quisque
1091 3814 1227 3881 legaverit,
1240 3831 1313 3882 quae
1330 3817 1394 3881 ejus
1411 3828 1475 3867 nnn·

233 3912 318 3965 quam
335 3896 430 3960 fuerit,
448 3895 561 3960 perinde
583 3898 649 3950 utile
666 3899 703 3950 sit
728 3902 860 3968 legatum,
878 3905 961 3966 atque
985 3900 1009 3952 si
1026 3901 1130 3965 optimo
1151 3901 1215 3966 jure
1241 3899 1369 3952 relietum
1393 3895 1474 3951 esset*

236 3979 273 4046 (ς.
292 3982 376 4049 197.)
402 3980 505 4047 Adjicit
523 3990 653 4053 uterque:
676 3985 809 4050 optimum
832 4001 892 4038 esse
912 3987 960 4052 jas
978 4001 1026 4052 per
1044 3983 1246 4038 damnationem
1263 3985 1407 4052 legatum,
1421 3997 1476 4053 quo
1517 4041 1518 4050 ἦ

234 4065 309 4119 nium
330 4068 426 4135 (Gajol
436 4066 546 4137 quidem
563 4067 724 4137 interprete)
743 4086 777 4123 eo
795 4070 876 4137 legati
892 4085 991 4135 genere
1014 4071 1095 4124 etiam
1119 4070 1208 4124 aliena
1225 4085 1269 4121 res
1287 4070 1375 4137 legari
1393 4067 1476 4136 possit
1517 4097 1518 4136 3

234 4152 325 4218 Atque
342 4151 397 4204 alio
420 4152 449 4204 iu
466 4156 527 4206 loco
552 4155 591 4208 ita
607 4171 663 4208 rem
682 4155 817 4220 explicat:
839 4157 997 4210 Neroniano
1020 4157 1256 4210 senatuconsulto
1273 4155 1432 4208 mnfirmari
1447 4155 1476 4204 le·
1517 4183 1518 4210 ι

208 4283 211 4288 .
234 4241 306 4302 gata,
324 4255 391 4307 φωρ
407 4237 548 4292 uerbenam
565 4241 626 4292 odio
634 4241 703 4309 jure
720 4241 791 4292 uuili
805 4259 858 4293 non
874 4241 981 4296 sulcant
999 4243 1035 4310 (ξ.
1054 4243 1141 4310 218).
1169 4242 1314 4294 Caeterum
1332 4238 1475 4292 secuntias

234 4321 368 4385 Ulpianus
386 4339 468 4390 quum
486 4326 573 4393 Gajus
591 4324 657 4378 scu
674 4326 756 4378 verba
773 4326 898 4379 retulisse
915 4327 1036 4390 videtur:
1054 4343 1118 4390 nee,
1135 4326 1160 4378 si
1178 4325 1337 4391 simpliciter
1355 4328 1474 4380 &natus-
1517 4311 1518 4360 i

235 4409 389 4462 consultum
404 4409 524 4461 cavisset
539 4409 574 4461 dc
587 4425 617 4462 re
634 4410 723 4463 aliena
740 4414 836 4479 legata,
855 4412 949 4480 quaeri
967 4411 1116 4479 potuisset:
1134 4427 1201 4465 num
1219 4413 1308 4464 valeat
1326 4411 1367 4463 rei
1383 4411 1474 4464 alicam
1517 4399 1518 4442 l

234 4491 352 4556 legatum
369 4493 476 4548 sinendi
495 4495 578 4548 modo
602 4495 724 4550 relictum
746 4498 822 4564 (Gaj.
839 4499 860 4565 §.
880 4499 964 4563 112),
982 4515 1076 4550 rursus
1095 4512 1175 4548 vero:
1198 4511 1233 4548 an
1250 4513 1287 4548 ex
1304 4497 1380 4550 soso
1400 4498 1473 4549 Nero·

235 4575 316 4628 niano
342 4585 506 4632 sustentetur
531 4583 650 4648 legatum
676 4599 725 4650 per
748 4583 966 4650 praeceptionem
987 4584 1083 4636 datum
1109 4589 1239 4636 extraneo
1258 4581 1312 4649 (it.
1338 4585 1360 4651 ξ.
1380 4585 1436 4636 216.
1451 4583 1472 4627 el
