3130 5148
405 395 460 464 lla
485 397 581 465 donn
605 397 694 467 Nar.
720 395 833 466 Gnar-
859 419 905 466 nn
930 396 1006 472 Cra.
1283 407 1328 474 51

82 567 164 630 deret
174 571 218 650 ¹),
235 565 411 653 dabanmr,
426 571 468 636 ad
485 553 608 636 similes
626 565 753 638 caussas
767 593 833 641 non
847 575 1068 640 extendenda.
1087 555 1187 639 Unde
1202 575 1332 638 uberri-

81 695 141 738 mus
164 683 261 740 natus
283 685 335 740 est
356 677 540 764 iniquarum
566 679 800 744 sententiarum
823 691 1016 767 proventus,
1044 684 1100 768 qui
1123 684 1331 748 occasionem

81 782 167 847 dedit
180 783 311 848 edicto:
334 801 428 861 ouon
451 803 599 864 Quisque
617 803 715 852 sonis
735 805 772 852 m
788 805 955 854 suranus
976 806 1178 873 srsrusnrr,
1193 807 1239 854 ur
1258 777 1331 855 msa

79 907 188 954 sonunt
208 890 295 956 JURB
314 909 463 958 unsrun.
486 895 683 980 Exemplum
698 897 845 981 reperies
860 897 948 982 apud
963 899 1072 962 Tacit.
1088 901 1208 962 Annol.
1224 899 1266 962 ΙΙ.
1279 897 1331 960 30.

80 998 180 1076 Quum
206 1019 289 1062 vero
315 1001 488 1084 generalia
509 1002 620 1082 edicta
640 1004 780 1070 subinde
806 1013 1024 1088 mutarentur,
1051 1025 1117 1070 nec
1138 1003 1223 1070 levis
1252 1005 1331 1072 inde

79 1105 357 1192 nasceremrzjuris
374 1109 539 1174 confusio:
556 1113 688 1176 obviam
704 1111 781 1175 buic
795 1113 990 1178 Praetorum
1007 1113 1164 1178 licentiae
1183 1116 1264 1176 itum
1280 1121 1331 1181 est

78 1215 147 1298 lege
166 1213 328 1316 Cornelia
342 1221 388 1298 ⁸),
411 1217 481 1281 lata
498 1218 541 1281 A.
560 1219 602 1281 U.
621 1218 657 1282 G.
673 1219 961 1286 DCLXXXVII.
985 1221 1058 1285 aG.
1079 1213 1238 1285 Cornelio
1254 1219 1331 1284 Tri-

79 1323 159 1385 buno
177 1323 306 1407 plebis,
323 1323 360 1390 (l.
375 1325 502 1390 'Pisone
519 1334 554 1390 et
568 1326 658 1390 Man.
679 1325 864 1392 Glabrione
881 1327 972 1392 (loss.
988 1349 1053 1413 qua
1069 1336 1198 1392 cautum
1218 1335 1280 1410 est,
1295 1337 1333 1392 ut

78 1431 249 1494 Praetores
265 1452 309 1494 ex
325 1430 442 1495 edictis
457 1435 521 1496 suis
535 1434 705 1519 perpetuis
713 1435 769 1518 jus
785 1434 946 1519 dicerent,
962 1455 1072 1521 neque
1089 1455 1151 1520 per
1167 1437 1331 1520 integrum

79 1559 188 1612 annum
205 1539 388 1624 quidquam
402 1541 437 1602 in
452 1541 493 1604 iis
507 1533 725 1611 immutarent.
744 1543 814 1608 Dio
829 1543 918 1608 Cass.
933 1545 1017 1606 Hist.
1034 1543 1190 1606 XXXVI.
1206 1543 1257 1608 23.
1279 1543 1332 1608 Ex

78 1667 114 1710 eo
130 1655 283 1732 tempore
302 1645 417 1731 paullo
435 1649 556 1715 certius
577 1669 649 1714 esse
668 1651 781 1734 coepit
791 1651 847 1735 jus
866 1650 1084 1736 praetorium,
1099 1646 1196 1734 adeo,
1215 1657 1251 1712 ut
1262 1651 1333 1736 jaus

78 1747 223 1840 tempore
240 1755 411 1834 Ciceronis
427 1757 579 1842 plerique
594 1775 672 1839 non,
688 1766 725 1821 ut
740 1758 830 1842 olim,
847 1759 949 1826 aXlI
960 1757 1110 1840 Tabulis,
1122 1758 1182 1823 sed
1198 1781 1218 1821 a
1228 1759 1333 1822 Prae—
1384 1753 1388 1758 ’

77 1863 149 1926 toris
165 1863 281 1928 edicto
291 1863 375 1947 juris
391 1863 598 1950 disciplinam
613 1866 869 1950 auspicarentur,
882 1874 917 1930 ut
933 1887 976 1930 ex
988 1867 1094 1932 Cicer.
1108 1869 1147 1932 de
1157 1867 1257 1950 Legg.
1268 1865 1332 1930 1.st

77 1973 228 2035 observat
248 1971 320 2034 Jac.
334 1972 496 2036 Peneon.
518 1974 604 2034 Dias.
622 1975 661 2036 de
684 1974 761 2056 Lag.
783 1967 894 2038 Vocon.
915 1973 1034 2057 ρ.198.
1067 1974 1225 2052 Quamvis
1249 1993 1331 2038 vero

77 2087 143 2163 post
163 2079 279 2162 legens
297 2079 488 2144 Corneliam
504 2080 658 2143 Praetori
680 2079 767 2145 baud
781 2082 907 2146 licebat
922 2082 1065 2146 edictum
1087 2103 1177 2148 suum
1198 2101 1259 2168 per
1273 2101 1332 2146 an-

78 2207 144 2249 num
160 2194 308 2250 mutares
328 2187 412 2252 nibil
426 2189 631 2273 impediebat
647 2197 774 2273 tamen,
790 2212 856 2275 quo
872 2191 978 2252 minus
997 2210 1166 2254 successor
1182 2197 1333 2258 anteces-

78 2317 177 2358 somm
201 2295 324 2379 edicta,
350 2297 434 2360 inito
459 2297 669 2382 magistratu,
692 2298 747 2360 vel
764 2307 901 2382 augeret
921 2296 977 2360 vel
997 2299 1193 2361 immutaret.
1220 2293 1332 2378 Unde,

79 2425 155 2487 quae
171 2405 343 2468 retinebat
359 2425 535 2486 successor,
551 2407 646 2468 edicta·
657 2420 873 2482 recusutum
890 2425 975 2490 quae
990 2405 1137 2469 addebat
1149 2404 1206 2468 vel
1217 2404 1333 2468 immu-

78 2514 174 2595 tabat,
201 2514 298 2576 edeta·
312 2529 394 2576 novi
416 2514 550 2576 nomine
573 2514 761 2578 veniebant.
788 2513 856 2578 Cic.
880 2513 1045 2578 Verrial.
1070 2513 1121 2575 44.
1144 2513 1221 2576 Non
1242 2512 1332 2596 prius

79 2639 151 2706 ergo
172 2620 317 2684 edictum
341 2641 420 2686 vere
436 2629 633 2708 perpetuum
653 2623 793 2709 prodiit,
817 2643 914 2710 quam
937 2621 1140 2707 temporibus
1155 2621 1330 2703 Hadriani,

80 2729 119 2792 de
139 2752 205 2816 quo
229 2729 372 2794 diximus
394 2729 428 2792 in
444 2753 582 2818 prooem.
600 2731 628 2814 ς.
643 2731 694 2794 14.

651 2855 680 2936 s·
701 2854 753 2916 2⁵-
838 2899 842 2904 -

476 2953 615 3006 Praetorii
629 2954 708 3006 edicti
723 2951 761 3006 vis
780 2961 805 3004 ct
823 2953 893 3005 rabo
902 2951 943 3022 b).

159 3046 210 3110 At
225 3047 351 3136 'mirum
376 3053 533 3130 quantum
556 3045 751 3111 Praetorum
780 3053 815 3109 et
834 3045 1066 3130 jurisdictione
1098 3056 1133 3111 et
1162 3051 1330 3133 perpetuis

78 3155 192 3234 edictis
206 3153 583 3242 profeceritRomanum
592 3155 657 3242 jus.
679 3154 716 3218 ld
732 3153 818 3221 enim
832 3159 972 3240 egerunt
987 3163 1086 3238 atque
1104 3155 1203 3218 etiam
1219 3157 1330 3240 perfe-

139 3323 173 3390 ι)
194 3322 239 3375 Ab
254 3321 331 3373 hisce
349 3319 444 3374 edictis
462 3319 544 3374 etiam
563 3319 671 3372 diversa
688 3320 772 3373 luisse
789 3319 924 3381 videntur,
945 3331 1016 3386 quae
1033 3318 1173 3387 repentina
1190 3325 1330 3388 vorantur,

78 3420 98 3457 s.
114 3425 146 3458 es
164 3415 285 3477 tempore
298 3405 447 3474 proposita,
465 3421 498 3457 ea
515 3403 658 3470 nimirum,
676 3422 755 3474 quae,
774 3409 927 3472 temporum
944 3403 1049 3456 ratione
1066 3407 1231 3472 postulante,
1246 3405 1332 3473 magi-

78 3497 173 3546 maan
192 3485 286 3544 medio
310 3491 340 3544 in
364 3506 436 3543 anno
462 3489 647 3558 proponebat,
665 3491 718 3542 hoc
740 3497 836 3556 paeto,
855 3492 927 3542 utin
945 3507 1080 3543 commune
1105 3493 1240 3556 valerent,
1258 3495 1332 3546 velut

78 3575 140 3632 illud
152 3577 317 3631 verrinum:
335 3594 368 3628 ae
386 3576 443 3645 quis
452 3575 624 3643 frumentum
640 3575 883 3636 &uredicilaten
900 3574 958 3627 Cio.
976 3575 1005 3627 in
1030 3575 1105 3628 Verr.
1118 3578 1168 3630 ΙΙΙ.
1185 3583 1224 3632 14.
1243 3579 1331 3634 Mittl.

139 3666 173 3732 a)
192 3665 285 3718 Antea
297 3665 330 3714 A.
344 3661 377 3716 U.
392 3660 423 3714 C.
434 3661 630 3717 DbXXXVI.
651 3659 703 3714 SC.
718 3677 751 3712 ea
768 3661 802 3714 de
819 3651 975 3723 redactum,
988 3665 1063 3726 patet
1080 3680 1116 3714 ex
1127 3665 1202 3718 Actis
1221 3665 1331 3728 diurnis,

79 3764 142 3816 quae
161 3749 192 3802 in
208 3746 366 3800 bibliotheca
383 3747 424 3800 Js.
443 3745 538 3799 Vossii
556 3745 671 3808 luerunt,
690 3745 719 3798 iu
737 3745 837 3816 quibus
855 3747 966 3798 ethaeo
984 3751 1108 3802 exstant:
1332 3745 1338 3754 “

274 3845 348 3884 noas
366 3845 471 3884 ocrsvs
489 3845 606 3884 sanares
624 3844 742 3884 coscrus
760 3845 787 3884 m
807 3845 942 3886 nosrnu.

273 3932 312 3970 sc.
331 3929 438 3969 rscruu
456 3931 503 3968 aar
522 3931 568 3970 υτ]
583 3930 733 3970 russronus
751 3931 788 3969 sx
806 3929 864 3970 sors

272 4015 415 4054 rauranum
432 4016 536 4056 aurens
554 4016 601 4054 sos
622 4015 763 4054 nrcnnsur.

78 4086 138 4138 Vrd.
156 4087 294 4140 Dodwell.
313 4087 350 4140 ad
369 4077 509 4156 Spartica:
523 4087 611 4140 Hadr.
625 4105 656 4158 p.
669 4091 730 4139 333.
749 4093 776 4139 et
793 4087 821 4140 in
837 4087 1082 4158 stipendarios.
1109 4089 1159 4140 Ea.
1184 4087 1331 4152 Spanlrem.

81 4171 142 4223 Orb.
162 4173 243 4225 Rom.
262 4173 305 4225 ΙΙ.
327 4175 368 4224 12.
381 4189 411 4241 p.
430 4175 474 4228 97.
499 4173 554 4225 Sed
577 4174 629 4225 hoc
655 4173 707 4227 SC.
714 4211 722 4238 ,
746 4173 771 4226 si
794 4173 945 4240 genuinum
967 4179 1023 4236 est,
1042 4188 1109 4224 mox
1130 4173 1228 4239 procul
1248 4171 1333 4226 dubio

77 4257 156 4310 clusit
172 4260 336 4311 Praetorum
361 4257 497 4324 potentia,
515 4264 545 4310 ut
564 4263 672 4319 centum
698 4257 776 4310 annis
799 4263 863 4324 post
884 4273 956 4312 nova
973 4273 1044 4324 opus
1061 4262 1134 4310 esset
1157 4258 1216 4322 lege
1230 4257 1333 4311 Corne-

78 4338 119 4392 lia.
137 4343 219 4395 Heia.
244 4343 316 4396 Acta
333 4343 381 4396 illa
399 4343 496 4396 dusma
513 4343 608 4410 spuria
625 4359 685 4396 csse
703 4344 869 4396 contendunt
887 4341 1086 4408 Wesselingius
1106 4339 1289 4412 [wrobabir.
1308 4362 1332 4396 c.

77 4425 139 4496 39.,]
158 4429 266 4482 Ernesti
282 4427 428 4500 [Ἔχετε.
443 4431 466 4482 1.
484 4430 519 4482 ad
538 4431 649 4482 Sueten.
668 4431 747 4483 Caes
765 4447 788 4480 c.
808 4433 850 4482 20.
869 4435 896 4480 et
913 4429 959 4481 Jo
971 4429 1043 4480 Dan
1061 4427 1148 4480 Ritter
1166 4431 1277 4496 praefat
1298 4429 1333 4488 ad

79 4511 212 4566 Heineccii
228 4514 293 4567 hist.
310 4512 368 4583 j.];
387 4515 497 4566 multa
491 4530 596 4580 messe,
616 4531 686 4587 quae
703 4515 772 4568 falsa
789 4514 857 4578 sint,
876 4512 980 4582 liquido
1001 4487 1111 4580 probini
1129 4519 1227 4578 potest.
1249 4515 1332 4581 Canu.

145 4598 177 4664 b)
197 4600 274 4664 Quae
293 4599 328 4652 de
347 4598 486 4653 Praetoris
505 4600 609 4654 artibus
627 4599 803 4668 fallaciisque,
823 4598 946 4668 quibus
934 4613 982 4664 με
1000 4599 1102 4666 optime
1115 4597 1220 4664 legibus
1232 4598 1332 4652 consti·

1091 4685 1136 4746 4*
