<?xml version="1.0" encoding="UTF-8"?>
<!DOCTYPE html PUBLIC "-//W3C//DTD XHTML 1.0 Transitional//EN"
    "http://www.w3.org/TR/xhtml1/DTD/xhtml1-transitional.dtd">
<html xmlns="http://www.w3.org/1999/xhtml" xml:lang="en" lang="en">
 <head>
  <title>
</title>
<meta http-equiv="Content-Type" content="text/html;charset=utf-8" />
  <meta name='ocr-system' content='tesseract 3.04.00' />
  <meta name='ocr-capabilities' content='ocr_page ocr_carea ocr_par ocr_line ocrx_word'/>
</head>
<body>
  <div class='ocr_page' id='page_1' title='image "./jogottliebheine00haubgoog_0545.png"; bbox 0 0 3030 5160; ppageno 0'>
   <div class='ocr_carea' id='block_1_1' title="bbox 199 411 1079 503">
    <p class='ocr_par' dir='ltr' id='par_1_1' title="bbox 199 411 1079 503">
     <span class='ocr_line' id='line_1_1' title="bbox 199 411 1079 503; baseline -0.009 -13"><span class='ocrx_word' id='word_1_1' title='bbox 199 421 295 490; x_wconf 59' lang='grc' dir='ltr'><strong>,Μ</strong></span> <span class='ocrx_word' id='word_1_2' title='bbox 622 411 1079 503; x_wconf 61' lang='lat' dir='ltr'><strong>mmmmm</strong></span> 
     </span>
    </p>
   </div>
   <div class='ocr_carea' id='block_1_2' title="bbox 225 589 1454 888">
    <p class='ocr_par' dir='ltr' id='par_1_2' title="bbox 225 589 1454 888">
     <span class='ocr_line' id='line_1_2' title="bbox 225 589 1453 674; baseline -0.001 -22"><span class='ocrx_word' id='word_1_3' title='bbox 225 590 338 654; x_wconf 88' lang='lat' dir='ltr'><strong>edicto</strong></span> <span class='ocrx_word' id='word_1_4' title='bbox 359 589 565 674; x_wconf 87' lang='lat' dir='ltr'><strong>arbitrioque</strong></span> <span class='ocrx_word' id='word_1_5' title='bbox 578 589 610 670; x_wconf 73' lang='grc' dir='ltr'><strong>ῐ)</strong></span> <span class='ocrx_word' id='word_1_6' title='bbox 634 590 804 654; x_wconf 86' lang='lat' dir='ltr'><strong>Praetoris</strong></span> <span class='ocrx_word' id='word_1_7' title='bbox 823 589 978 654; x_wconf 75' lang='lat' dir='ltr'><strong>delatam.</strong></span> <span class='ocrx_word' id='word_1_8' title='bbox 998 590 1100 654; x_wconf 90' lang='lat' dir='ltr'><strong>Unde</strong></span> <span class='ocrx_word' id='word_1_9' title='bbox 1119 599 1154 654; x_wconf 86' lang='lat' dir='ltr'><strong>et</strong></span> <span class='ocrx_word' id='word_1_10' title='bbox 1168 590 1290 654; x_wconf 81' lang='lat' dir='ltr'><strong>Graeci</strong></span> <span class='ocrx_word' id='word_1_11' title='bbox 1306 611 1373 653; x_wconf 89' lang='lat' dir='ltr'><strong>eam</strong></span> <span class='ocrx_word' id='word_1_12' title='bbox 1392 611 1453 652; x_wconf 89' lang='lat' dir='ltr'><strong>sae-</strong></span> 
     </span>
     <span class='ocr_line' id='line_1_3' title="bbox 226 695 1454 782; baseline 0.001 -22"><span class='ocrx_word' id='word_1_13' title='bbox 226 700 299 782; x_wconf 81' lang='lat' dir='ltr'><strong>pius</strong></span> <span class='ocrx_word' id='word_1_14' title='bbox 319 707 439 762; x_wconf 82' lang='lat' dir='ltr'><strong>vocant</strong></span> <span class='ocrx_word' id='word_1_15' title='bbox 457 705 646 779; x_wconf 78' lang='lat' dir='ltr'><strong>npwrmpicr</strong></span> <span class='ocrx_word' id='word_1_16' title='bbox 662 695 818 781; x_wconf 66' lang='grc' dir='ltr'><strong>διαδοχήν,</strong></span> <span class='ocrx_word' id='word_1_17' title='bbox 837 697 911 776; x_wconf 78' lang='lat' dir='ltr'><strong>vei,</strong></span> <span class='ocrx_word' id='word_1_18' title='bbox 932 698 980 761; x_wconf 89' lang='lat' dir='ltr'><strong>uti</strong></span> <span class='ocrx_word' id='word_1_19' title='bbox 1001 698 1036 760; x_wconf 82' lang='lat' dir='ltr'><strong>in</strong></span> <span class='ocrx_word' id='word_1_20' title='bbox 1052 697 1180 762; x_wconf 60' lang='grc' dir='ltr'><strong>(Ἀσπὶς</strong></span> <span class='ocrx_word' id='word_1_21' title='bbox 1195 709 1264 781; x_wconf 76' lang='lat' dir='ltr'><strong>est,</strong></span> <span class='ocrx_word' id='word_1_22' title='bbox 1284 697 1454 780; x_wconf 71' lang='grc' dir='ltr'><strong><em>τ’ττιαῃὸττατ</em></strong></span> 
     </span>
     <span class='ocr_line' id='line_1_4' title="bbox 226 803 421 888; baseline -0.01 -20"><span class='ocrx_word' id='word_1_23' title='bbox 226 803 421 888; x_wconf 72' lang='grc' dir='ltr'><strong>διακατοχήτ.</strong></span> 
     </span>
    </p>
   </div>
   <div class='ocr_carea' id='block_1_3' title="bbox 226 1023 1458 1350">
    <p class='ocr_par' dir='ltr' id='par_1_3' title="bbox 226 1023 1458 1350">
     <span class='ocr_line' id='line_1_5' title="bbox 226 1023 1457 1097; baseline -0.001 -19"><span class='ocrx_word' id='word_1_24' title='bbox 226 1027 371 1079; x_wconf 82' lang='lat' dir='ltr'><strong>hereditate</strong></span> <span class='ocrx_word' id='word_1_25' title='bbox 393 1027 548 1097; x_wconf 74' lang='lat' dir='ltr'><strong>amhipetur,</strong></span> <span class='ocrx_word' id='word_1_26' title='bbox 572 1037 598 1079; x_wconf 85' lang='lat' dir='ltr'><strong>et</strong></span> <span class='ocrx_word' id='word_1_27' title='bbox 620 1028 725 1080; x_wconf 66' lang='lat' dir='ltr'><strong>misire</strong></span> <span class='ocrx_word' id='word_1_28' title='bbox 752 1025 901 1080; x_wconf 64' lang='lat' dir='ltr'><strong>ammenti</strong></span> <span class='ocrx_word' id='word_1_29' title='bbox 923 1023 1074 1095; x_wconf 66' lang='lat' dir='ltr'><strong>obsequar</strong></span> <span class='ocrx_word' id='word_1_30' title='bbox 1097 1044 1150 1079; x_wconf 77' lang='lat' dir='ltr'><strong>aas</strong></span> <span class='ocrx_word' id='word_1_31' title='bbox 1173 1029 1261 1079; x_wconf 71' lang='lat' dir='ltr'><strong>nisu</strong></span> <span class='ocrx_word' id='word_1_32' title='bbox 1285 1027 1368 1080; x_wconf 72' lang='grc' dir='ltr'><strong>ιιΙῆτ</strong></span> <span class='ocrx_word' id='word_1_33' title='bbox 1382 1028 1457 1094; x_wconf 74' lang='lat' dir='ltr'><strong>tiphis.</strong></span> 
     </span>
     <span class='ocr_line' id='line_1_6' title="bbox 227 1111 1457 1180; baseline -0.001 -18"><span class='ocrx_word' id='word_1_34' title='bbox 227 1129 308 1179; x_wconf 73' lang='grc' dir='ltr'><strong><em>τμιττι</em></strong></span> <span class='ocrx_word' id='word_1_35' title='bbox 325 1130 339 1162; x_wconf 85' lang='lat' dir='ltr'><strong>e</strong></span> <span class='ocrx_word' id='word_1_36' title='bbox 357 1111 414 1179; x_wconf 74' lang='lat' dir='ltr'><strong>ispe</strong></span> <span class='ocrx_word' id='word_1_37' title='bbox 428 1117 556 1180; x_wconf 79' lang='lat' dir='ltr'><strong>oporteat,</strong></span> <span class='ocrx_word' id='word_1_38' title='bbox 573 1111 612 1162; x_wconf 76' lang='lat' dir='ltr'><strong>sd</strong></span> <span class='ocrx_word' id='word_1_39' title='bbox 626 1129 668 1162; x_wconf 72' lang='lat' dir='ltr'><strong>ne</strong></span> <span class='ocrx_word' id='word_1_40' title='bbox 682 1113 875 1180; x_wconf 72' lang='lat' dir='ltr'><strong>proferratur:</strong></span> <span class='ocrx_word' id='word_1_41' title='bbox 893 1115 1043 1164; x_wconf 66' lang='lat' dir='ltr'><strong>mmm</strong></span> <span class='ocrx_word' id='word_1_42' title='bbox 1055 1127 1181 1164; x_wconf 70' lang='lat' dir='ltr'><strong>ranna</strong></span> <span class='ocrx_word' id='word_1_43' title='bbox 1193 1129 1370 1164; x_wconf 74' lang='lat' dir='ltr'><strong>mmmm</strong></span> <span class='ocrx_word' id='word_1_44' title='bbox 1381 1128 1457 1164; x_wconf 82' lang='lat' dir='ltr'><strong>rcrrr·</strong></span> 
     </span>
     <span class='ocr_line' id='line_1_7' title="bbox 227 1179 1458 1266; baseline 0 -20"><span class='ocrx_word' id='word_1_45' title='bbox 227 1211 320 1246; x_wconf 73' lang='lat' dir='ltr'><strong>arnum</strong></span> <span class='ocrx_word' id='word_1_46' title='bbox 338 1211 546 1248; x_wconf 71' lang='lat' dir='ltr'><strong>usurarum</strong></span> <span class='ocrx_word' id='word_1_47' title='bbox 563 1211 642 1249; x_wconf 68' lang='lat' dir='ltr'><strong>arro.</strong></span> <span class='ocrx_word' id='word_1_48' title='bbox 668 1198 699 1250; x_wconf 84' lang='lat' dir='ltr'><strong>Si</strong></span> <span class='ocrx_word' id='word_1_49' title='bbox 716 1197 821 1250; x_wconf 70' lang='lat' dir='ltr'><strong>mbulet</strong></span> <span class='ocrx_word' id='word_1_50' title='bbox 838 1200 986 1250; x_wconf 71' lang='lat' dir='ltr'><strong>munna</strong></span> <span class='ocrx_word' id='word_1_51' title='bbox 1007 1213 1061 1250; x_wconf 80' lang='lat' dir='ltr'><strong>m</strong></span> <span class='ocrx_word' id='word_1_52' title='bbox 1077 1179 1267 1266; x_wconf 70' lang='lat' dir='ltr'><strong>proferentur,</strong></span> <span class='ocrx_word' id='word_1_53' title='bbox 1290 1207 1342 1250; x_wconf 72' lang='lat' dir='ltr'><strong>tu</strong></span> <span class='ocrx_word' id='word_1_54' title='bbox 1358 1199 1458 1266; x_wconf 65' lang='lat' dir='ltr'><strong>menei</strong></span> 
     </span>
     <span class='ocr_line' id='line_1_8' title="bbox 230 1281 1457 1350; baseline -0.001 -17"><span class='ocrx_word' id='word_1_55' title='bbox 230 1282 280 1347; x_wconf 87' lang='lat' dir='ltr'><strong>(de</strong></span> <span class='ocrx_word' id='word_1_56' title='bbox 296 1281 375 1348; x_wconf 88' lang='lat' dir='ltr'><strong>cujus</strong></span> <span class='ocrx_word' id='word_1_57' title='bbox 394 1283 541 1335; x_wconf 88' lang='lat' dir='ltr'><strong>hereditate</strong></span> <span class='ocrx_word' id='word_1_58' title='bbox 554 1281 707 1350; x_wconf 87' lang='lat' dir='ltr'><strong>quaeritur)</strong></span> <span class='ocrx_word' id='word_1_59' title='bbox 722 1283 843 1333; x_wconf 77' lang='lat' dir='ltr'><em>heredem</em></span> <span class='ocrx_word' id='word_1_60' title='bbox 861 1300 916 1333; x_wconf 81' lang='lat' dir='ltr'><strong>esse</strong></span> <span class='ocrx_word' id='word_1_61' title='bbox 931 1291 1073 1349; x_wconf 81' lang='lat' dir='ltr'><em>oporteret,</em></span> <span class='ocrx_word' id='word_1_62' title='bbox 1090 1283 1115 1334; x_wconf 79' lang='lat' dir='ltr'><strong>ri</strong></span> <span class='ocrx_word' id='word_1_63' title='bbox 1130 1285 1267 1335; x_wconf 64' lang='lat' dir='ltr'><strong>aarum</strong></span> <span class='ocrx_word' id='word_1_64' title='bbox 1279 1291 1457 1340; x_wconf 74' lang='lat' dir='ltr'><strong>mortariensi,</strong></span> 
     </span>
    </p>
   </div>
   <div class='ocr_carea' id='block_1_4' title="bbox 125 1365 1457 1440">
    <p class='ocr_par' dir='ltr' id='par_1_4' title="bbox 125 1365 1457 1440">
     <span class='ocr_line' id='line_1_9' title="bbox 125 1365 1457 1440; baseline -0.003 -20"><span class='ocrx_word' id='word_1_65' title='bbox 125 1429 130 1440; x_wconf 43' lang='grc' dir='ltr'>Ι</span> <span class='ocrx_word' id='word_1_66' title='bbox 227 1367 265 1420; x_wconf 80' lang='lat' dir='ltr'><strong>cd</strong></span> <span class='ocrx_word' id='word_1_67' title='bbox 280 1365 407 1418; x_wconf 79' lang='lat' dir='ltr'><strong>horrorum</strong></span> <span class='ocrx_word' id='word_1_68' title='bbox 422 1369 609 1434; x_wconf 80' lang='lat' dir='ltr'><strong>possessionem</strong></span> <span class='ocrx_word' id='word_1_69' title='bbox 629 1368 772 1418; x_wconf 78' lang='lat' dir='ltr'><em>admittam.</em></span> <span class='ocrx_word' id='word_1_70' title='bbox 790 1367 832 1418; x_wconf 83' lang='lat' dir='ltr'><strong>Cf.</strong></span> <span class='ocrx_word' id='word_1_71' title='bbox 849 1365 907 1420; x_wconf 90' lang='lat' dir='ltr'><strong>Cic.</strong></span> <span class='ocrx_word' id='word_1_72' title='bbox 925 1367 985 1419; x_wconf 85' lang='lat' dir='ltr'>Lib.</span> <span class='ocrx_word' id='word_1_73' title='bbox 1004 1367 1025 1418; x_wconf 92' lang='lat'><strong>1.</strong></span> <span class='ocrx_word' id='word_1_74' title='bbox 1041 1386 1064 1419; x_wconf 92' lang='lat' dir='ltr'><strong>c.</strong></span> <span class='ocrx_word' id='word_1_75' title='bbox 1081 1371 1123 1419; x_wconf 74' lang='lat' dir='ltr'><strong>ta</strong></span> <span class='ocrx_word' id='word_1_76' title='bbox 1142 1373 1169 1418; x_wconf 86' lang='lat' dir='ltr'><strong>et</strong></span> <span class='ocrx_word' id='word_1_77' title='bbox 1189 1369 1219 1418; x_wconf 85' lang='lat' dir='ltr'><strong>L.</strong></span> <span class='ocrx_word' id='word_1_78' title='bbox 1239 1374 1263 1420; x_wconf 90' lang='lat' dir='ltr'><strong>l.</strong></span> <span class='ocrx_word' id='word_1_79' title='bbox 1284 1365 1319 1417; x_wconf 87' lang='lat' dir='ltr'><strong>D.</strong></span> <span class='ocrx_word' id='word_1_80' title='bbox 1336 1367 1457 1433; x_wconf 71' lang='lat' dir='ltr'><strong>nsdelep&#39;e</strong></span> 
     </span>
    </p>
   </div>
   <div class='ocr_carea' id='block_1_5' title="bbox 219 1449 1461 2709">
    <p class='ocr_par' dir='ltr' id='par_1_5' title="bbox 219 1449 1461 2709">
     <span class='ocr_line' id='line_1_10' title="bbox 228 1449 1456 1522; baseline -0.003 -18"><span class='ocrx_word' id='word_1_81' title='bbox 228 1451 293 1504; x_wconf 88' lang='grc' dir='ltr'><strong><em>ἥατ’</em></strong></span> <span class='ocrx_word' id='word_1_82' title='bbox 305 1477 338 1486; x_wconf 86' lang='lat'>-</span> <span class='ocrx_word' id='word_1_83' title='bbox 352 1449 536 1517; x_wconf 78' lang='lat' dir='ltr'><strong>westenberg</strong></span> <span class='ocrx_word' id='word_1_84' title='bbox 548 1453 636 1519; x_wconf 72' lang='lat' dir='ltr'><strong>princ.</strong></span> <span class='ocrx_word' id='word_1_85' title='bbox 650 1451 711 1522; x_wconf 79' lang='lat' dir='ltr'><strong>jer.</strong></span> <span class='ocrx_word' id='word_1_86' title='bbox 729 1469 782 1503; x_wconf 85' lang='lat' dir='ltr'><strong>see.</strong></span> <span class='ocrx_word' id='word_1_87' title='bbox 801 1453 860 1502; x_wconf 85' lang='lat' dir='ltr'><strong>ord.</strong></span> <span class='ocrx_word' id='word_1_88' title='bbox 875 1451 936 1518; x_wconf 66' lang='lat' dir='ltr'><strong>my.</strong></span> <span class='ocrx_word' id='word_1_89' title='bbox 954 1453 992 1502; x_wconf 84' lang='lat' dir='ltr'><strong>tit.</strong></span> <span class='ocrx_word' id='word_1_90' title='bbox 1012 1453 1082 1503; x_wconf 63' lang='lat' dir='ltr'><strong>aa&amp;</strong></span> <span class='ocrx_word' id='word_1_91' title='bbox 1103 1451 1173 1519; x_wconf 72' lang='lat' dir='ltr'><strong>[epit.</strong></span> <span class='ocrx_word' id='word_1_92' title='bbox 1194 1453 1215 1519; x_wconf 63' lang='grc' dir='ltr'><strong>ᾖ.</strong></span> <span class='ocrx_word' id='word_1_93' title='bbox 1231 1457 1258 1504; x_wconf 74' lang='lat'><strong>2.</strong></span> <span class='ocrx_word' id='word_1_94' title='bbox 1275 1451 1410 1503; x_wconf 74' lang='lat' dir='ltr'>Fabricius</span> <span class='ocrx_word' id='word_1_95' title='bbox 1422 1452 1435 1502; x_wconf 90' lang='lat' dir='ltr'><strong>i.</strong></span> <span class='ocrx_word' id='word_1_96' title='bbox 1444 1451 1456 1500; x_wconf 83' lang='lat' dir='ltr'><strong>i.</strong></span> 
     </span>
     <span class='ocr_line' id='line_1_11' title="bbox 229 1536 1459 1604; baseline -0.002 -16"><span class='ocrx_word' id='word_1_97' title='bbox 229 1553 257 1602; x_wconf 89' lang='lat' dir='ltr'><strong>p.</strong></span> <span class='ocrx_word' id='word_1_98' title='bbox 269 1539 312 1588; x_wconf 82' lang='lat'><strong>3³.</strong></span> <span class='ocrx_word' id='word_1_99' title='bbox 325 1551 368 1602; x_wconf 87' lang='lat' dir='ltr'><strong>sq.</strong></span> <span class='ocrx_word' id='word_1_100' title='bbox 393 1537 573 1588; x_wconf 82' lang='lat' dir='ltr'><strong>Accesserant</strong></span> <span class='ocrx_word' id='word_1_101' title='bbox 590 1537 684 1588; x_wconf 75' lang='lat' dir='ltr'><strong>driade</strong></span> <span class='ocrx_word' id='word_1_102' title='bbox 696 1538 831 1592; x_wconf 87' lang='lat' dir='ltr'><strong>bonorum</strong></span> <span class='ocrx_word' id='word_1_103' title='bbox 842 1537 1040 1602; x_wconf 60' lang='lat' dir='ltr'><strong>possessionen</strong></span> <span class='ocrx_word' id='word_1_104' title='bbox 1051 1551 1123 1604; x_wconf 79' lang='lat' dir='ltr'><strong>quae</strong></span> <span class='ocrx_word' id='word_1_105' title='bbox 1133 1537 1292 1588; x_wconf 67' lang='lat' dir='ltr'><strong>nudandi</strong></span> <span class='ocrx_word' id='word_1_106' title='bbox 1307 1551 1331 1589; x_wconf 92' lang='lat' dir='ltr'><strong>s.</strong></span> <span class='ocrx_word' id='word_1_107' title='bbox 1342 1536 1459 1604; x_wconf 76' lang='lat' dir='ltr'><strong>sappierdi</strong></span> 
     </span>
     <span class='ocr_line' id='line_1_12' title="bbox 219 1620 1458 1690; baseline -0.001 -18"><span class='ocrx_word' id='word_1_108' title='bbox 219 1621 295 1690; x_wconf 75' lang='lat' dir='ltr'><strong>Jhru&#39;r</strong></span> <span class='ocrx_word' id='word_1_109' title='bbox 312 1620 396 1673; x_wconf 79' lang='lat' dir='ltr'><strong>civilis</strong></span> <span class='ocrx_word' id='word_1_110' title='bbox 404 1622 494 1688; x_wconf 73' lang='lat' dir='ltr'><strong>pratia</strong></span> <span class='ocrx_word' id='word_1_111' title='bbox 511 1620 683 1674; x_wconf 73' lang='lat' dir='ltr'>introductae</span> <span class='ocrx_word' id='word_1_112' title='bbox 701 1637 762 1674; x_wconf 88' lang='lat' dir='ltr'><strong>esse</strong></span> <span class='ocrx_word' id='word_1_113' title='bbox 779 1621 915 1674; x_wconf 87' lang='lat' dir='ltr'><strong>dicuntur.</strong></span> <span class='ocrx_word' id='word_1_114' title='bbox 932 1622 1057 1690; x_wconf 82' lang='lat' dir='ltr'><strong>Ejusquc</strong></span> <span class='ocrx_word' id='word_1_115' title='bbox 1073 1621 1114 1674; x_wconf 87' lang='lat' dir='ltr'><strong>rei</strong></span> <span class='ocrx_word' id='word_1_116' title='bbox 1130 1622 1201 1674; x_wconf 78' lang='lat' dir='ltr'><strong>ratio</strong></span> <span class='ocrx_word' id='word_1_117' title='bbox 1218 1623 1286 1674; x_wconf 81' lang='lat' dir='ltr'><strong>baec</strong></span> <span class='ocrx_word' id='word_1_118' title='bbox 1303 1622 1362 1674; x_wconf 86' lang='lat' dir='ltr'><strong>init.</strong></span> <span class='ocrx_word' id='word_1_119' title='bbox 1373 1620 1458 1684; x_wconf 86' lang='lat' dir='ltr'><strong>Quodsi</strong></span> 
     </span>
     <span class='ocr_line' id='line_1_13' title="bbox 228 1705 1458 1772; baseline -0.001 -15"><span class='ocrx_word' id='word_1_120' title='bbox 228 1723 278 1757; x_wconf 88' lang='lat' dir='ltr'><strong>nec</strong></span> <span class='ocrx_word' id='word_1_121' title='bbox 295 1711 486 1758; x_wconf 87' lang='lat' dir='ltr'><strong>testamentum</strong></span> <span class='ocrx_word' id='word_1_122' title='bbox 500 1706 695 1770; x_wconf 80' lang='lat' dir='ltr'><strong>proferebatur,</strong></span> <span class='ocrx_word' id='word_1_123' title='bbox 713 1722 763 1757; x_wconf 90' lang='lat' dir='ltr'><strong>nec</strong></span> <span class='ocrx_word' id='word_1_124' title='bbox 780 1707 916 1772; x_wconf 82' lang='lat' dir='ltr'><strong>legitimus</strong></span> <span class='ocrx_word' id='word_1_125' title='bbox 933 1709 1010 1760; x_wconf 89' lang='lat' dir='ltr'><strong>beres</strong></span> <span class='ocrx_word' id='word_1_126' title='bbox 1028 1713 1137 1772; x_wconf 82' lang='lat' dir='ltr'><strong>praesto</strong></span> <span class='ocrx_word' id='word_1_127' title='bbox 1148 1712 1214 1769; x_wconf 88' lang='lat' dir='ltr'><strong>erat,</strong></span> <span class='ocrx_word' id='word_1_128' title='bbox 1231 1705 1380 1772; x_wconf 86' lang='lat' dir='ltr'><strong>periculum</strong></span> <span class='ocrx_word' id='word_1_129' title='bbox 1390 1706 1458 1757; x_wconf 77' lang='lat' dir='ltr'><strong>immi</strong></span> 
     </span>
     <span class='ocr_line' id='line_1_14' title="bbox 228 1791 1458 1861; baseline -0.001 -20"><span class='ocrx_word' id='word_1_130' title='bbox 228 1791 317 1852; x_wconf 78' lang='lat' dir='ltr'><strong>nebat,</strong></span> <span class='ocrx_word' id='word_1_131' title='bbox 335 1805 370 1841; x_wconf 92' lang='lat' dir='ltr'><strong>ne</strong></span> <span class='ocrx_word' id='word_1_132' title='bbox 389 1795 437 1840; x_wconf 86' lang='lat' dir='ltr'><strong>ant</strong></span> <span class='ocrx_word' id='word_1_133' title='bbox 455 1791 585 1843; x_wconf 82' lang='lat' dir='ltr'><strong>lucrativa</strong></span> <span class='ocrx_word' id='word_1_134' title='bbox 603 1791 650 1843; x_wconf 88' lang='lat' dir='ltr'><strong>iiia</strong></span> <span class='ocrx_word' id='word_1_135' title='bbox 667 1792 844 1856; x_wconf 71' lang='lat' dir='ltr'><strong>usucapione,</strong></span> <span class='ocrx_word' id='word_1_136' title='bbox 863 1794 897 1844; x_wconf 89' lang='lat' dir='ltr'><strong>de</strong></span> <span class='ocrx_word' id='word_1_137' title='bbox 923 1807 977 1861; x_wconf 88' lang='lat' dir='ltr'><strong>qua</strong></span> <span class='ocrx_word' id='word_1_138' title='bbox 999 1807 1082 1856; x_wconf 89' lang='lat' dir='ltr'><strong>supra</strong></span> <span class='ocrx_word' id='word_1_139' title='bbox 1110 1793 1184 1859; x_wconf 84' lang='lat' dir='ltr'><strong>(Lib.</strong></span> <span class='ocrx_word' id='word_1_140' title='bbox 1203 1793 1239 1845; x_wconf 88' lang='grc' dir='ltr'><strong>Π.</strong></span> <span class='ocrx_word' id='word_1_141' title='bbox 1257 1791 1312 1842; x_wconf 77' lang='lat' dir='ltr'><strong>Tit.</strong></span> <span class='ocrx_word' id='word_1_142' title='bbox 1325 1791 1372 1842; x_wconf 88' lang='lat' dir='ltr'><strong>Vi.</strong></span> <span class='ocrx_word' id='word_1_143' title='bbox 1387 1791 1405 1856; x_wconf 59' lang='lat' dir='ltr'><strong>t</strong></span> <span class='ocrx_word' id='word_1_144' title='bbox 1418 1793 1458 1852; x_wconf 89' lang='grc'><strong>11.)</strong></span> 
     </span>
     <span class='ocr_line' id='line_1_15' title="bbox 230 1873 1458 1938; baseline -0.003 -10"><span class='ocrx_word' id='word_1_145' title='bbox 230 1873 313 1928; x_wconf 87' lang='lat' dir='ltr'><strong>locuti</strong></span> <span class='ocrx_word' id='word_1_146' title='bbox 331 1887 435 1938; x_wconf 79' lang='lat' dir='ltr'><strong>murus,</strong></span> <span class='ocrx_word' id='word_1_147' title='bbox 453 1875 481 1928; x_wconf 92' lang='lat' dir='ltr'><strong>in</strong></span> <span class='ocrx_word' id='word_1_148' title='bbox 499 1883 691 1930; x_wconf 77' lang='lat' dir='ltr'><strong>extraneorum</strong></span> <span class='ocrx_word' id='word_1_149' title='bbox 716 1891 813 1930; x_wconf 87' lang='lat' dir='ltr'><strong>manus</strong></span> <span class='ocrx_word' id='word_1_150' title='bbox 832 1877 989 1929; x_wconf 80' lang='lat' dir='ltr'><strong>devenirent</strong></span> <span class='ocrx_word' id='word_1_151' title='bbox 1011 1877 1084 1928; x_wconf 90' lang='lat' dir='ltr'><strong>bona</strong></span> <span class='ocrx_word' id='word_1_152' title='bbox 1101 1876 1183 1928; x_wconf 86' lang='lat' dir='ltr'><strong>sirnui</strong></span> <span class='ocrx_word' id='word_1_153' title='bbox 1209 1891 1272 1928; x_wconf 91' lang='lat' dir='ltr'><strong>cum</strong></span> <span class='ocrx_word' id='word_1_154' title='bbox 1290 1875 1381 1938; x_wconf 74' lang='lat' dir='ltr'><strong>sacris</strong></span> <span class='ocrx_word' id='word_1_155' title='bbox 1396 1873 1458 1924; x_wconf 82' lang='lat' dir='ltr'><strong>dissi-</strong></span> 
     </span>
     <span class='ocr_line' id='line_1_16' title="bbox 229 1959 1459 2026; baseline -0.002 -14"><span class='ocrx_word' id='word_1_156' title='bbox 229 1965 405 2026; x_wconf 85' lang='lat' dir='ltr'><strong>parenturve,</strong></span> <span class='ocrx_word' id='word_1_157' title='bbox 427 1963 476 2010; x_wconf 87' lang='lat' dir='ltr'><strong>aut</strong></span> <span class='ocrx_word' id='word_1_158' title='bbox 497 1975 560 2010; x_wconf 89' lang='lat' dir='ltr'><strong>cum</strong></span> <span class='ocrx_word' id='word_1_159' title='bbox 586 1960 707 2014; x_wconf 79' lang='lat' dir='ltr'><strong>defuncti</strong></span> <span class='ocrx_word' id='word_1_160' title='bbox 727 1964 892 2016; x_wconf 75' lang='lat' dir='ltr'><strong>commeta</strong></span> <span class='ocrx_word' id='word_1_161' title='bbox 920 1978 937 2014; x_wconf 87' lang='lat' dir='ltr'><strong>a</strong></span> <span class='ocrx_word' id='word_1_162' title='bbox 962 1959 1144 2014; x_wconf 86' lang='lat' dir='ltr'><strong>creditoribus</strong></span> <span class='ocrx_word' id='word_1_163' title='bbox 1170 1961 1374 2026; x_wconf 75' lang='lat' dir='ltr'><strong>possiderentur</strong></span> <span class='ocrx_word' id='word_1_164' title='bbox 1395 1967 1459 2026; x_wconf 69' lang='lat' dir='ltr'><strong>amne</strong></span> 
     </span>
     <span class='ocr_line' id='line_1_17' title="bbox 230 2044 1459 2114; baseline -0.002 -18"><span class='ocrx_word' id='word_1_165' title='bbox 230 2046 338 2111; x_wconf 86' lang='lat' dir='ltr'><strong>publice</strong></span> <span class='ocrx_word' id='word_1_166' title='bbox 357 2044 487 2108; x_wconf 82' lang='lat' dir='ltr'><strong>venirent,</strong></span> <span class='ocrx_word' id='word_1_167' title='bbox 510 2051 559 2096; x_wconf 86' lang='lat' dir='ltr'><strong>aut</strong></span> <span class='ocrx_word' id='word_1_168' title='bbox 584 2052 656 2097; x_wconf 86' lang='lat' dir='ltr'><strong>certe</strong></span> <span class='ocrx_word' id='word_1_169' title='bbox 682 2047 788 2112; x_wconf 81' lang='lat' dir='ltr'><strong>longior</strong></span> <span class='ocrx_word' id='word_1_170' title='bbox 815 2063 892 2100; x_wconf 88' lang='lat' dir='ltr'><strong>mora</strong></span> <span class='ocrx_word' id='word_1_171' title='bbox 917 2049 993 2100; x_wconf 89' lang='lat' dir='ltr'><strong>tieret</strong></span> <span class='ocrx_word' id='word_1_172' title='bbox 1019 2047 1208 2110; x_wconf 87' lang='lat' dir='ltr'><strong>creditoribus,</strong></span> <span class='ocrx_word' id='word_1_173' title='bbox 1234 2047 1339 2114; x_wconf 84' lang='lat' dir='ltr'><strong>quippe</strong></span> <span class='ocrx_word' id='word_1_174' title='bbox 1362 2044 1402 2112; x_wconf 90' lang='lat' dir='ltr'><strong>qui</strong></span> <span class='ocrx_word' id='word_1_175' title='bbox 1417 2059 1459 2094; x_wconf 90' lang='lat' dir='ltr'><strong>non</strong></span> 
     </span>
     <span class='ocr_line' id='line_1_18' title="bbox 231 2127 1459 2200; baseline -0.005 -16"><span class='ocrx_word' id='word_1_176' title='bbox 231 2133 368 2195; x_wconf 86' lang='lat' dir='ltr'><strong>baberent,</strong></span> <span class='ocrx_word' id='word_1_177' title='bbox 385 2147 467 2198; x_wconf 89' lang='lat' dir='ltr'><strong>quem</strong></span> <span class='ocrx_word' id='word_1_178' title='bbox 495 2131 677 2184; x_wconf 85' lang='lat' dir='ltr'><strong>convenirent.</strong></span> <span class='ocrx_word' id='word_1_179' title='bbox 708 2133 787 2198; x_wconf 79' lang='lat' dir='ltr'><strong>(vid.</strong></span> <span class='ocrx_word' id='word_1_180' title='bbox 806 2134 827 2200; x_wconf 67' lang='grc' dir='ltr'><strong>ξ.</strong></span> <span class='ocrx_word' id='word_1_181' title='bbox 848 2137 872 2186; x_wconf 86' lang='grc'><strong>8.</strong></span> <span class='ocrx_word' id='word_1_182' title='bbox 891 2133 954 2184; x_wconf 77' lang='grc' dir='ltr'><strong>Η.</strong></span> <span class='ocrx_word' id='word_1_183' title='bbox 970 2141 988 2185; x_wconf 93' lang='lat' dir='ltr'><strong>t.</strong></span> <span class='ocrx_word' id='word_1_184' title='bbox 1005 2135 1038 2184; x_wconf 88' lang='lat' dir='ltr'><strong>L.</strong></span> <span class='ocrx_word' id='word_1_185' title='bbox 1059 2138 1081 2184; x_wconf 94' lang='lat' dir='ltr'><strong>l.</strong></span> <span class='ocrx_word' id='word_1_186' title='bbox 1097 2149 1144 2200; x_wconf 85' lang='lat' dir='ltr'><strong>pr.</strong></span> <span class='ocrx_word' id='word_1_187' title='bbox 1159 2132 1195 2182; x_wconf 90' lang='lat' dir='ltr'><strong>D.</strong></span> <span class='ocrx_word' id='word_1_188' title='bbox 1216 2131 1248 2182; x_wconf 80' lang='lat' dir='ltr'><strong>dr</strong></span> <span class='ocrx_word' id='word_1_189' title='bbox 1264 2132 1411 2182; x_wconf 73' lang='lat' dir='ltr'><strong>accerume</strong></span> <span class='ocrx_word' id='word_1_190' title='bbox 1426 2127 1459 2177; x_wconf 83' lang='lat' dir='ltr'><strong>ed</strong></span> 
     </span>
     <span class='ocr_line' id='line_1_19' title="bbox 231 2213 1458 2285; baseline -0.005 -16"><span class='ocrx_word' id='word_1_191' title='bbox 231 2217 272 2270; x_wconf 83' lang='lat' dir='ltr'><strong>Cf.</strong></span> <span class='ocrx_word' id='word_1_192' title='bbox 285 2223 312 2269; x_wconf 88' lang='lat' dir='ltr'><strong>et</strong></span> <span class='ocrx_word' id='word_1_193' title='bbox 329 2215 461 2270; x_wconf 84' lang='lat' dir='ltr'><strong>Huschke</strong></span> <span class='ocrx_word' id='word_1_194' title='bbox 476 2215 493 2268; x_wconf 85' lang='lat' dir='ltr'><strong>l.</strong></span> <span class='ocrx_word' id='word_1_195' title='bbox 505 2215 523 2268; x_wconf 88' lang='lat' dir='ltr'><strong>l.</strong></span> <span class='ocrx_word' id='word_1_196' title='bbox 540 2232 567 2281; x_wconf 90' lang='lat' dir='ltr'><strong>p.</strong></span> <span class='ocrx_word' id='word_1_197' title='bbox 579 2221 619 2269; x_wconf 76' lang='lat' dir='ltr'><strong>ta.</strong></span> <span class='ocrx_word' id='word_1_198' title='bbox 638 2222 695 2267; x_wconf 87' lang='lat' dir='ltr'><strong>not.</strong></span> <span class='ocrx_word' id='word_1_199' title='bbox 707 2213 748 2284; x_wconf 80' lang='grc'><strong>*).</strong></span> <span class='ocrx_word' id='word_1_200' title='bbox 768 2217 882 2269; x_wconf 86' lang='lat' dir='ltr'><strong>Praetor</strong></span> <span class='ocrx_word' id='word_1_201' title='bbox 899 2216 992 2285; x_wconf 88' lang='lat' dir='ltr'><strong>itaque</strong></span> <span class='ocrx_word' id='word_1_202' title='bbox 1004 2215 1099 2280; x_wconf 77' lang='lat' dir='ltr'><strong>edixit,</strong></span> <span class='ocrx_word' id='word_1_203' title='bbox 1117 2221 1148 2267; x_wconf 92' lang='lat' dir='ltr'><strong>ut</strong></span> <span class='ocrx_word' id='word_1_204' title='bbox 1165 2216 1200 2267; x_wconf 91' lang='lat' dir='ltr'><strong>ad</strong></span> <span class='ocrx_word' id='word_1_205' title='bbox 1219 2215 1356 2268; x_wconf 87' lang='lat' dir='ltr'><strong>bonorum</strong></span> <span class='ocrx_word' id='word_1_206' title='bbox 1372 2228 1458 2280; x_wconf 88' lang='lat' dir='ltr'><strong>posses·</strong></span> 
     </span>
     <span class='ocr_line' id='line_1_20' title="bbox 230 2301 1458 2370; baseline -0.005 -14"><span class='ocrx_word' id='word_1_207' title='bbox 230 2303 335 2356; x_wconf 89' lang='lat' dir='ltr'><strong>sionem</strong></span> <span class='ocrx_word' id='word_1_208' title='bbox 353 2301 559 2356; x_wconf 81' lang='lat' dir='ltr'><strong>admitterentur</strong></span> <span class='ocrx_word' id='word_1_209' title='bbox 576 2317 688 2370; x_wconf 86' lang='lat' dir='ltr'><strong>quoque</strong></span> <span class='ocrx_word' id='word_1_210' title='bbox 705 2302 822 2368; x_wconf 75' lang='lat' dir='ltr'><strong>cognati,</strong></span> <span class='ocrx_word' id='word_1_211' title='bbox 841 2303 888 2370; x_wconf 88' lang='lat' dir='ltr'><strong>qui</strong></span> <span class='ocrx_word' id='word_1_212' title='bbox 906 2301 935 2354; x_wconf 89' lang='lat' dir='ltr'><strong>in</strong></span> <span class='ocrx_word' id='word_1_213' title='bbox 953 2302 1161 2368; x_wconf 72' lang='lat' dir='ltr'><strong>conjunctarum</strong></span> <span class='ocrx_word' id='word_1_214' title='bbox 1176 2315 1292 2353; x_wconf 85' lang='lat' dir='ltr'><strong>numero</strong></span> <span class='ocrx_word' id='word_1_215' title='bbox 1310 2305 1396 2352; x_wconf 88' lang='lat' dir='ltr'><strong>essent</strong></span> <span class='ocrx_word' id='word_1_216' title='bbox 1412 2313 1458 2363; x_wconf 87' lang='lat' dir='ltr'><strong>per-</strong></span> 
     </span>
     <span class='ocr_line' id='line_1_21' title="bbox 229 2382 1460 2456; baseline -0.006 -15"><span class='ocrx_word' id='word_1_217' title='bbox 229 2403 359 2442; x_wconf 91' lang='lat' dir='ltr'><strong>sonarum</strong></span> <span class='ocrx_word' id='word_1_218' title='bbox 379 2388 457 2456; x_wconf 87' lang='lat' dir='ltr'><strong>(Vct.</strong></span> <span class='ocrx_word' id='word_1_219' title='bbox 474 2388 586 2456; x_wconf 73' lang='lat' dir='ltr'><strong>Frapn.</strong></span> <span class='ocrx_word' id='word_1_220' title='bbox 603 2387 626 2453; x_wconf 68' lang='grc'><strong>5.</strong></span> <span class='ocrx_word' id='word_1_221' title='bbox 636 2391 696 2440; x_wconf 73' lang='lat'><strong>298.</strong></span> <span class='ocrx_word' id='word_1_222' title='bbox 714 2393 743 2440; x_wconf 88' lang='lat' dir='ltr'><strong>et</strong></span> <span class='ocrx_word' id='word_1_223' title='bbox 758 2391 818 2440; x_wconf 83' lang='lat' dir='ltr'><strong>aot.</strong></span> <span class='ocrx_word' id='word_1_224' title='bbox 835 2389 895 2455; x_wconf 71' lang='lat' dir='ltr'><strong>§.h</strong></span> <span class='ocrx_word' id='word_1_225' title='bbox 911 2389 937 2440; x_wconf 85' lang='lat'><strong>1.</strong></span> <span class='ocrx_word' id='word_1_226' title='bbox 954 2388 987 2440; x_wconf 81' lang='lat' dir='ltr'><strong>de</strong></span> <span class='ocrx_word' id='word_1_227' title='bbox 1003 2405 1072 2440; x_wconf 80' lang='lat' dir='ltr'><strong>suec.</strong></span> <span class='ocrx_word' id='word_1_228' title='bbox 1089 2395 1193 2454; x_wconf 70' lang='lat' dir='ltr'><strong>caput.</strong></span> <span class='ocrx_word' id='word_1_229' title='bbox 1208 2387 1315 2438; x_wconf 77' lang='lat' dir='ltr'><strong>Klenae</strong></span> <span class='ocrx_word' id='word_1_230' title='bbox 1330 2385 1361 2438; x_wconf 87' lang='lat' dir='ltr'><strong>in</strong></span> <span class='ocrx_word' id='word_1_231' title='bbox 1371 2385 1396 2436; x_wconf 88' lang='lat' dir='ltr'><strong>d.</strong></span> <span class='ocrx_word' id='word_1_232' title='bbox 1406 2382 1460 2434; x_wconf 82' lang='lat' dir='ltr'><strong>Zeit-</strong></span> 
     </span>
     <span class='ocr_line' id='line_1_22' title="bbox 230 2465 1460 2542; baseline -0.007 -16"><span class='ocrx_word' id='word_1_233' title='bbox 230 2474 299 2527; x_wconf 83' lang='lat' dir='ltr'><strong>schr.</strong></span> <span class='ocrx_word' id='word_1_234' title='bbox 309 2474 366 2542; x_wconf 67' lang='lat' dir='ltr'><strong>ster</strong></span> <span class='ocrx_word' id='word_1_235' title='bbox 380 2471 531 2542; x_wconf 71' lang='lat' dir='ltr'><strong>peschichtl.</strong></span> <span class='ocrx_word' id='word_1_236' title='bbox 551 2472 586 2524; x_wconf 80' lang='lat' dir='ltr'><strong>R.</strong></span> <span class='ocrx_word' id='word_1_237' title='bbox 606 2472 645 2523; x_wconf 88' lang='lat' dir='ltr'><strong>W.</strong></span> <span class='ocrx_word' id='word_1_238' title='bbox 664 2473 695 2524; x_wconf 87' lang='lat' dir='ltr'><strong>T.</strong></span> <span class='ocrx_word' id='word_1_239' title='bbox 708 2473 757 2525; x_wconf 84' lang='lat' dir='ltr'><strong>VI.</strong></span> <span class='ocrx_word' id='word_1_240' title='bbox 775 2471 972 2525; x_wconf 73' lang='lat' dir='ltr'><strong>num.1.itter</strong></span> <span class='ocrx_word' id='word_1_241' title='bbox 999 2472 1132 2541; x_wconf 74' lang='lat' dir='ltr'><strong>Ccyacten</strong></span> <span class='ocrx_word' id='word_1_242' title='bbox 1148 2473 1206 2524; x_wconf 74' lang='lat' dir='ltr'><strong>aad</strong></span> <span class='ocrx_word' id='word_1_243' title='bbox 1222 2471 1331 2538; x_wconf 77' lang='lat' dir='ltr'><strong>Affim</strong></span> <span class='ocrx_word' id='word_1_244' title='bbox 1347 2475 1420 2536; x_wconf 88' lang='lat' dir='ltr'><strong>atque</strong></span> <span class='ocrx_word' id='word_1_245' title='bbox 1432 2465 1460 2518; x_wconf 82' lang='lat' dir='ltr'><strong>hi</strong></span> 
     </span>
     <span class='ocr_line' id='line_1_23' title="bbox 230 2553 1460 2623; baseline -0.007 -12"><span class='ocrx_word' id='word_1_246' title='bbox 230 2562 274 2611; x_wconf 84' lang='lat' dir='ltr'><strong>vei</strong></span> <span class='ocrx_word' id='word_1_247' title='bbox 290 2558 410 2610; x_wconf 77' lang='lat' dir='ltr'><strong>maxime</strong></span> <span class='ocrx_word' id='word_1_248' title='bbox 426 2573 453 2623; x_wconf 95' lang='lat' dir='ltr'><strong>p.</strong></span> <span class='ocrx_word' id='word_1_249' title='bbox 470 2560 514 2610; x_wconf 80' lang='lat'><strong>76.</strong></span> <span class='ocrx_word' id='word_1_250' title='bbox 533 2556 620 2623; x_wconf 85' lang='lat' dir='ltr'><strong>sqq.),</strong></span> <span class='ocrx_word' id='word_1_251' title='bbox 637 2561 696 2607; x_wconf 91' lang='lat' dir='ltr'><strong>tum</strong></span> <span class='ocrx_word' id='word_1_252' title='bbox 716 2573 781 2609; x_wconf 83' lang='lat' dir='ltr'><strong>vero</strong></span> <span class='ocrx_word' id='word_1_253' title='bbox 799 2556 880 2609; x_wconf 89' lang='lat' dir='ltr'><strong>etiarn</strong></span> <span class='ocrx_word' id='word_1_254' title='bbox 899 2557 1041 2610; x_wconf 85' lang='lat' dir='ltr'><strong>deiunctae</strong></span> <span class='ocrx_word' id='word_1_255' title='bbox 1059 2571 1193 2621; x_wconf 88' lang='lat' dir='ltr'><strong>personae</strong></span> <span class='ocrx_word' id='word_1_256' title='bbox 1210 2561 1258 2607; x_wconf 90' lang='lat' dir='ltr'><strong>aut</strong></span> <span class='ocrx_word' id='word_1_257' title='bbox 1276 2553 1328 2618; x_wconf 83' lang='lat' dir='ltr'><strong>vir,</strong></span> <span class='ocrx_word' id='word_1_258' title='bbox 1345 2559 1460 2610; x_wconf 73' lang='lat' dir='ltr'><strong>animos,</strong></span> 
     </span>
     <span class='ocr_line' id='line_1_24' title="bbox 231 2638 1461 2709; baseline -0.001 -15"><span class='ocrx_word' id='word_1_259' title='bbox 231 2642 368 2709; x_wconf 84' lang='lat' dir='ltr'><strong>simulque</strong></span> <span class='ocrx_word' id='word_1_260' title='bbox 391 2645 499 2705; x_wconf 90' lang='lat' dir='ltr'><strong>tempus</strong></span> <span class='ocrx_word' id='word_1_261' title='bbox 524 2638 678 2704; x_wconf 81' lang='lat' dir='ltr'><strong>praestituit</strong></span> <span class='ocrx_word' id='word_1_262' title='bbox 703 2640 839 2693; x_wconf 89' lang='lat' dir='ltr'><strong>bonorum</strong></span> <span class='ocrx_word' id='word_1_263' title='bbox 872 2643 1054 2707; x_wconf 79' lang='lat' dir='ltr'><strong>possessionis</strong></span> <span class='ocrx_word' id='word_1_264' title='bbox 1078 2642 1219 2708; x_wconf 88' lang='lat' dir='ltr'><strong>petendae,</strong></span> <span class='ocrx_word' id='word_1_265' title='bbox 1247 2647 1331 2707; x_wconf 86' lang='lat' dir='ltr'><strong>atque</strong></span> <span class='ocrx_word' id='word_1_266' title='bbox 1353 2638 1461 2693; x_wconf 81' lang='lat' dir='ltr'><strong>ordinem</strong></span> 
     </span>
    </p>
   </div>
   <div class='ocr_carea' id='block_1_6' title="bbox 232 2721 1507 2797">
    <p class='ocr_par' dir='ltr' id='par_1_6' title="bbox 232 2721 1507 2797">
     <span class='ocr_line' id='line_1_25' title="bbox 232 2721 1507 2797; baseline -0.007 -18"><span class='ocrx_word' id='word_1_267' title='bbox 232 2741 288 2797; x_wconf 90' lang='lat' dir='ltr'><strong>quo</strong></span> <span class='ocrx_word' id='word_1_268' title='bbox 306 2725 376 2778; x_wconf 86' lang='lat' dir='ltr'><strong>aiios</strong></span> <span class='ocrx_word' id='word_1_269' title='bbox 394 2725 478 2777; x_wconf 87' lang='lat' dir='ltr'><strong>atium</strong></span> <span class='ocrx_word' id='word_1_270' title='bbox 496 2725 641 2789; x_wconf 82' lang='lat' dir='ltr'><strong>exciperet.</strong></span> <span class='ocrx_word' id='word_1_271' title='bbox 661 2724 741 2791; x_wconf 83' lang='lat' dir='ltr'><strong>(vid.</strong></span> <span class='ocrx_word' id='word_1_272' title='bbox 764 2726 815 2778; x_wconf 74' lang='lat' dir='ltr'><strong>iit.</strong></span> <span class='ocrx_word' id='word_1_273' title='bbox 834 2726 895 2794; x_wconf 62' lang='lat' dir='ltr'><strong>trip.</strong></span> <span class='ocrx_word' id='word_1_274' title='bbox 913 2728 945 2778; x_wconf 83' lang='lat' dir='ltr'><strong>rte</strong></span> <span class='ocrx_word' id='word_1_275' title='bbox 968 2742 1078 2779; x_wconf 77' lang='lat' dir='ltr'><strong>success.</strong></span> <span class='ocrx_word' id='word_1_276' title='bbox 1103 2726 1213 2790; x_wconf 80' lang='lat' dir='ltr'><strong>edicto).</strong></span> <span class='ocrx_word' id='word_1_277' title='bbox 1231 2724 1295 2775; x_wconf 89' lang='lat' dir='ltr'><strong>Jam</strong></span> <span class='ocrx_word' id='word_1_278' title='bbox 1320 2723 1462 2792; x_wconf 86' lang='lat' dir='ltr'><strong>quicumque</strong></span> <span class='ocrx_word' id='word_1_279' title='bbox 1506 2721 1507 2730; x_wconf 76' lang='grc'><strong><em>’</em></strong></span> 
     </span>
    </p>
   </div>
   <div class='ocr_carea' id='block_1_7' title="bbox 231 2807 1466 4668">
    <p class='ocr_par' dir='ltr' id='par_1_7' title="bbox 231 2807 1466 4668">
     <span class='ocr_line' id='line_1_26' title="bbox 231 2807 1462 2875; baseline -0.009 -9"><span class='ocrx_word' id='word_1_280' title='bbox 231 2813 267 2866; x_wconf 90' lang='lat' dir='ltr'><strong>ad</strong></span> <span class='ocrx_word' id='word_1_281' title='bbox 285 2813 419 2864; x_wconf 89' lang='lat' dir='ltr'><strong>bonorum</strong></span> <span class='ocrx_word' id='word_1_282' title='bbox 431 2809 632 2875; x_wconf 87' lang='lat' dir='ltr'><strong>possessionem</strong></span> <span class='ocrx_word' id='word_1_283' title='bbox 648 2808 761 2862; x_wconf 85' lang='lat' dir='ltr'><strong>admissi</strong></span> <span class='ocrx_word' id='word_1_284' title='bbox 779 2816 864 2875; x_wconf 91' lang='lat' dir='ltr'><strong>erant,</strong></span> <span class='ocrx_word' id='word_1_285' title='bbox 882 2811 989 2864; x_wconf 88' lang='lat' dir='ltr'><strong>heredis</strong></span> <span class='ocrx_word' id='word_1_286' title='bbox 1008 2815 1068 2865; x_wconf 82' lang='lat' dir='ltr'><strong>ioco</strong></span> <span class='ocrx_word' id='word_1_287' title='bbox 1080 2809 1331 2870; x_wconf 87' lang='lat' dir='ltr'><strong>constituebantur;</strong></span> <span class='ocrx_word' id='word_1_288' title='bbox 1348 2807 1462 2858; x_wconf 70' lang='lat' dir='ltr'><strong>martiae</strong></span> 
     </span>
     <span class='ocr_line' id='line_1_27' title="bbox 232 2893 1464 2967; baseline -0.007 -17"><span class='ocrx_word' id='word_1_289' title='bbox 232 2913 343 2967; x_wconf 77' lang='lat' dir='ltr'><strong>quorum</strong></span> <span class='ocrx_word' id='word_1_290' title='bbox 357 2893 491 2955; x_wconf 82' lang='lat' dir='ltr'><strong>honorum,</strong></span> <span class='ocrx_word' id='word_1_291' title='bbox 510 2911 600 2948; x_wconf 87' lang='lat' dir='ltr'><strong>rerum</strong></span> <span class='ocrx_word' id='word_1_292' title='bbox 611 2896 835 2949; x_wconf 87' lang='lat' dir='ltr'><strong>hereditariamm</strong></span> <span class='ocrx_word' id='word_1_293' title='bbox 849 2899 1098 2966; x_wconf 83' lang='lat' dir='ltr'><strong>persequendamm</strong></span> <span class='ocrx_word' id='word_1_294' title='bbox 1116 2911 1199 2948; x_wconf 86' lang='lat' dir='ltr'><strong>causa</strong></span> <span class='ocrx_word' id='word_1_295' title='bbox 1216 2895 1250 2947; x_wconf 92' lang='lat' dir='ltr'><strong>iis</strong></span> <span class='ocrx_word' id='word_1_296' title='bbox 1269 2909 1422 2946; x_wconf 85' lang='lat' dir='ltr'><strong>succursum</strong></span> <span class='ocrx_word' id='word_1_297' title='bbox 1435 2895 1464 2941; x_wconf 80' lang='lat' dir='ltr'><strong>ert</strong></span> 
     </span>
     <span class='ocr_line' id='line_1_28' title="bbox 235 2979 1464 3050; baseline -0.005 -16"><span class='ocrx_word' id='word_1_298' title='bbox 235 2982 304 3049; x_wconf 84' lang='lat' dir='ltr'><strong>(vid.</strong></span> <span class='ocrx_word' id='word_1_299' title='bbox 327 2981 378 3034; x_wconf 74' lang='lat' dir='ltr'><strong>Tit.</strong></span> <span class='ocrx_word' id='word_1_300' title='bbox 395 2981 457 3050; x_wconf 73' lang='lat' dir='ltr'><strong>Dip.</strong></span> <span class='ocrx_word' id='word_1_301' title='bbox 486 2981 606 3038; x_wconf 85' lang='lat' dir='ltr'><strong>Quorum</strong></span> <span class='ocrx_word' id='word_1_302' title='bbox 629 2981 781 3050; x_wconf 83' lang='lat' dir='ltr'><strong>bonorum),</strong></span> <span class='ocrx_word' id='word_1_303' title='bbox 811 2989 839 3034; x_wconf 90' lang='lat' dir='ltr'><strong>et</strong></span> <span class='ocrx_word' id='word_1_304' title='bbox 864 2982 974 3034; x_wconf 85' lang='lat' dir='ltr'><strong>fictitiae</strong></span> <span class='ocrx_word' id='word_1_305' title='bbox 999 2982 1120 3036; x_wconf 67' lang='lat' dir='ltr'><strong>medones</strong></span> <span class='ocrx_word' id='word_1_306' title='bbox 1144 2979 1231 3033; x_wconf 89' lang='lat' dir='ltr'><strong>eisin</strong></span> <span class='ocrx_word' id='word_1_307' title='bbox 1247 2995 1333 3032; x_wconf 78' lang='lat' dir='ltr'><strong>eosve</strong></span> <span class='ocrx_word' id='word_1_308' title='bbox 1350 2984 1464 3045; x_wconf 78' lang='lat' dir='ltr'><strong>tamqnam</strong></span> 
     </span>
     <span class='ocr_line' id='line_1_29' title="bbox 233 3061 1463 3135; baseline -0.007 -17"><span class='ocrx_word' id='word_1_309' title='bbox 233 3065 377 3118; x_wconf 84' lang='lat' dir='ltr'><strong>heredibus</strong></span> <span class='ocrx_word' id='word_1_310' title='bbox 388 3064 451 3116; x_wconf 87' lang='lat' dir='ltr'><strong>etin</strong></span> <span class='ocrx_word' id='word_1_311' title='bbox 462 3065 576 3117; x_wconf 88' lang='lat' dir='ltr'><strong>heredes</strong></span> <span class='ocrx_word' id='word_1_312' title='bbox 585 3065 719 3121; x_wconf 85' lang='lat' dir='ltr'><strong>dabantur</strong></span> <span class='ocrx_word' id='word_1_313' title='bbox 728 3069 805 3135; x_wconf 84' lang='lat' dir='ltr'><strong>(Gaj.</strong></span> <span class='ocrx_word' id='word_1_314' title='bbox 816 3069 865 3120; x_wconf 85' lang='grc' dir='ltr'><strong>ΙΙΙ.</strong></span> <span class='ocrx_word' id='word_1_315' title='bbox 877 3069 1006 3134; x_wconf 74' lang='lat' dir='ltr'><strong>§.32.1V.</strong></span> <span class='ocrx_word' id='word_1_316' title='bbox 1019 3069 1039 3134; x_wconf 65' lang='grc' dir='ltr'><strong>ξ.</strong></span> <span class='ocrx_word' id='word_1_317' title='bbox 1049 3071 1092 3120; x_wconf 83' lang='grc'><strong>34.</strong></span> <span class='ocrx_word' id='word_1_318' title='bbox 1103 3067 1166 3134; x_wconf 91' lang='lat' dir='ltr'><strong>Ulp.</strong></span> <span class='ocrx_word' id='word_1_319' title='bbox 1179 3067 1226 3118; x_wconf 85' lang='lat' dir='ltr'><strong>Fr.</strong></span> <span class='ocrx_word' id='word_1_320' title='bbox 1237 3063 1406 3130; x_wconf 35' lang='lat' dir='ltr'>XXVIII&amp;</span> <span class='ocrx_word' id='word_1_321' title='bbox 1417 3061 1463 3126; x_wconf 77' lang='lat' dir='ltr'><strong>ta).</strong></span> 
     </span>
     <span class='ocr_line' id='line_1_30' title="bbox 233 3148 1463 3220; baseline -0.005 -17"><span class='ocrx_word' id='word_1_322' title='bbox 233 3152 317 3216; x_wconf 89' lang='lat' dir='ltr'><strong>Quod</strong></span> <span class='ocrx_word' id='word_1_323' title='bbox 336 3158 426 3203; x_wconf 88' lang='lat' dir='ltr'><strong>tamen</strong></span> <span class='ocrx_word' id='word_1_324' title='bbox 444 3167 499 3202; x_wconf 90' lang='lat' dir='ltr'><strong>non</strong></span> <span class='ocrx_word' id='word_1_325' title='bbox 517 3148 689 3218; x_wconf 79' lang='lat' dir='ltr'><strong>impediebat,</strong></span> <span class='ocrx_word' id='word_1_326' title='bbox 709 3168 764 3220; x_wconf 92' lang='lat' dir='ltr'><strong>qno</strong></span> <span class='ocrx_word' id='word_1_327' title='bbox 782 3153 872 3205; x_wconf 90' lang='lat' dir='ltr'><strong>minus</strong></span> <span class='ocrx_word' id='word_1_328' title='bbox 890 3153 966 3204; x_wconf 81' lang='lat' dir='ltr'><strong>heres</strong></span> <span class='ocrx_word' id='word_1_329' title='bbox 984 3151 1074 3211; x_wconf 79' lang='lat' dir='ltr'><strong>civilis,</strong></span> <span class='ocrx_word' id='word_1_330' title='bbox 1094 3153 1142 3220; x_wconf 87' lang='lat' dir='ltr'><strong>qui</strong></span> <span class='ocrx_word' id='word_1_331' title='bbox 1162 3157 1209 3204; x_wconf 86' lang='lat' dir='ltr'><strong>aut</strong></span> <span class='ocrx_word' id='word_1_332' title='bbox 1226 3157 1353 3216; x_wconf 87' lang='lat' dir='ltr'><strong>tempore</strong></span> <span class='ocrx_word' id='word_1_333' title='bbox 1369 3154 1463 3200; x_wconf 73' lang='lat' dir='ltr'><strong>eraten-</strong></span> 
     </span>
     <span class='ocr_line' id='line_1_31' title="bbox 232 3233 1463 3304; baseline -0.006 -15"><span class='ocrx_word' id='word_1_334' title='bbox 232 3239 334 3300; x_wconf 89' lang='lat' dir='ltr'><strong>clusus,</strong></span> <span class='ocrx_word' id='word_1_335' title='bbox 349 3241 396 3288; x_wconf 88' lang='lat' dir='ltr'><strong>ant</strong></span> <span class='ocrx_word' id='word_1_336' title='bbox 410 3236 560 3302; x_wconf 87' lang='lat' dir='ltr'><strong>posteriorc</strong></span> <span class='ocrx_word' id='word_1_337' title='bbox 574 3239 635 3288; x_wconf 84' lang='lat' dir='ltr'><strong>loeo</strong></span> <span class='ocrx_word' id='word_1_338' title='bbox 651 3245 803 3300; x_wconf 85' lang='lat' dir='ltr'><strong>vocatus,a</strong></span> <span class='ocrx_word' id='word_1_339' title='bbox 823 3238 958 3290; x_wconf 88' lang='lat' dir='ltr'><strong>bonorum</strong></span> <span class='ocrx_word' id='word_1_340' title='bbox 971 3251 1131 3304; x_wconf 88' lang='lat' dir='ltr'><strong>possessore</strong></span> <span class='ocrx_word' id='word_1_341' title='bbox 1148 3253 1213 3299; x_wconf 82' lang='lat' dir='ltr'><strong>rem,</strong></span> <span class='ocrx_word' id='word_1_342' title='bbox 1236 3237 1253 3289; x_wconf 91' lang='lat' dir='ltr'><strong>i.</strong></span> <span class='ocrx_word' id='word_1_343' title='bbox 1269 3253 1292 3288; x_wconf 90' lang='lat' dir='ltr'><strong>e.</strong></span> <span class='ocrx_word' id='word_1_344' title='bbox 1310 3233 1463 3287; x_wconf 75' lang='lat' dir='ltr'><strong>hereditatem</strong></span> 
     </span>
     <span class='ocr_line' id='line_1_32' title="bbox 231 3320 1463 3392; baseline -0.006 -17"><span class='ocrx_word' id='word_1_345' title='bbox 231 3322 355 3376; x_wconf 81' lang='lat' dir='ltr'><strong>evincere</strong></span> <span class='ocrx_word' id='word_1_346' title='bbox 374 3329 480 3387; x_wconf 88' lang='lat' dir='ltr'><strong>posset;</strong></span> <span class='ocrx_word' id='word_1_347' title='bbox 499 3322 559 3390; x_wconf 88' lang='lat' dir='ltr'><strong>ejus</strong></span> <span class='ocrx_word' id='word_1_348' title='bbox 578 3321 661 3388; x_wconf 76' lang='lat' dir='ltr'><strong>igitur</strong></span> <span class='ocrx_word' id='word_1_349' title='bbox 679 3325 712 3375; x_wconf 90' lang='grc' dir='ltr'><strong>Β.</strong></span> <span class='ocrx_word' id='word_1_350' title='bbox 724 3325 771 3387; x_wconf 88' lang='grc' dir='ltr'><strong>Ρ.,</strong></span> <span class='ocrx_word' id='word_1_351' title='bbox 790 3322 837 3392; x_wconf 91' lang='lat' dir='ltr'><strong>qui</strong></span> <span class='ocrx_word' id='word_1_352' title='bbox 856 3339 911 3374; x_wconf 90' lang='lat' dir='ltr'><strong>non</strong></span> <span class='ocrx_word' id='word_1_353' title='bbox 930 3324 984 3376; x_wconf 90' lang='lat' dir='ltr'><strong>nisi</strong></span> <span class='ocrx_word' id='word_1_354' title='bbox 1002 3322 1140 3376; x_wconf 88' lang='lat' dir='ltr'><strong>Praetoris</strong></span> <span class='ocrx_word' id='word_1_355' title='bbox 1160 3320 1249 3373; x_wconf 88' lang='lat' dir='ltr'><strong>edicto</strong></span> <span class='ocrx_word' id='word_1_356' title='bbox 1261 3322 1297 3373; x_wconf 89' lang='lat' dir='ltr'><strong>ad</strong></span> <span class='ocrx_word' id='word_1_357' title='bbox 1312 3321 1463 3373; x_wconf 76' lang='lat' dir='ltr'><strong>hereditatem</strong></span> 
     </span>
     <span class='ocr_line' id='line_1_33' title="bbox 233 3398 1464 3476; baseline -0.008 -14"><span class='ocrx_word' id='word_1_358' title='bbox 233 3414 346 3462; x_wconf 83' lang='lat' dir='ltr'><strong>vocatus</strong></span> <span class='ocrx_word' id='word_1_359' title='bbox 355 3413 405 3472; x_wconf 89' lang='lat' dir='ltr'><strong>est,</strong></span> <span class='ocrx_word' id='word_1_360' title='bbox 423 3409 479 3460; x_wconf 75' lang='lat' dir='ltr'><strong>sine</strong></span> <span class='ocrx_word' id='word_1_361' title='bbox 495 3426 535 3471; x_wconf 82' lang='lat' dir='ltr'><strong>re,</strong></span> <span class='ocrx_word' id='word_1_362' title='bbox 554 3409 571 3460; x_wconf 87' lang='lat' dir='ltr'><strong>i.</strong></span> <span class='ocrx_word' id='word_1_363' title='bbox 583 3426 606 3460; x_wconf 90' lang='lat' dir='ltr'><strong>e.</strong></span> <span class='ocrx_word' id='word_1_364' title='bbox 624 3408 683 3460; x_wconf 89' lang='lat' dir='ltr'><strong>sine</strong></span> <span class='ocrx_word' id='word_1_365' title='bbox 701 3398 796 3460; x_wconf 74' lang='lat' dir='ltr'><strong>effectu</strong></span> <span class='ocrx_word' id='word_1_366' title='bbox 810 3415 869 3461; x_wconf 86' lang='lat' dir='ltr'><strong>erat</strong></span> <span class='ocrx_word' id='word_1_367' title='bbox 882 3410 958 3476; x_wconf 86' lang='lat' dir='ltr'><strong>(Gaj.</strong></span> <span class='ocrx_word' id='word_1_368' title='bbox 974 3411 1009 3461; x_wconf 91' lang='lat'><strong>11.</strong></span> <span class='ocrx_word' id='word_1_369' title='bbox 1022 3409 1044 3475; x_wconf 65' lang='grc' dir='ltr'><strong>ξ.</strong></span> <span class='ocrx_word' id='word_1_370' title='bbox 1056 3413 1113 3461; x_wconf 77' lang='lat'><strong>148.</strong></span> <span class='ocrx_word' id='word_1_371' title='bbox 1125 3412 1182 3460; x_wconf 81' lang='lat' dir='ltr'><strong>tta.</strong></span> <span class='ocrx_word' id='word_1_372' title='bbox 1200 3407 1249 3457; x_wconf 90' lang='lat'><strong>111.</strong></span> <span class='ocrx_word' id='word_1_373' title='bbox 1262 3406 1284 3472; x_wconf 64' lang='grc' dir='ltr'><strong>ξ.</strong></span> <span class='ocrx_word' id='word_1_374' title='bbox 1294 3407 1403 3458; x_wconf 72' lang='lat' dir='ltr'><strong>na-an</strong></span> <span class='ocrx_word' id='word_1_375' title='bbox 1418 3401 1464 3465; x_wconf 74' lang='lat' dir='ltr'><strong>Up-</strong></span> 
     </span>
     <span class='ocr_line' id='line_1_34' title="bbox 234 3487 1463 3561; baseline -0.007 -15"><span class='ocrx_word' id='word_1_376' title='bbox 234 3493 468 3559; x_wconf 76' lang='lat' dir='ltr'><strong>Fr.xxvt11.§.</strong></span> <span class='ocrx_word' id='word_1_377' title='bbox 483 3495 546 3559; x_wconf 72' lang='lat' dir='ltr'><strong>ta),</strong></span> <span class='ocrx_word' id='word_1_378' title='bbox 566 3495 660 3545; x_wconf 87' lang='lat' dir='ltr'><strong>saitem</strong></span> <span class='ocrx_word' id='word_1_379' title='bbox 674 3508 763 3561; x_wconf 88' lang='lat' dir='ltr'><strong>usque</strong></span> <span class='ocrx_word' id='word_1_380' title='bbox 780 3509 822 3557; x_wconf 89' lang='lat' dir='ltr'><strong>eo,</strong></span> <span class='ocrx_word' id='word_1_381' title='bbox 840 3494 928 3547; x_wconf 91' lang='lat' dir='ltr'><strong>donec</strong></span> <span class='ocrx_word' id='word_1_382' title='bbox 946 3509 996 3558; x_wconf 91' lang='lat' dir='ltr'><strong>pro</strong></span> <span class='ocrx_word' id='word_1_383' title='bbox 1014 3494 1111 3546; x_wconf 87' lang='lat' dir='ltr'><strong>herede</strong></span> <span class='ocrx_word' id='word_1_384' title='bbox 1122 3489 1291 3556; x_wconf 83' lang='lat' dir='ltr'><strong>usucapione</strong></span> <span class='ocrx_word' id='word_1_385' title='bbox 1312 3487 1463 3542; x_wconf 80' lang='lat' dir='ltr'><strong>hereditatem</strong></span> 
     </span>
     <span class='ocr_line' id='line_1_35' title="bbox 235 3573 1466 3645; baseline -0.009 -14"><span class='ocrx_word' id='word_1_386' title='bbox 235 3593 314 3631; x_wconf 88' lang='lat' dir='ltr'><strong>snam</strong></span> <span class='ocrx_word' id='word_1_387' title='bbox 332 3579 432 3630; x_wconf 85' lang='lat' dir='ltr'><strong>iecerat</strong></span> <span class='ocrx_word' id='word_1_388' title='bbox 451 3579 584 3630; x_wconf 88' lang='lat' dir='ltr'><strong>bonorum</strong></span> <span class='ocrx_word' id='word_1_389' title='bbox 602 3593 754 3645; x_wconf 86' lang='lat' dir='ltr'><strong>possessor,</strong></span> <span class='ocrx_word' id='word_1_390' title='bbox 777 3578 845 3645; x_wconf 82' lang='lat' dir='ltr'><strong>(vid.</strong></span> <span class='ocrx_word' id='word_1_391' title='bbox 858 3580 889 3630; x_wconf 89' lang='lat' dir='ltr'><strong>L.</strong></span> <span class='ocrx_word' id='word_1_392' title='bbox 908 3579 1010 3630; x_wconf 84' lang='lat' dir='ltr'><strong>Arndts</strong></span> <span class='ocrx_word' id='word_1_393' title='bbox 1021 3578 1110 3630; x_wconf 83' lang='lat' dir='ltr'><strong>Britr.</strong></span> <span class='ocrx_word' id='word_1_394' title='bbox 1122 3595 1159 3630; x_wconf 78' lang='lat' dir='ltr'><strong>za</strong></span> <span class='ocrx_word' id='word_1_395' title='bbox 1170 3573 1466 3628; x_wconf 75' lang='lat' dir='ltr'><strong>verschiedmniehm</strong></span> 
     </span>
     <span class='ocr_line' id='line_1_36' title="bbox 235 3657 1465 3732; baseline -0.006 -16"><span class='ocrx_word' id='word_1_396' title='bbox 235 3665 280 3717; x_wconf 82' lang='lat' dir='ltr'><strong>des</strong></span> <span class='ocrx_word' id='word_1_397' title='bbox 302 3664 391 3717; x_wconf 67' lang='lat' dir='ltr'><strong>otrih.</strong></span> <span class='ocrx_word' id='word_1_398' title='bbox 410 3680 435 3714; x_wconf 87' lang='lat' dir='ltr'><strong>u.</strong></span> <span class='ocrx_word' id='word_1_399' title='bbox 457 3664 596 3731; x_wconf 72' lang='lat' dir='ltr'><strong>Cioilproe.</strong></span> <span class='ocrx_word' id='word_1_400' title='bbox 620 3679 646 3728; x_wconf 89' lang='lat' dir='ltr'><strong>p.</strong></span> <span class='ocrx_word' id='word_1_401' title='bbox 667 3668 710 3717; x_wconf 81' lang='lat'><strong>7⁷.</strong></span> <span class='ocrx_word' id='word_1_402' title='bbox 728 3679 769 3732; x_wconf 89' lang='lat' dir='ltr'><strong>sq.</strong></span> <span class='ocrx_word' id='word_1_403' title='bbox 787 3669 842 3716; x_wconf 84' lang='lat' dir='ltr'><strong>not.</strong></span> <span class='ocrx_word' id='word_1_404' title='bbox 857 3663 925 3728; x_wconf 79' lang='lat'><strong>42).</strong></span> <span class='ocrx_word' id='word_1_405' title='bbox 954 3664 991 3714; x_wconf 75' lang='lat' dir='ltr'><strong>st</strong></span> <span class='ocrx_word' id='word_1_406' title='bbox 1013 3671 1147 3732; x_wconf 81' lang='lat' dir='ltr'><strong>postremo</strong></span> <span class='ocrx_word' id='word_1_407' title='bbox 1170 3662 1254 3713; x_wconf 80' lang='lat' dir='ltr'><strong>etiam</strong></span> <span class='ocrx_word' id='word_1_408' title='bbox 1276 3657 1439 3727; x_wconf 65' lang='lat' dir='ltr'><strong>immersit</strong></span> <span class='ocrx_word' id='word_1_409' title='bbox 1450 3669 1465 3704; x_wconf 71' lang='grc' dir='ltr'><strong>τ·</strong></span> 
     </span>
     <span class='ocr_line' id='line_1_37' title="bbox 235 3744 1466 3819; baseline -0.009 -17"><span class='ocrx_word' id='word_1_410' title='bbox 235 3750 387 3819; x_wconf 67' lang='lat' dir='ltr'><strong>compendi</strong></span> <span class='ocrx_word' id='word_1_411' title='bbox 394 3749 470 3817; x_wconf 82' lang='lat' dir='ltr'><strong>juris</strong></span> <span class='ocrx_word' id='word_1_412' title='bbox 487 3749 568 3800; x_wconf 72' lang='lat' dir='ltr'><strong>civilis</strong></span> <span class='ocrx_word' id='word_1_413' title='bbox 583 3749 671 3816; x_wconf 70' lang='lat' dir='ltr'><strong>pratia</strong></span> <span class='ocrx_word' id='word_1_414' title='bbox 687 3746 814 3800; x_wconf 81' lang='lat' dir='ltr'><strong>honoram</strong></span> <span class='ocrx_word' id='word_1_415' title='bbox 826 3749 1001 3816; x_wconf 78' lang='lat' dir='ltr'><strong>possessiones</strong></span> <span class='ocrx_word' id='word_1_416' title='bbox 1017 3749 1126 3800; x_wconf 84' lang='lat' dir='ltr'><strong>additae</strong></span> <span class='ocrx_word' id='word_1_417' title='bbox 1141 3753 1212 3799; x_wconf 89' lang='lat' dir='ltr'><strong>sunt.</strong></span> <span class='ocrx_word' id='word_1_418' title='bbox 1230 3746 1321 3812; x_wconf 84' lang='lat' dir='ltr'><strong>idque</strong></span> <span class='ocrx_word' id='word_1_419' title='bbox 1333 3761 1393 3796; x_wconf 84' lang='lat' dir='ltr'><strong>cum</strong></span> <span class='ocrx_word' id='word_1_420' title='bbox 1404 3744 1466 3794; x_wconf 82' lang='lat' dir='ltr'><strong>Prae</strong></span> 
     </span>
     <span class='ocr_line' id='line_1_38' title="bbox 234 3823 1465 3899; baseline -0.011 -10"><span class='ocrx_word' id='word_1_421' title='bbox 234 3837 302 3890; x_wconf 88' lang='lat' dir='ltr'><strong>toris</strong></span> <span class='ocrx_word' id='word_1_422' title='bbox 320 3837 402 3888; x_wconf 84' lang='lat' dir='ltr'><strong>fiebat</strong></span> <span class='ocrx_word' id='word_1_423' title='bbox 419 3834 517 3896; x_wconf 89' lang='lat' dir='ltr'><strong>edicto,</strong></span> <span class='ocrx_word' id='word_1_424' title='bbox 536 3840 592 3886; x_wconf 87' lang='lat' dir='ltr'><strong>turn</strong></span> <span class='ocrx_word' id='word_1_425' title='bbox 610 3850 675 3886; x_wconf 82' lang='lat' dir='ltr'><strong>vero</strong></span> <span class='ocrx_word' id='word_1_426' title='bbox 702 3833 896 3899; x_wconf 88' lang='lat' dir='ltr'><strong>imperatorum</strong></span> <span class='ocrx_word' id='word_1_427' title='bbox 914 3833 1061 3899; x_wconf 89' lang='lat' dir='ltr'><strong>rescriptis.</strong></span> <span class='ocrx_word' id='word_1_428' title='bbox 1085 3834 1199 3884; x_wconf 84' lang='lat' dir='ltr'><strong>Praetor</strong></span> <span class='ocrx_word' id='word_1_429' title='bbox 1218 3829 1291 3882; x_wconf 90' lang='lat' dir='ltr'><strong>enim</strong></span> <span class='ocrx_word' id='word_1_430' title='bbox 1313 3827 1401 3879; x_wconf 88' lang='lat' dir='ltr'><strong>edicto</strong></span> <span class='ocrx_word' id='word_1_431' title='bbox 1416 3823 1465 3876; x_wconf 79' lang='lat' dir='ltr'><strong>ande</strong></span> 
     </span>
     <span class='ocr_line' id='line_1_39' title="bbox 235 3906 1465 3985; baseline -0.01 -14"><span class='ocrx_word' id='word_1_432' title='bbox 235 3918 312 3972; x_wconf 70' lang='lat' dir='ltr'><strong>h&#39;heri</strong></span> <span class='ocrx_word' id='word_1_433' title='bbox 328 3920 479 3985; x_wconf 85' lang='lat' dir='ltr'><strong>proposito,</strong></span> <span class='ocrx_word' id='word_1_434' title='bbox 497 3936 552 3974; x_wconf 89' lang='lat' dir='ltr'><strong>una</strong></span> <span class='ocrx_word' id='word_1_435' title='bbox 569 3935 631 3972; x_wconf 86' lang='lat' dir='ltr'><strong>enm</strong></span> <span class='ocrx_word' id='word_1_436' title='bbox 648 3919 873 3972; x_wconf 87' lang='lat' dir='ltr'><strong>descendentibus</strong></span> <span class='ocrx_word' id='word_1_437' title='bbox 892 3919 920 3970; x_wconf 89' lang='lat' dir='ltr'><strong>in</strong></span> <span class='ocrx_word' id='word_1_438' title='bbox 938 3920 1022 3984; x_wconf 83' lang='lat' dir='ltr'><strong>patris</strong></span> <span class='ocrx_word' id='word_1_439' title='bbox 1041 3916 1160 3969; x_wconf 73' lang='lat' dir='ltr'><strong>defuncti</strong></span> <span class='ocrx_word' id='word_1_440' title='bbox 1178 3920 1314 3982; x_wconf 84' lang='lat' dir='ltr'><strong>potestate</strong></span> <span class='ocrx_word' id='word_1_441' title='bbox 1326 3906 1465 3966; x_wconf 81' lang='lat' dir='ltr'><strong>constitutis,</strong></span> 
     </span>
     <span class='ocr_line' id='line_1_40' title="bbox 234 3997 1464 4072; baseline -0.008 -14"><span class='ocrx_word' id='word_1_442' title='bbox 234 4006 419 4071; x_wconf 88' lang='lat' dir='ltr'><strong>emancipatos</strong></span> <span class='ocrx_word' id='word_1_443' title='bbox 439 4019 550 4072; x_wconf 87' lang='lat' dir='ltr'><strong>quoque</strong></span> <span class='ocrx_word' id='word_1_444' title='bbox 566 4003 681 4068; x_wconf 83' lang='lat' dir='ltr'><strong>vocavit,</strong></span> <span class='ocrx_word' id='word_1_445' title='bbox 700 4004 826 4059; x_wconf 87' lang='lat' dir='ltr'><strong>nimirum</strong></span> <span class='ocrx_word' id='word_1_446' title='bbox 844 4005 960 4056; x_wconf 89' lang='lat' dir='ltr'><strong>rescissa</strong></span> <span class='ocrx_word' id='word_1_447' title='bbox 978 4019 1073 4056; x_wconf 88' lang='lat' dir='ltr'><strong>eorum</strong></span> <span class='ocrx_word' id='word_1_448' title='bbox 1089 4001 1187 4067; x_wconf 84' lang='lat' dir='ltr'><strong>capitis</strong></span> <span class='ocrx_word' id='word_1_449' title='bbox 1204 3999 1389 4052; x_wconf 87' lang='lat' dir='ltr'><strong>deminutione</strong></span> <span class='ocrx_word' id='word_1_450' title='bbox 1403 3997 1464 4061; x_wconf 76' lang='lat' dir='ltr'><strong>(Li-</strong></span> 
     </span>
     <span class='ocr_line' id='line_1_41' title="bbox 234 4075 1463 4158; baseline -0.009 -15"><span class='ocrx_word' id='word_1_451' title='bbox 234 4092 255 4158; x_wconf 77' lang='grc' dir='ltr'><strong>ξ.</strong></span> <span class='ocrx_word' id='word_1_452' title='bbox 270 4095 293 4144; x_wconf 87' lang='lat' dir='ltr'><strong>i.</strong></span> <span class='ocrx_word' id='word_1_453' title='bbox 313 4091 348 4143; x_wconf 90' lang='lat' dir='ltr'><strong>D.</strong></span> <span class='ocrx_word' id='word_1_454' title='bbox 361 4091 392 4141; x_wconf 86' lang='lat' dir='ltr'><strong>de</strong></span> <span class='ocrx_word' id='word_1_455' title='bbox 412 4088 469 4142; x_wconf 86' lang='lat' dir='ltr'><strong>hon.</strong></span> <span class='ocrx_word' id='word_1_456' title='bbox 483 4089 581 4158; x_wconf 76' lang='lat' dir='ltr'><strong>poen),</strong></span> <span class='ocrx_word' id='word_1_457' title='bbox 602 4091 727 4158; x_wconf 87' lang='lat' dir='ltr'><strong>adeoque</strong></span> <span class='ocrx_word' id='word_1_458' title='bbox 744 4093 825 4156; x_wconf 90' lang='lat' dir='ltr'><strong>pleno</strong></span> <span class='ocrx_word' id='word_1_459' title='bbox 843 4107 906 4142; x_wconf 87' lang='lat' dir='ltr'><strong>cunr</strong></span> <span class='ocrx_word' id='word_1_460' title='bbox 925 4092 1029 4153; x_wconf 83' lang='lat' dir='ltr'><strong>effectu,</strong></span> <span class='ocrx_word' id='word_1_461' title='bbox 1048 4089 1121 4140; x_wconf 88' lang='lat' dir='ltr'><strong>unde</strong></span> <span class='ocrx_word' id='word_1_462' title='bbox 1139 4086 1196 4138; x_wconf 87' lang='lat' dir='ltr'><strong>fieri</strong></span> <span class='ocrx_word' id='word_1_463' title='bbox 1212 4100 1268 4138; x_wconf 87' lang='lat' dir='ltr'><strong>non</strong></span> <span class='ocrx_word' id='word_1_464' title='bbox 1287 4089 1398 4148; x_wconf 88' lang='lat' dir='ltr'><strong>poterat,</strong></span> <span class='ocrx_word' id='word_1_465' title='bbox 1416 4075 1463 4144; x_wconf 87' lang='lat' dir='ltr'><strong>quin</strong></span> 
     </span>
     <span class='ocr_line' id='line_1_42' title="bbox 235 4169 1464 4240; baseline -0.009 -12"><span class='ocrx_word' id='word_1_466' title='bbox 235 4175 317 4228; x_wconf 87' lang='lat' dir='ltr'><strong>iidem</strong></span> <span class='ocrx_word' id='word_1_467' title='bbox 335 4175 415 4227; x_wconf 84' lang='lat' dir='ltr'><strong>etiarn</strong></span> <span class='ocrx_word' id='word_1_468' title='bbox 433 4175 468 4226; x_wconf 89' lang='lat' dir='ltr'><strong>ad</strong></span> <span class='ocrx_word' id='word_1_469' title='bbox 480 4179 573 4226; x_wconf 87' lang='lat' dir='ltr'><strong>contra</strong></span> <span class='ocrx_word' id='word_1_470' title='bbox 591 4174 697 4227; x_wconf 87' lang='lat' dir='ltr'><strong>tabulas</strong></span> <span class='ocrx_word' id='word_1_471' title='bbox 717 4175 849 4228; x_wconf 91' lang='lat' dir='ltr'><strong>bonorum</strong></span> <span class='ocrx_word' id='word_1_472' title='bbox 874 4175 1075 4240; x_wconf 88' lang='lat' dir='ltr'><strong>possessionem</strong></span> <span class='ocrx_word' id='word_1_473' title='bbox 1099 4173 1195 4225; x_wconf 91' lang='lat' dir='ltr'><strong>eodem</strong></span> <span class='ocrx_word' id='word_1_474' title='bbox 1212 4171 1310 4223; x_wconf 89' lang='lat' dir='ltr'><strong>ordine</strong></span> <span class='ocrx_word' id='word_1_475' title='bbox 1328 4175 1356 4221; x_wconf 89' lang='lat' dir='ltr'><strong>et</strong></span> <span class='ocrx_word' id='word_1_476' title='bbox 1376 4169 1428 4234; x_wconf 82' lang='lat' dir='ltr'><strong>jure</strong></span> <span class='ocrx_word' id='word_1_477' title='bbox 1444 4169 1464 4213; x_wconf 86' lang='lat' dir='ltr'><strong>ut</strong></span> 
     </span>
     <span class='ocr_line' id='line_1_43' title="bbox 236 4255 1464 4332; baseline -0.007 -20"><span class='ocrx_word' id='word_1_478' title='bbox 236 4261 279 4312; x_wconf 90' lang='lat' dir='ltr'><strong>sui</strong></span> <span class='ocrx_word' id='word_1_479' title='bbox 297 4261 409 4312; x_wconf 87' lang='lat' dir='ltr'><strong>heredes</strong></span> <span class='ocrx_word' id='word_1_480' title='bbox 434 4259 639 4312; x_wconf 84' lang='lat' dir='ltr'><strong>admitterentur</strong></span> <span class='ocrx_word' id='word_1_481' title='bbox 664 4261 710 4328; x_wconf 86' lang='lat' dir='ltr'><strong>(L.</strong></span> <span class='ocrx_word' id='word_1_482' title='bbox 723 4266 754 4332; x_wconf 75' lang='lat' dir='ltr'><strong>J.</strong></span> <span class='ocrx_word' id='word_1_483' title='bbox 772 4262 793 4328; x_wconf 60' lang='grc' dir='ltr'><strong>ξ.</strong></span> <span class='ocrx_word' id='word_1_484' title='bbox 814 4267 835 4312; x_wconf 90' lang='grc'><strong>1.</strong></span> <span class='ocrx_word' id='word_1_485' title='bbox 854 4261 889 4312; x_wconf 87' lang='lat' dir='ltr'><strong>D.</strong></span> <span class='ocrx_word' id='word_1_486' title='bbox 908 4261 940 4310; x_wconf 85' lang='lat' dir='ltr'><strong>de</strong></span> <span class='ocrx_word' id='word_1_487' title='bbox 966 4257 1024 4311; x_wconf 87' lang='lat' dir='ltr'><strong>hen.</strong></span> <span class='ocrx_word' id='word_1_488' title='bbox 1043 4275 1115 4326; x_wconf 81' lang='lat' dir='ltr'><strong>poss.</strong></span> <span class='ocrx_word' id='word_1_489' title='bbox 1133 4265 1225 4309; x_wconf 81' lang='lat' dir='ltr'><strong>eontra</strong></span> <span class='ocrx_word' id='word_1_490' title='bbox 1247 4255 1326 4318; x_wconf 78' lang='lat' dir='ltr'><strong>tab).</strong></span> <span class='ocrx_word' id='word_1_491' title='bbox 1346 4255 1464 4316; x_wconf 70' lang='lat' dir='ltr'><strong>Praeterea</strong></span> 
     </span>
     <span class='ocr_line' id='line_1_44' title="bbox 235 4332 1463 4410; baseline -0.007 -15"><span class='ocrx_word' id='word_1_492' title='bbox 235 4344 318 4410; x_wconf 87' lang='lat' dir='ltr'><strong>impp.</strong></span> <span class='ocrx_word' id='word_1_493' title='bbox 331 4344 467 4410; x_wconf 86' lang='lat' dir='ltr'><strong>rescriptis</strong></span> <span class='ocrx_word' id='word_1_494' title='bbox 480 4344 596 4398; x_wconf 91' lang='lat' dir='ltr'><strong>subinde</strong></span> <span class='ocrx_word' id='word_1_495' title='bbox 607 4346 730 4409; x_wconf 85' lang='lat' dir='ltr'><strong>invaluit,</strong></span> <span class='ocrx_word' id='word_1_496' title='bbox 746 4351 785 4408; x_wconf 86' lang='lat' dir='ltr'><strong>ut,</strong></span> <span class='ocrx_word' id='word_1_497' title='bbox 798 4344 877 4397; x_wconf 88' lang='lat' dir='ltr'><strong>certis</strong></span> <span class='ocrx_word' id='word_1_498' title='bbox 896 4361 931 4396; x_wconf 88' lang='lat' dir='ltr'><strong>ex</strong></span> <span class='ocrx_word' id='word_1_499' title='bbox 949 4343 1039 4395; x_wconf 86' lang='lat' dir='ltr'><strong>causis</strong></span> <span class='ocrx_word' id='word_1_500' title='bbox 1058 4342 1105 4410; x_wconf 88' lang='lat' dir='ltr'><strong>qui</strong></span> <span class='ocrx_word' id='word_1_501' title='bbox 1123 4332 1273 4394; x_wconf 88' lang='lat' dir='ltr'><strong>secundum</strong></span> <span class='ocrx_word' id='word_1_502' title='bbox 1285 4340 1391 4392; x_wconf 86' lang='lat' dir='ltr'><strong>tabutas</strong></span> <span class='ocrx_word' id='word_1_503' title='bbox 1399 4338 1463 4388; x_wconf 83' lang='lat' dir='ltr'><strong>bono</strong></span> 
     </span>
     <span class='ocr_line' id='line_1_45' title="bbox 236 4421 1463 4495; baseline -0.008 -16"><span class='ocrx_word' id='word_1_504' title='bbox 236 4441 295 4482; x_wconf 87' lang='lat' dir='ltr'><strong>rum</strong></span> <span class='ocrx_word' id='word_1_505' title='bbox 314 4429 514 4495; x_wconf 87' lang='lat' dir='ltr'><strong>possessionem</strong></span> <span class='ocrx_word' id='word_1_506' title='bbox 528 4431 710 4495; x_wconf 86' lang='lat' dir='ltr'><strong>obtinuerant,</strong></span> <span class='ocrx_word' id='word_1_507' title='bbox 728 4421 802 4482; x_wconf 83' lang='lat' dir='ltr'><strong>civili</strong></span> <span class='ocrx_word' id='word_1_508' title='bbox 819 4429 911 4482; x_wconf 87' lang='lat' dir='ltr'><strong>heredi</strong></span> <span class='ocrx_word' id='word_1_509' title='bbox 930 4429 1137 4495; x_wconf 72' lang='lat' dir='ltr'><strong>praeferrentur.</strong></span> <span class='ocrx_word' id='word_1_510' title='bbox 1150 4427 1257 4490; x_wconf 89' lang='lat' dir='ltr'><strong>Quibus</strong></span> <span class='ocrx_word' id='word_1_511' title='bbox 1274 4426 1303 4477; x_wconf 91' lang='lat' dir='ltr'><strong>in</strong></span> <span class='ocrx_word' id='word_1_512' title='bbox 1317 4423 1402 4476; x_wconf 75' lang='lat' dir='ltr'><strong>musis</strong></span> <span class='ocrx_word' id='word_1_513' title='bbox 1413 4423 1463 4472; x_wconf 86' lang='lat' dir='ltr'><strong>duae</strong></span> 
     </span>
     <span class='ocr_line' id='line_1_46' title="bbox 236 4514 1463 4577; baseline -0.006 -12"><span class='ocrx_word' id='word_1_514' title='bbox 236 4517 276 4566; x_wconf 88' lang='lat' dir='ltr'><strong>vet</strong></span> <span class='ocrx_word' id='word_1_515' title='bbox 295 4514 413 4568; x_wconf 84' lang='lat' dir='ltr'><strong>maxime</strong></span> <span class='ocrx_word' id='word_1_516' title='bbox 430 4514 555 4568; x_wconf 89' lang='lat' dir='ltr'><strong>eminent.</strong></span> <span class='ocrx_word' id='word_1_517' title='bbox 574 4517 697 4568; x_wconf 87' lang='lat' dir='ltr'><strong>Primum</strong></span> <span class='ocrx_word' id='word_1_518' title='bbox 713 4516 787 4571; x_wconf 86' lang='lat' dir='ltr'><strong>enim</strong></span> <span class='ocrx_word' id='word_1_519' title='bbox 807 4516 841 4567; x_wconf 90' lang='lat' dir='ltr'><strong>D.</strong></span> <span class='ocrx_word' id='word_1_520' title='bbox 859 4515 1017 4567; x_wconf 86' lang='lat' dir='ltr'><strong>Hadrianus</strong></span> <span class='ocrx_word' id='word_1_521' title='bbox 1035 4514 1138 4577; x_wconf 83' lang='lat' dir='ltr'><strong>statuit,</strong></span> <span class='ocrx_word' id='word_1_522' title='bbox 1156 4520 1186 4566; x_wconf 90' lang='lat' dir='ltr'><strong>ut</strong></span> <span class='ocrx_word' id='word_1_523' title='bbox 1204 4529 1240 4564; x_wconf 83' lang='lat' dir='ltr'><strong>ex</strong></span> <span class='ocrx_word' id='word_1_524' title='bbox 1257 4515 1413 4562; x_wconf 87' lang='lat' dir='ltr'><strong>testamento</strong></span> <span class='ocrx_word' id='word_1_525' title='bbox 1430 4518 1463 4568; x_wconf 77' lang='lat' dir='ltr'><strong>ptr</strong></span> 
     </span>
     <span class='ocr_line' id='line_1_47' title="bbox 235 4590 1462 4668; baseline -0.007 -16"><span class='ocrx_word' id='word_1_526' title='bbox 235 4600 354 4665; x_wconf 88' lang='lat' dir='ltr'><strong>postumi</strong></span> <span class='ocrx_word' id='word_1_527' title='bbox 364 4602 537 4667; x_wconf 75' lang='lat' dir='ltr'><strong>agnationem</strong></span> <span class='ocrx_word' id='word_1_528' title='bbox 549 4608 639 4668; x_wconf 90' lang='lat' dir='ltr'><strong>rupto,</strong></span> <span class='ocrx_word' id='word_1_529' title='bbox 654 4602 677 4654; x_wconf 91' lang='lat' dir='ltr'><strong>si</strong></span> <span class='ocrx_word' id='word_1_530' title='bbox 690 4602 754 4656; x_wconf 81' lang='lat' dir='ltr'><strong>vivo</strong></span> <span class='ocrx_word' id='word_1_531' title='bbox 765 4606 895 4654; x_wconf 86' lang='lat' dir='ltr'><strong>testatore</strong></span> <span class='ocrx_word' id='word_1_532' title='bbox 907 4615 1001 4654; x_wconf 84' lang='lat' dir='ltr'><strong>rursus</strong></span> <span class='ocrx_word' id='word_1_533' title='bbox 1013 4597 1161 4652; x_wconf 84' lang='lat' dir='ltr'><strong>decesserit</strong></span> <span class='ocrx_word' id='word_1_534' title='bbox 1173 4602 1327 4664; x_wconf 86' lang='lat' dir='ltr'><strong>postumus,</strong></span> <span class='ocrx_word' id='word_1_535' title='bbox 1340 4590 1462 4647; x_wconf 73' lang='lat' dir='ltr'><strong>secundum</strong></span> 
     </span>
    </p>
   </div>
   <div class='ocr_carea' id='block_1_8' title="bbox 0 0 1531 5160">
    <p class='ocr_par' dir='ltr' id='par_1_8' title="bbox 0 0 1531 5160">
     <span class='ocr_line' id='line_1_48' title="bbox 0 0 1531 5160; baseline 0 0"><span class='ocrx_word' id='word_1_536' title='bbox 0 0 1531 5160; x_wconf 95' lang='lat' dir='ltr'><strong> </strong></span> 
     </span>
    </p>
   </div>
  </div>
 </body>
</html>
