3030 5160
353 385 409 454 Du
434 383 685 454 Seueruseous.
710 383 972 457 Taurunmsno.
1221 399 1293 467 483

58 571 161 627 matres
179 562 222 626 sd
242 562 442 644 liberorum,
456 561 649 646 liberosque
672 562 715 627 nd
734 572 871 628 mutmm
896 567 1134 632 successionem
1157 573 1291 638 vocavit
1310 523 1314 532 Ι

59 672 153 736 edicto
172 671 261 734 Unde
274 675 417 754 rogasti:
427 674 530 752 proteo.
545 671 624 733 lust.
639 673 668 732 b.
684 679 705 732 t.

623 821 703 905 §.a

264 941 364 993 Postea
382 949 408 991 et
428 939 554 992 Claudius
571 936 699 991 matribus
716 939 764 994 ltoe
781 939 934 1009 beneficium
951 911 1068 998 indulsit:

125 1044 246 1106 Postea
262 1049 296 1104 et
315 1039 472 1104 Claudius
487 1039 684 1124 Imperator,
701 1042 850 1105 misertus
865 1044 1004 1122 matemi
1018 1045 1136 1127 luctus,
1151 1045 1185 1107 in
1199 1043 1291 1109 'sola-

57 1151 122 1214 tium
142 1149 329 1213 amissorum
345 1147 485 1212 filiorum
506 1148 672 1232 legitimas
696 1149 852 1214 matribus
879 1150 1000 1217 detulit
1021 1174 1134 1216 eorum
1157 1152 1292 1218 beredi-

58 1264 138 1320 tates:
153 1258 180 1338 §.
198 1257 227 1319 1.
242 1258 320 1318 lust.
336 1258 363 1320 t.
383 1265 404 1318 t.
427 1256 503 1334 Quo
521 1256 621 1342 vulgo
637 1257 785 1320 referunt
800 1257 909 1322 locum
932 1258 1086 1324 Suetonii
1103 1262 1137 1323 in
1161 1253 1291 1325 Claudio

57 1388 76 1424 c.
85 1365 128 1426 19.
136 1367 243 1426 Nares
252 1373 452 1427 mercaturae
465 1387 581 1428 caussa
586 1366 819 1443 fabricantibus
830 1389 949 1450 magno
960 1369 1116 1431 commoda
1124 1373 1292 1444 constituit,
1353 1375 1358 1382 '

55 1494 101 1553 pro
109 1473 276 1534 conditione
286 1474 457 1554 cujusque:
472 1476 538 1544 ctist,
550 1478 742 1535 vacationem
753 1475 831 1556 legis
838 1477 963 1558 Papiae
972 1477 1140 1558 Poppaeae
1146 1501 1156 1549 ,·
1167 1477 1291 1552 Latino,

53 1583 97 1660 jus
114 1581 295 1658 Quiritium
304 1580 521 1676 semetstszjus
545 1591 681 1663 quatuor
704 1581 880 1644 liberorum.
902 1582 971 1646 Sed
985 1582 1077 1647 loeus
1098 1582 1153 1646 hie
1175 1582 1292 1650 referri

59 1709 109 1748 non
124 1695 229 1770 potest
252 1688 296 1752 ad
310 1689 364 1774 jus
384 1688 594 1770 succedendi,
617 1689 772 1752 matribus
795 1689 890 1752 trium
910 1699 1093 1774 quatuorve
1110 1690 1291 1756 liberorum
1399 1743 1404 1758 .

59 1791 184 1858 inbonis
206 1792 350 1859 filiorum
368 1796 496 1878 datum,
513 1819 611 1881 quum
634 1796 668 1858 id
684 1796 814 1861 demum
833 1797 998 1884 Hadriani
1019 1799 1223 1883 temporibus
1240 1799 1293 1863 in-

60 1901 167 1965 ductum
183 1904 238 1985 sit,
255 1903 317 1969 sed
334 1903 375 1967 ad
392 1903 624 1967 liberationem
642 1927 661 1966 a
676 1905 799 1987 tutela,
815 1905 1005 1968 mulieribus
1026 1907 1188 1990 ejusmodi
1212 1930 1293 1971 con-

60 2031 169 2093 cessam,
185 2019 273 2077 teste
290 2009 438 2094 Ulpiano
458 2013 590 2094 Frugm.
608 2009 731 2073 XXIX.
745 2012 775 2074 3.
795 2011 1018 2100 Schultingius
1034 2015 1151 2077 Adnot.
1170 2017 1214 2076 ud
1226 2017 1254 2078 t.
1271 2018 1292 2080 t.

56 2139 81 2197 p.
93 2118 151 2181 677.
162 2118 359 2194 ¹Probabile
381 2126 447 2201 est,
465 2117 554 2202 quod
572 2117 762 2181 observavit
778 2117 931 2204 Cujaeius
954 2121 1027 2182 Not.
1041 2125 1233 2202 posters'ors't.
1251 2125 1295 2184 ad

61 2225 115 2304 §.L
131 2229 200 2290 last.
217 2231 247 2290 t.
262 2230 284 2288 l.
305 2234 340 2290 et
358 2248 430 2289 cunr
448 2248 489 2289 eo
505 2227 608 2290 Janus
624 2249 644 2290 a
660 2225 770 2301 Costa,
782 2229 957 2309 personale
974 2230 1076 2313 magis
1094 2226 1193 2291 fuisse
1208 2229 1293 2293 illud

62 2330 169 2398 Claudii
184 2334 383 2400 beneficium
392 2381 402 2417 ‚
419 2355 515 2418 quarn
524 2334 580 2417 jus
596 2334 746 2398 omnibus
762 2355 934 2399 commune
950 2335 1150 2398 mulieribus.

626 2504 655 2585 §.
670 2503 707 2566 ·3.

397 2619 623 2674 &numerarunt
642 2619 802 2673 Tertulliani
817 2621 935 2676 historia.

125 2719 273 2785 Tandem
296 2741 444 2805 asperam
459 2720 551 2783 illam
568 2720 653 2804 juris
675 2722 781 2786 civilis
804 2723 1020 2787 subtilitatem
1042 2720 1141 2806 plane
1164 2720 1294 2788 sustulit

62 2821 159 2890 SCtum
177 2843 465 2911 remunerandus,
484 2829 574 2913 eujus
594 2829 635 2892 de
651 2812 766 2912 ‘aetate
786 2831 821 2894 in
845 2837 937 2894 tanta
958 2831 1114 2895 fastorum
1131 2829 1293 2892 Consula-

61 2931 126 2994 rium
142 2916 344 3002 obscuritate
366 2938 423 3001 vix
444 2937 525 3000 lieet
546 2937 628 3002 certi
650 2938 829 3024 quidquam
852 2945 1006 3002 statuere.
1028 2937 1108 3002 Divi
1128 2935 1293 3000 Hadriani

61 3045 240 3125 temporibus
265 3045 350 3109 illud
366 3045 488 3109 factum
505 3065 575 3108 esse
596 3044 730 3109 dieitur:
755 3047 783 3128 §.
800 3045 830 3108 2.
850 3047 927 3108 lust.
942 3049 970 3108 t.
988 3057 1009 3108 t.
1032 3046 1099 3109 Sed
1116 3046 1208 3129 quia,
1231 3045 1293 3107 irn-

62 3160 175 3226 perante
190 3154 380 3236 Hadriano,
395 3155 504 3219 nullus
522 3153 556 3216 in
573 3153 664 3217 fustis
680 3154 821 3217 occurrit
837 3151 1018 3216 Tertullius
1036 3153 1175 3234 Consul,
1192 3174 1290 3237 quum

62 3265 156 3322 eontra
171 3262 227 3324 sub
251 3262 424 3324 Antonino
441 3283 526 3326 anno
545 3262 666 3326 Christi
681 3261 752 3325 158.
769 3269 990 3325 memorentur
1008 3261 1165 3324 tbrtultus
1182 3268 1211 3321 et
1231 3260 1292 3321 Sa-

62 3366 149 3428 cerdos
165 3369 245 3432 Osse.
269 3370 389 3433 dudum
407 3370 586 3454 suspicatus
608 3377 658 3434 est
680 3370 832 3454 Cujaeius
851 3371 886 3433 in
902 3370 975 3452 Not.
992 3368 1121 3451 priorit.
1142 3368 1193 3430 ad.
1215 3367 1293 3430 Inst.

62 3467 82 3529 l·
94 3479 111 3530 t·
124 3474 150 3555 b)
167 3477 200 3540 in
216 3478 277 3541 illa
297 3479 545 3542 Institutionum
561 3477 769 3564 paragrapho
786 3477 1039 3562 intelligendum
1062 3495 1133 3538 esse
1148 3473 1293 3538 Antoni·
1367 3534 1370 3542 ,
1415 3517 1421 3534 .

62 3579 120 3641 num
135 3581 245 3668 Pium,
263 3587 319 3671 qui
337 3593 371 3650 et
384 3587 455 3672 ipse
475 3585 655 3671 aliquando
672 3587 804 3651 ductum
826 3609 869 3650 ex
885 3585 1066 3669 adoptione
1082 3605 1203 3647 nomen
1220 3583 1291 3645 Hu-

63 3684 150 3752 drtam'
163 3713 239 3776 pree
256 3716 290 3758 se
307 3695 430 3758 tulerit.
458 3695 537 3758 Vid.
551 3697 589 3758 L.
603 3694 654 3760 37.
673 3697 714 3756 D.
730 3697 768 3757 de
784 3697 884 3758 tote.
893 3697 996 3778 juset.
1008 3677 1049 3757 bs
1058 3693 1088 3755 5.
1103 3693 1132 3774 ὅ.
1149 3692 1178 3752 1.
1191 3692 1233 3754 J).
1251 3692 1295 3752 od

62 3790 89 3851 L·
104 3796 158 3860 tut.
175 3803 214 3863 de
234 3804 275 3864 Vt
287 3805 372 3884 publ.
388 3805 425 3865 L.
442 3804 492 3865 91.
508 3805 550 3866 D.
566 3806 610 3865 ud
622 3804 661 3866 L.
679 3805 799 3865 Fales'd.
808 3806 912 3886 junci.
928 3802 965 3865 L.
983 3801 1034 3864 93.
1052 3803 1094 3863 D.
1111 3799 1176 3862 eod.
1189 3799 1225 3859 L.
1242 3797 1294 3861 58.

62 3897 83 3976 §-
98 3901 123 3966 3.
137 3907 175 3970 Ι).
192 3912 235 3972 ort
255 3911 373 3972 &vtum
393 3913 521 3973 neten
536 3916 578 3994 ⁰).
601 3911 668 3975 Sed
686 3911 819 3991 dubito,
842 3930 883 3973 an
898 3910 981 3974 haec
998 3909 1109 3972 omnia
1127 3928 1197 3969 rem
1214 3927 1294 3968 con·
1323 3967 1328 3980 ,

62 4005 162 4076 iciant.
189 4015 309 4082 Nullus
338 4019 397 4082 sub
418 4003 592 4084 Hadriano
617 4021 651 4083 in
675 4018 766 4084 fastis
789 4018 931 4083 occurrit
959 4016 1130 4081 Tertullus
1154 4012 1293 4077 Consul:

60 4147 340 4175 Ἢ

117 4225 147 4291 b)
165 4229 206 4280 Ite
222 4231 303 4284 etism
321 4233 494 4286 Hotomanus
513 4235 545 4286 ds
556 4235 620 4302 Lep.
634 4251 664 4304 p.
682 4252 716 4289 m.
736 4239 794 4290 157.
819 4235 881 4286 Jau.
899 4233 978 4286 vino.
995 4230 1114 4284 Gravius
1132 4230 1164 4281 de
1182 4225 1296 4298 Lepidus

62 4312 82 4354 tt
98 4307 166 4364 SCts'r
184 4333 205 4365 o.
223 4319 265 4369 83.
280 4335 308 4386 p.
322 4322 382 4372 656.
402 4337 439 4388 sq.
457 4318 537 4371 Hem
815 4339 822 4351 ·

118 4396 145 4462 θ)
163 4400 246 4453 Addit
263 4403 392 4471 Cujeoius
404 4403 479 4458 aliud
491 4405 655 4470 exemplum,
671 4402 814 4470 epistolam
830 4403 958 4456 nimirum
970 4403 1005 4455 D.
1016 4391 1149 4454 Hadriani
1167 4403 1202 4452 de
1214 4401 1295 4452 bene-

63 4474 112 4528 tioio
128 4481 264 4540 divisionis
287 4489 493 4556 fidejussoribus
516 4501 662 4544 eouoesso:
689 4491 710 4556 5.
731 4496 756 4541 4.
775 4489 839 4542 Isset
861 4490 892 4540 du
916 4486 1045 4556 Edsp‘uss.
1070 4489 1101 4539 L.
1115 4490 1158 4538 26.
1183 4486 1219 4537 D.
1237 4487 1293 4537 sod.

63 4557 122 4616 Nun
137 4573 162 4618 et
174 4571 245 4650 buno
262 4574 296 4628 D.
314 4575 360 4628 Pii
377 4589 437 4628 esse
454 4573 601 4640 existimat,
618 4575 654 4627 ob
674 4574 707 4626 L.
724 4578 767 4627 49.
792 4575 813 4640 ξ.
827 4580 850 4626 l.
870 4574 904 4625 D.
926 4574 961 4624 ds
976 4571 1105 4639 Iddrjsss.
1129 4571 1184 4623 Sed
1196 4571 1293 4624 laisum

1028 4654 1096 4718 31*
