3040 5164
265 387 335 452 354
739 378 812 444 Lus.
840 379 882 444 ll.
909 377 987 444 Tm.
1013 379 1039 444 l.

266 567 321 631 est,
333 560 402 639 ejus
415 559 542 637 proprie
557 575 618 617 non
633 576 703 616 sum
718 555 871 626 dominus,
886 554 943 616 sed
956 555 1051 630 baleo
1066 562 1191 616 tantum
1205 559 1239 618 in
1252 555 1285 618 id
1295 555 1467 636 obligatiorem

266 668 312 726 ru
329 670 375 727 ita
396 665 525 746 qnoque
541 681 662 724 nurus
686 663 792 744 differt
811 683 832 722 a
854 681 971 732 suero,
997 665 1059 722 etsi
1082 661 1239 743 obligatus
1257 671 1301 724 est
1322 664 1361 724 ad
1380 668 1467 726 scroto

266 793 377 855 mseras
392 771 617 852 praestandos.
646 789 777 830 rurum
799 771 895 832 liabeo
910 770 989 850 jure
1011 772 1104 836 nesi,-
1125 789 1190 830 non
1203 770 1280 850 jure
1302 774 1467 851 mancipir':ot

267 898 394 942 curras
416 879 513 938 lateo
527 877 606 958 jure
632 880 787 958 mancipii.
816 877 868 938 Sic
887 878 971 958 quod
991 878 1068 938 milri
1080 879 1227 957 pignoris
1250 879 1310 938 loco
1330 877 1419 938 dotum
1432 889 1466 946 est,

266 988 361 1048 lintea
377 987 456 1066 jure
471 988 560 1056 ποεῖς
582 986 662 1046 illud
680 989 774 1046 etiam
796 987 857 1046 etsi
867 1005 967 1065 penes
990 1005 1038 1045 me
1057 987 1106 1057 sit,
1130 1004 1197 1044 non
1217 993 1318 1044 tomen
1338 992 1381 1046 est
1393 1005 1466 1045 mm.

266 1094 384 1174 logica
404 1095 481 1154 iaec
502 1093 687 1173 etymologia
704 1099 760 1165 est,
779 1112 841 1152 non
855 1094 1072 1172 grammatico.
1102 1091 1259 1153 Videntur
1278 1094 1370 1152 omnia
1384 1092 1465 1171 quidm

266 1203 421 1281 mancupia
439 1203 531 1260 etiam
547 1221 615 1260 esse
629 1200 777 1280 generali
795 1201 876 1258 cocis
894 1201 1017 1260 notione
1035 1219 1129 1271 neae,
1147 1206 1206 1260 aut
1221 1219 1299 1279 quae
1317 1198 1411 1258 toleio
1418 1199 1466 1277 jore

265 1310 424 1389 mancipii,
441 1307 550 1368 eadem
570 1326 619 1367 me
640 1307 751 1366 batere
767 1307 847 1385 jure
866 1307 956 1364 neci:
982 1305 1039 1366 sed
1059 1325 1121 1364 non
1145 1313 1258 1366 contra
1279 1313 1333 1364 aut
1349 1308 1463 1383 reciororr.

266 1416 317 1476 Ita
342 1415 448 1475 Cicero
472 1434 567 1495 quum
592 1413 666 1474 dicit
684 1431 998 1472 rernruurrrouurr
1020 1431 1104 1472 essu
1127 1428 1366 1473 rurorrrauuu
1380 1430 1462 1470 rursu

265 1523 466 1592 retrusisse
488 1519 579 1580 dubio
599 1521 792 1600 generaliter
813 1539 914 1580 uocem
936 1523 1060 1599 accipet,
1084 1527 1120 1580 ut
1138 1523 1251 1592 etiam,
1269 1527 1343 1601 quae
1361 1519 1461 1596 manniri
1486 1571 1487 1606 3

266 1630 394 1701 danna,
412 1627 659 1708 comprehendat.
683 1626 748 1688 Sed
767 1626 813 1686 acl
833 1635 1001 1706 utrumque
1020 1629 1204 1708 requiritur,
1225 1635 1262 1688 ut
1283 1630 1340 1688 sint
1357 1647 1399 1686 res
1413 1625 1459 1692 to,
1486 1609 1487 1688 l

267 1755 348 1817 quoe
363 1739 427 1796 sice
435 1737 514 1815 jure
530 1737 613 1806 neci}
631 1737 695 1794 stiae
706 1734 784 1813 jure
797 1737 946 1816 mancipii
956 1741 1112 1804 tenentur,
1123 1754 1177 1795 res
1193 1737 1332 1814 manniri,
1341 1731 1406 1813 quod
1413 1732 1458 1790 oote-

172 1895 176 1904 .
265 1845 320 1904 bat
339 1842 500 1902 Manilius.
530 1841 600 1902 Nec
621 1841 818 1912 adversatur,
836 1842 918 1920 quod
937 1841 1014 1902 lr'ler·
1035 1843 1142 1917 bomo„
1154 1844 1213 1923 qui
1228 1859 1290 1902 non
1311 1849 1351 1902 est
1364 1839 1459 1916 marcii

264 1951 430 2014 obaeratus
448 1955 553 2029 potest
574 1946 777 2024 assuefieri.
799 1947 924 2008 Revera
944 1951 1025 2008 enim
1043 1948 1136 2010 liberi
1156 1951 1287 2010 bominis
1308 1944 1458 2008 commeruisti

265 2063 399 2128 nonest,
415 2055 543 2136 ideoque
561 2075 622 2116 non
632 2061 816 2134 potestesse
832 2056 981 2136 mancipii
984 2077 994 2114 .·
1012 2055 1070 2116 sed
1084 2064 1120 2117 ut
1133 2056 1205 2132 siat
1220 2053 1365 2131 nesusjit
1378 2072 1405 2110 er
1417 2049 1458 2106 dir-

202 2203 207 2210 ,
260 2166 413 2245 positione
428 2164 516 2242 legis,
532 2181 613 2242 quoe
630 2162 792 2222 obaeratos
806 2166 889 2223 neoti
895 2164 994 2242 jussit
1008 2170 1038 2222 ct
1053 2163 1096 2222 od
1111 2162 1335 2240 refrenandam
1349 2159 1458 2235 mdil'gu·

265 2275 340 2332 tiam
362 2251 568 2350 quorumdam
582 2270 850 2348 patrumfamilias
871 2270 927 2330 ltoc
946 2270 1128 2330 introduxit.
1152 2270 1204 2330 Ita
1225 2271 1341 2332 etiamsi
1354 2262 1458 2326 ructu

265 2379 356 2438 minis
374 2379 590 2437 commercium
615 2396 677 2436 non
703 2379 759 2447 sit,
779 2376 871 2457 s‘rlqne
893 2379 979 2457 leges
994 2379 1157 2449 sciverint,
1180 2378 1270 2437 bomo
1288 2384 1377 2436 tomen
1396 2367 1456 2446 major

265 2484 335 2546 XX
345 2486 453 2555 annis,
467 2502 561 2562 quum
584 2482 628 2542 od
642 2485 778 2561 pretium
797 2483 1052 2563 participandum
1075 2485 1266 2546 venumdari
1280 2501 1312 2544 se
1323 2472 1456 2560 poa'ltttrll

264 2592 402 2669 menapi
421 2596 453 2648 et
473 2607 593 2660 seram,
613 2591 704 2649 els'ttm
725 2589 921 2669 dispositione
942 2592 1030 2672 tegite,
1052 2611 1134 2672 qaae
1152 2594 1316 2670 unicuique
1324 2584 1455 2666 facerim

264 2719 298 2758 se
322 2696 498 2757 introducto
517 2697 703 2756 renuntiari
720 2698 827 2770 licere,
849 2706 879 2757 et
904 2698 959 2758 troc
992 2699 1081 2759 morlo
1111 2701 1271 2762 lasciuiam
1287 2692 1454 2776 fraudatum

263 2823 405 2866 coercere
419 2821 455 2862 oo
456 2803 523 2862 lust.
545 2802 716 2866 Hactenus
733 2801 826 2866 locus
844 2802 1027 2884 Gronovii,
1045 2804 1196 2888 prolixus
1219 2804 1276 2868 ille
1295 2785 1455 2884 ‘quidemrsed

264 2929 361 2994 quem
379 2907 458 2970 ideo
478 2917 583 2971 toturn
604 2909 658 2972 hic
678 2909 863 2972 adscribere
882 2932 949 2973 non
968 2910 1095 2994 piguit,
1111 2913 1203 2996 quod
1220 2933 1290 2974 eum
1306 2926 1387 2972 uuum
1399 2896 1487 2962 ride·
1486 2941 1487 2980 ι

262 3017 340 3096 rim,
356 3017 390 3078 iu
406 3035 471 3098 quo
489 3017 662 3080 discrimen
678 3022 826 3100 mensurii
842 3026 877 3081 et
893 3024 970 3080 neci
984 3021 1159 3104 perspicue
1178 3017 1354 3103 exponitur.
1371 3009 1454 3072 flesso

262 3123 358 3188 redit.
379 3123 499 3208 Omnis
510 3124 712 3189 abalienatio
731 3146 837 3188 rerum
854 3126 996 3209 mancipi
1013 3127 1115 3192 fiebat
1128 3149 1190 3210 per
1204 3149 1259 3190 aes
1275 3133 1308 3188 et
1320 3123 1434 3185 librant
1424 3103 1487 3170 tel
1486 3151 1487 3218 p

262 3227 554 3315 mancipationem.
576 3233 634 3296 sed
659 3231 784 3316 duplici
806 3233 889 3313 line,
910 3242 946 3296 ut
969 3235 1253 3298 autdominium
1238 3218 1452 3318 JurisQuritm

262 3341 504 3418 transferretur,
529 3348 650 3402 autres
671 3339 731 3403 illa
750 3348 875 3404 tantum
896 3340 1110 3425 obligaretur,
1132 3365 1161 3406 e.
1178 3365 1210 3428 g.
1232 3351 1267 3405 ut
1287 3333 1387 3418 aqurm
1396 3346 1417 3387 1n
1427 3341 1452 3380 ⁰⁶

256 3447 311 3530 jus
327 3446 476 3529 pignoris
495 3445 551 3508 vel
569 3446 676 3510 simile
692 3447 840 3510 haberet.
861 3449 980 3512 Priore
996 3472 1073 3514 casu
1093 3471 1146 3514 res
1163 3452 1330 3514 dicebatur
1343 3419 1487 3504 utrem]

258 3552 351 3636 dari3
370 3553 555 3635 posteriorc
574 3571 657 3618 sunu
675 3571 758 3618 Nuxr
783 3557 961 3619 transferri.
983 3558 1073 3620 Hinc
1093 3569 1185 3622 recte
1207 3559 1320 3620 Festus
1341 3547 1387 3610 sub
1403 3551 1487 3600 volt

260 3650 393 3722 neruosi
412 3681 544 3722 aurun
559 3671 620 3736 est,
641 3665 723 3745 quod
738 3683 797 3744 per
814 3685 868 3726 aes
890 3674 922 3726 et
936 3667 1047 3726 libram
1065 3669 1199 3748 geritur,
1223 3663 1299 3744 (hoc
1316 3655 1386 3720 enin
1400 3661 1454 3708 wffl·

260 3787 357 3830 mune
380 3765 506 3830 habent
528 3789 649 3832 nexum
673 3778 707 3834 et
729 3770 947 3854 mancipium)
972 3793 1087 3836 nerum
1114 3796 1168 3837 aes
1187 3774 1338 3835 dicebatur
1353 3750 1454 3842 peruri,
1486 3761 1487 3832 l

260 3896 341 3955 quae
354 3896 415 3956 per
432 3896 549 3936 nerum
566 3895 763 3940 ouurcrruu.
791 3876 846 3957 (ln
868 3878 932 3942 hoc
956 3880 1042 3941 enim
1065 3879 1221 3945 differunt
1244 3893 1339 3941 nexus
1358 3872 1454 3927 etmen-

260 3980 410 4064 cipium).
432 3980 540 4044 Recte
558 3983 657 4046 etiam
674 3984 849 4048 Salmasius
867 3987 906 4048 de
925 3987 1003 4047 macl.
1018 4009 1106 4049 usur.
1125 3987 1216 4050 0..18
1229 4008 1264 4068 p
1281 3978 1344 4044 839
1367 3969 1453 4032 Neruo

258 4109 326 4150 esse
344 4091 558 4172 obligationem
578 4100 610 4152 et
626 4114 723 4155 noros
743 4095 893 4176 obligatos
917 4092 1034 4175 docet,
1059 4097 1222 4180 quamviS,
1247 4107 1337 4176 quum
1355 4061 1454 4158 913399

259 4193 420 4258 Gronovii
436 4218 523 4259 anno
539 4197 631 4262 1637.
648 4200 779 4282 scripta,
796 4199 946 4264 Salmasii
962 4203 1174 4266 autemliber
1187 4203 1310 4264 demum
1326 4169 1453 4252 1639⁴⁰dl

258 4310 308 4364 tus
331 4303 390 4383 sit,
412 4303 533 4367 rectius
552 4305 702 4388 lecisset,
723 4307 749 4368 si
771 4329 863 4389 euru,
883 4307 939 4390 qui
962 4309 1073 4372 omnia
1095 4311 1222 4393 planius
1245 4293 1445 4382 scr-ipserum
1419 4269 1452 4337 vel

257 4406 391 4470 honoris
409 4429 522 4474 caussa
535 4415 757 4476 nominassct¹
758 4419 795 4492 ¹.)

1292 4551 1298 4564 ·
1333 4545 1354 4560 ¹*
1369 4534 1451 4590 atissntlll

326 4557 357 4622 ιι)
378 4558 461 4608 Recte
480 4558 589 4625 quidem
609 4559 676 4612 vidit
694 4562 857 4626 Gronovius,
877 4561 1012 4626 duplicem
1032 4579 1048 4615 a
1067 4565 1185 4616 Varrone
1204 4559 1263 4613 neri
1278 4550 1368 4615 Sltlss¹¹¹⁰
