3062 5164
330 355 385 423 Da
411 355 510 428 Mun.
536 357 623 432 Con.
649 360 782 434 Pasas.
807 362 885 436 Otr.
912 367 1024 439 Fons.
1232 379 1304 450 tet

47 537 166 598 Erato.
181 534 226 596 11.
243 553 270 596 o.
289 533 340 598 20.
359 532 431 598 Nos
450 554 506 618 ea,
522 553 608 622 quae
629 539 774 604 certiora
787 550 881 626 sunt,
899 555 1128 612 consectantes
1149 549 1193 616 de
1210 552 1304 618 cola

46 645 177 707 niarum
194 641 373 728 generibus
391 640 529 727 siugulis
546 643 702 711 distincte
718 669 863 732 agemus.

609 803 638 884 s.
660 803 731 866 127.

415 917 488 976 Quid
504 918 619 972 coloniae
638 921 732 972 ciuium
750 921 951 977 Romanorum?

133 1015 302 1082 Coloniae
322 1035 438 1082 (nuum
460 1035 677 1085 nouanonuu
703 1032 811 1106 erant,
833 1047 913 1110 quas
938 1025 1071 1108 potiore
1089 1029 1182 1113 jure,
1206 1054 1302 1116 quam

50 1127 156 1210 Latii,
174 1125 388 1190 deducebant
402 1125 556 1190 Romani.
578 1128 764 1194 Discrimen
785 1129 850 1195 hoc
872 1135 1066 1218 tangitLiv.
1082 1137 1239 1202 XXXIX.
1252 1141 1302 1203 55.

52 1237 106 1302 ubi
125 1235 169 1300 de
195 1233 331 1298 colonia
344 1233 535 1320 Aquilejam
558 1236 754 1304 deducenda
774 1240 852 1325 agit.
874 1240 961 1302 Illud
982 1245 1161 1324 agitabant,
1184 1247 1302 1332 inquit,

52 1349 100 1406 uti
115 1346 238 1406 colomis
251 1345 429 1424 Aquilejom
449 1345 666 1420 deduceretur,
696 1368 752 1408 uec
774 1353 851 1409 satis
873 1349 1051 1424 constabat,
1073 1361 1182 1416 utrum
1204 1376 1304 1417 narr-

53 1474 134 1525 nau,
146 1473 191 1512 aa
204 1471 337 1512 orarum
352 1472 560 1514 aomanorum
572 1453 686 1516 deduci
693 1455 1014 1536 placeretrpostremo
1026 1477 1186 1522 curruum
1199 1467 1302 1542 potrus

53 1580 221 1622 cononum
238 1559 449 1620 deducendam
465 1561 584 1621 Patres
598 1569 799 1623 censuerant.
815 1561 932 1625 Utrum
948 1563 1031 1628 istae
1048 1565 1165 1630 civium
1177 1567 1304 1633 Roma-

56 1689 163 1730 norum
176 1665 331 1730 coloniae
348 1665 458 1728 omnia
473 1665 614 1730 civitatis
627 1667 800 1732 Romanae
810 1669 889 1754 jura
903 1670 1111 1755 retinuerint,
1127 1697 1169 1739 an
1186 1677 1303 1742 eadem

58 1775 236 1852 amiserint,
259 1759 367 1837 adhuc
389 1771 557 1856 disputant
579 1774 810 1862 eruditiaCar.
821 1777 976 1862 Sigonius
1000 1781 1038 1842 cla
1053 1791 1118 1842 ont.
1134 1783 1213 1863 jure
1230 1786 1301 1847 Ital.

58 1885 112 1945 111.
131 1883 159 1945 a
174 1882 213 1946 iis
227 1890 355 1946 tantum
368 1883 447 1966 jura
461 1881 640 1960 Quiritium
656 1883 789 1966 tribuit,
815 1885 920 1950 veluti
940 1886 1116 1970 libertatis,
1131 1889 1304 1972 gentilita-

56 1991 102 2074 tis,
119 1989 298 2070 connubii,
314 1989 444 2074 patriae
460 1991 644 2074 potestatiS,
660 1989 802 2076 legitimi
818 1993 974 2077 dominii,
996 2017 1112 2078 nexus,
1128 2001 1303 2084 usucapio·
1409 2033 1415 2044 ·

54 2101 112 2177 nis,
128 2107 166 2162 et
181 2098 209 2162 si
226 2118 290 2184 qua
306 2106 380 2161 sunt
394 2097 489 2183 hujus
506 2097 639 2182 generis
654 2099 734 2163 alia:
754 2099 869 2164 adimit
880 2122 961 2164 vero
980 2100 1058 2186 ipsis
1068 2105 1145 2188 jura
1160 2107 1303 2172 civitatis

53 2207 202 2292 publica,
219 2206 323 2270 veluti
340 2227 470 2288 census,
487 2206 701 2288 tributorum,
718 2207 946 2292 vectigalium,
967 2209 1124 2294 suffragii,
1140 2213 1303 2278 honorum

53 2325 83 2381 et
106 2315 239 2380 similia.
258 2315 306 2379 At
321 2315 488 2379 Manutius
506 2317 546 2376 de
568 2319 692 2376 ciuitate
708 2315 853 2377 Romano
875 2337 932 2378 eos
942 2315 998 2400 jus
1019 2338 1152 2403 quoque
1172 2321 1304 2386 ferendi

51 2423 202 2512 suffragii
215 2426 524 2512 magistratuumque
535 2422 665 2486 Romae
683 2421 905 2505 gerendorum
925 2424 1099 2490 retinuisse
1118 2428 1303 2511 contendit,
1407 2464 1410 2474 ‹
1496 2433 1503 2440 “

54 2537 141 2620 cujus
153 2525 350 2597 sententiam
363 2531 462 2596 etiam
477 2552 520 2594 ex
533 2530 639 2595 numis
652 2530 850 2594 adstruxisse
861 2531 924 2595 sibi
936 2531 1067 2596 videtur
1077 2533 1132 2598 Jo.
1141 2533 1303 2618 Harduin.

56 2643 227 2706 Antirrltet.
242 2663 277 2724 p.
296 2641 368 2704 136.
400 2641 444 2703 Et
471 2647 561 2703 certe
586 2638 675 2704 cives
697 2660 798 2724 saepe
828 2650 988 2708 vocantur
1008 2643 1169 2728 ejusmodi
1192 2645 1303 2710 coloni

60 2752 137 2834 apud
153 2751 230 2814 Liv.
251 2750 339 2811 VIII.
360 2748 411 2810 14.
436 2745 591 2810 711121.
619 2745 688 2830 Ipsi
714 2769 847 2833 quoque
869 2747 1003 2830 Latini,
1026 2750 1083 2836 qui
1108 2753 1242 2818 nomina
1267 2755 1301 2818 in

54 2858 215 2922 coloniam
238 2855 422 2921 Romanam
450 2853 629 2935 dederant,
654 2855 742 2918 cives
764 2854 909 2920 Romani
933 2855 1086 2921 dicuntur
1109 2859 1204 2924 factis
1229 2861 1303 2926 Liv.

58 2967 206 3030 XXXIV.
221 2963 274 3028 42.
295 2952 423 3029 Romae
437 2984 538 3047 porro
555 2963 645 3026 censi
659 2963 815 3046 leguntur
829 2962 924 3048 hujus
939 2966 1070 3048 generis
1086 2969 1198 3033 coloni
1214 2970 1302 3056 apud

59 3077 179 3140 Livium
196 3071 388 3138 XXIX’37.
411 3071 509 3135 Unde
525 3093 592 3134 non
608 3069 748 3136 absurde
766 3069 919 3156 colligas,
938 3073 1049 3136 omnia
1061 3076 1139 3159 jura
1161 3077 1302 3144 civitatis

59 3183 223 3248 Romanae
243 3181 418 3246 retinuisse
442 3181 530 3243 cives
553 3179 698 3242 colonos.
721 3179 788 3243 Sed
810 3179 977 3264 potiorem
1003 3186 1113 3245 tamen
1135 3184 1196 3247 hac
1211 3185 1246 3248 in
1265 3207 1301 3248 re

57 3316 119 3358 esse
140 3291 274 3378 Sigonii
290 3289 497 3371 sententiam,
511 3288 699 3352 luculenter
714 3287 860 3354 ostendit
874 3287 933 3350 ΕΖ.
949 3287 1125 3372 Spanhem.
1140 3291 1203 3352 orb.
1213 3293 1302 3355 Rom.

57 3403 161 3464 Exere.
187 3402 231 3464 11.
253 3399 304 3462 20.
335 3397 429 3461 Nihil
453 3397 539 3461 enim
567 3396 686 3461 clarius
713 3405 764 3460 est
785 3395 862 3459 loco
889 3395 1009 3460 Dionis
1031 3397 1223 3461 Xh11t39.
1244 3399 1302 3463 ubi

57 3509 227 3575 Caesarem
254 3509 300 3571 ait
317 3507 390 3571 aliis
414 3505 668 3587 immunitatem,
692 3504 765 3568 aliis
784 3525 895 3589 agros,
921 3511 1075 3572 πολιτείαν
1094 3497 1129 3572 ds'
1149 3534 1228 3587 τισι,
1249 3501 1299 3576 nat

57 3619 153 3694 littam
174 3618 320 3692 oinoiuotc
342 3615 567 3698 τῶνῬωμαίων
585 3617 783 3697 νομίζεσθαιε
812 3615 1070 3688 alternitatem,
1090 3617 1161 3678 aliis
1186 3624 1302 3690 autem,

56 3737 85 3787 ut
97 3730 159 3812 jus
183 3727 336 3788 baberent
356 3726 546 3786 columbrum
568 3725 802 3796 Romanorum,
826 3720 975 3786 dedisse:
1000 3721 1056 3786 ubi
1076 3725 1132 3810 jus
1159 3723 1302 3788 civitatis

56 3833 223 3900 Romanae
248 3857 267 3896 a
286 3834 363 3918 jure
384 3832 587 3898 coloniarum
611 3830 730 3894 civium
748 3829 973 3894 Romanorum
997 3831 1172 3896 manifesto
1191 3832 1303 3916 sejun-

59 3943 154 4026 gitur,
186 3951 225 4007 ut
257 3941 345 4004 adeo
373 3941 548 4005 admodum
586 3936 775 4003 verosimile
800 3937 860 4020 sit,
893 3938 1041 4004 colonias
1071 3940 1145 4003 illas
1182 3937 1301 4002 civium

58 4049 277 4115 Romanorum
297 4037 559 4134 jurasuffragii,
588 4047 874 4132 gerendorumque
899 4047 1029 4110 Romae
1056 4046 1301 4131 magistratuum

56 4163 184 4224 omnino
206 4158 362 4222 amisisse.

615 4309 642 4394 ς.
665 4307 735 4372 ms.

502 4428 574 4486 Quid
590 4426 706 4484 coloniae
724 4427 855 4478 Latinae?

134 4531 258 4594 Durior
286 4529 388 4614 longe
418 4529 566 4592 conditio
596 4536 667 4592 erat
697 4527 901 4592 coloniarum
928 4539 1149 4604 turturinum,
1179 4524 1302 4608 quippe

521 4627 523 4632 ’
1041 4622 1108 4686 21*
