3030 5160
77 396 156 465 Lm.
169 394 217 465 Π.
230 393 311 463 Tru.
324 353 598 464 xxlll-xrrv.
615 392 671 462 lle
687 393 825 464 sume.
837 393 944 464 Uruv.
956 393 1012 462 Er
1028 391 1126 466 Sura.
1143 345 1207 463 etc.
1259 401 1336 468 466

76 574 138 636 bris
153 568 316 654 disputari
330 568 459 652 solent,
474 591 515 634 ea
529 591 550 634 u
564 567 756 634 doctoribus
772 569 893 634 dudum
909 577 985 634 sunt
1000 579 1172 654 occupata,
1188 591 1251 636 nec
1265 579 1332 638 tan

76 679 118 742 ad
139 678 372 762 antiquitates,
389 699 485 763 quem
504 677 547 742 ad
562 677 664 762 ipsam
675 675 969 763 jurisprudentiam
982 679 1152 762 pertinere
1169 678 1332 744 videntur.

406 947 492 1015 LIB.
514 949 558 1015 ΙΙ.
582 949 673 1016 TIT.
698 948 1006 1016 XXHI—XXV.

685 1105 722 1144 DE

97 1171 540 1290 urnuroour'urssrs
565 1211 997 1292 uurvunslnrnus
1021 1217 1091 1292 ur
1117 1216 1303 1294 euveu-

311 1334 564 1428 muuuus,
589 1335 659 1410 nr
684 1335 757 1412 uu
783 1335 1097 1413 courcruurs.

164 1479 338 1546 Hactenus
362 1479 404 1544 de
423 1479 663 1547 hereditatibus
680 1492 714 1548 et
736 1484 873 1570 legatis,
890 1506 975 1571 quae
992 1484 1100 1547 verbis
1124 1483 1257 1547 directis
1278 1505 1334 1546 re-

77 1590 287 1674 linquuntur:
302 1585 373 1670 jam
398 1589 496 1653 etiam
521 1591 562 1653 de
585 1589 857 1657 uluurcoiuurssrs
880 1592 1062 1678 agendum,
1087 1599 1225 1678 propter
1247 1612 1333 1676 quae

77 1716 178 1784 quum
205 1693 354 1758 codicilli
378 1697 503 1779 reperti
526 1697 609 1780 siut,
632 1699 750 1764 eadem
779 1721 882 1786 opera
910 1702 1010 1766 etiam
1036 1700 1077 1762 de
1102 1697 1332 1763 codicillorum

79 1803 210 1890 origine
233 1823 273 1866 ac
281 1803 358 1888 jure
374 1805 438 1867 erit
453 1802 687 1871 disserendum.

664 1958 694 2041 §-
714 1959 745 2020 1.

441 2055 654 2112 ndeemmnsa
668 2057 752 2110 veteri
758 2057 827 2128 jure
844 2058 968 2114 inualida·

162 2156 290 2222 Vetere
305 2157 384 2242 juve
399 2157 553 2222 Romano
572 2177 641 2222 non
660 2167 752 2222 ratae
776 2165 871 2222 erant
891 2157 1026 2224 ultimae
1048 2156 1254 2240 voluntates,
1270 2156 1333 2222 nisi

76 2263 193 2329 verbis
211 2259 413 2348 imperativis
432 2275 625 2353 conceptae.
647 2267 721 2332 Lex
743 2266 830 2330 enim
845 2266 919 2330 Xll
940 2265 1142 2332 Tabularum
1164 2285 1206 2330 ea
1226 2265 1333 2328 solum
1435 2319 1439 2328 ,

77 2371 314 2453 confirmabat,
330 2393 417 2458 quae
438 2374 510 2458 quis
533 2377 673 2457 legasset.
694 2389 827 2438 urrunnu
844 2394 926 2436 vero
950 2380 1024 2438 erat
1045 2371 1151 2437 veluti
1165 2376 1266 2456 legem
1287 2373 1334 2434 di-

77 2501 166 2554 em,
181 2486 283 2564 atque
300 2478 386 2544 adeo
401 2483 568 2546 testatoris
589 2503 655 2546 non
672 2490 760 2564 erat,
776 2481 825 2544 uti
837 2479 947 2546 verbis
962 2479 1156 2564 precativis,
1171 2478 1230 2542 sed
1245 2477 1333 2542 dire-

78 2589 139 2652 ctis
164 2595 201 2651 et
221 2587 423 2670 imperativis
437 2593 481 2668 ι).
506 2590 595 2654 Hinc
624 2591 712 2654 inter
739 2611 795 2672 ea,
820 2610 906 2673 quae
929 2608 972 2650 cx
995 2587 1069 2650 Xll
1094 2586 1216 2652 tabulis
1239 2594 1334 2650 eraut

77 2696 191 2774 licita,
204 2696 243 2756 L.
257 2695 328 2758 120.
343 2697 385 2756 D.
401 2697 440 2758 de
461 2696 551 2760 Verd.
565 2701 672 2782 er'gnrf.
688 2717 753 2760 nou
769 2697 957 2762 referuntur
971 2679 1233 2769 fideidommisss,
1249 2702 1284 2757 et
1298 2693 1334 2758 id

81 2804 142 2867 sibi
164 2802 283 2867 volunt
305 2803 407 2868 verba
428 2803 567 2888 Ulpiani
590 2807 722 2886 Fragm.
749 2805 853 2868 XXV.
872 2805 902 2866 1.
931 2806 1249 2866 Funereorsmssurr
1276 2808 1333 2870 eet,

80 2913 165 2995 quod
178 2931 241 2974 noa
256 2912 393 2974 civilibus
407 2913 522 2986 verbr's,
538 2913 595 2976 sed
602 2918 762 2994 praealtae
780 2914 986 2994 relinquitur:
1008 2931 1064 2974 nee
1080 2932 1120 2974 ee
1134 2914 1240 2994 rigore
1246 2910 1334 2991 juris
1416 2933 1419 2947 ·

79 3021 178 3082 orbitis
187 3021 408 3106 proficiscitur,
427 3020 485 3082 sed
497 3040 535 3082 ex
549 3021 709 3082 voluntate
722 3020 817 3081 datur
832 3019 1045 3100 relinquentia

668 3171 696 3252 ς.
718 3169 748 3232 2.

525 3274 627 3336 Quibus
639 3276 771 3344 formulis
787 3277 899 3330 relicta!

167 3376 460 3462 Relinquebantur
484 3398 565 3460 ergo
590 3377 842 3442 fideicommissa
862 3375 972 3442 verbis
993 3373 1188 3461 precativis,
1210 3372 1267 3438 vel
1292 3374 1335 3437 ad

79 3471 242 3550 heredem
257 3483 471 3565 fiduciarium,
484 3485 537 3550 vel
554 3485 596 3549 ad
613 3507 698 3566 eum,
711 3485 763 3548 cui
777 3485 1060 3571 relinquebantur,
1076 3481 1223 3552 directise
1237 3479 1335 3545 Pauli

83 3595 240 3657 Sententt.
256 3593 465 3674 necopinus.
482 3593 513 3657 l.
529 3594 558 3654 5.
578 3601 612 3657 et
625 3593 655 3655 6.
676 3594 786 3677 Magis
805 3594 891 3656 enim
914 3593 967 3657 hic
983 3592 1134 3657 voluutas
1156 3589 1336 3674 spectanda

81 3701 271 3782 videbatur,
294 3720 391 3782 quam
411 3701 527 3764 verba:
549 3702 587 3763 11.
604 3701 655 3764 16.
674 3702 706 3762 0.
722 3703 762 3764 de
777 3701 891 3764 lb‘der’e.
909 3722 973 3763 nec
988 3697 1127 3786 proinde
1143 3706 1209 3761 tam
1233 3715 1336 3781 quae-

82 3807 243 3887 rendum,
260 3827 400 3892 quocum
421 3808 493 3891 quis
508 3807 713 3892 loqueretur,
729 3829 825 3892 quam
847 3808 882 3872 in
898 3828 994 3893 quem
1011 3787 1189 3871 voluntatis
1211 3803 1337 3886 dirige-

83 3923 177 3980 retur
197 3913 359 3978 iutentio=
382 3914 420 3976 1..
439 3913 491 3975 77.
511 3917 539 3998 §.
554 3915 606 3978 26.
622 3918 663 3978 D.
685 3919 724 3980 de
743 3917 856 3998 Legat.
878 3917 920 3977 ΙΙ.
952 3915 1042 3978 Hinc
1066 3912 1183 3998 passim
1207 3911 1240 3974 in
1259 3911 1335 3995 jure

82 4031 200 4088 nostro
216 4021 376 4086 formulae
391 4031 580 4086 occurrunt:
592 4041 682 4086 suoru
698 4039 789 4088 ruas
804 4040 991 4104 oouurrro,
1005 4039 1103 4103 eure,
1114 4039 1141 4083 c.
1159 4036 1241 4099 suu,
1254 4035 1337 4081 cou—
1353 4063 1357 4070 .

83 4147 222 4196 usurus
239 4145 289 4194 sus
305 4145 385 4192 lunt
403 4147 457 4196 Ru.
480 4147 566 4194 vouo
583 4148 650 4194 suu
662 4148 767 4194 ruuuo
786 4147 983 4194 renuerem.
1004 4144 1105 4208 noeo,
1118 4143 1221 4206 reru,
1238 4141 1337 4206 vouo,

83 4255 208 4301 ιιιιιιιιο
222 4237 265 4316 ¹²).
295 4253 479 4300 nsrnuuon.
510 4245 627 4320 curro,
653 4255 814 4318 munseo,
836 4253 1019 4318 onerosno,
1045 4250 1173 4298 ruenno
1199 4241 1260 4310 etc.
1292 4233 1337 4294 Et

155 4412 188 4478 a)
209 4409 280 4462 Vide
298 4425 382 4475 supra
398 4409 457 4463 Lib.
476 4411 516 4463 ΙΙ.
539 4409 589 4463 Tit.
610 4410 675 4462 XX
683 4437 715 4448 -
726 4410 831 4462 XXII.
849 4410 870 4475 ξ.
890 4415 913 4462 ι.
932 4409 1011 4460 Ηιιιι.

155 4497 190 4562 1))
208 4497 272 4554 ,Ιιιιο
290 4500 431 4575 etrusco,
450 4496 526 4562 quod
542 4495 711 4561 precativum
735 4509 796 4546 esse
813 4499 894 4559 negat
911 4493 1040 4546 Aloietus.
1058 4492 1123 4545 Vid.
1141 4491 1173 4542 L.
1191 4492 1233 4541 28.
1250 4485 1272 4553 t.
1289 4485 1337 4537 ultr

85 4581 123 4633 D.
143 4579 176 4633 de
194 4579 312 4632 Liberat.
331 4579 380 4647 lep.
399 4580 478 4632 Hein.
