3080 5154
199 339 270 406 152
653 332 728 400 Lm.
754 332 780 400 1.
807 331 887 400 Tm.
913 333 990 402 ΧΠ.

196 531 277 573 aaa:
298 508 368 573 Dio
392 509 480 573 Cass.
498 507 619 570 XLVI.
642 507 692 570 47.
721 507 884 572 Solebant
910 516 1020 573 tamen
1045 508 1144 572 etiam
1170 503 1328 572 naturalis
1351 493 1461 591 patris

198 640 319 682 nomen
335 637 579 701 nonnumquam
602 636 662 679 suo
679 617 885 699 adscribere,
907 616 1041 680 honoris
1064 636 1194 698 caussa,
1210 617 1277 680 imo
1300 612 1460 677 eumdem

198 728 304 792 adhuc
319 725 421 811 patris
437 723 601 790 vocabulo
618 725 748 810 dignari
762 727 796 789 in
812 747 963 790 sermone
977 725 1147 790 familiari:
1167 725 1306 789 Terent.
1318 722 1460 805 Adelph

203 835 238 898 V.
253 835 284 896 7.
304 855 332 896 v.
352 834 382 897 3.
404 832 570 915 Exempla
591 832 730 917 collegit
750 834 793 898 V.
812 835 848 898 G.
866 835 939 899 Jac.
958 833 1114 897 Perizon.
1136 834 1273 896 Πίσωνι.
1294 833 1339 893 ad
1359 833 1459 894 dimb.

197 945 317 1006 constit.
336 944 431 1004 Dent.
447 962 473 1003 o.
487 940 539 1004 25.
556 961 584 1005 v.
599 942 628 1003 5.
644 941 674 1004 6.
686 964 720 1026 p.
738 942 788 1006 89.

672 1134 678 1151 .
772 1096 801 1178 5.
822 1095 874 1158 20.

684 1209 832 1264 lastiniani
847 1212 964 1264 mutatio.
1530 1275 1531 1286 γ

281 1311 330 1375 At
361 1309 516 1374 extremis
543 1311 745 1394 temporibus
775 1311 978 1376 Justinianus
1008 1317 1113 1375 totum
1137 1310 1231 1375 illum
1261 1307 1459 1396 adoptionis
1530 1303 1531 1322 ³

196 1423 292 1486 ritum
310 1419 472 1502 turbavit,
489 1419 613 1503 jubens
631 1419 823 1504 adoptatum
839 1423 880 1484 ab
902 1418 985 1502 alio,
1008 1441 1105 1509 quam
1122 1419 1363 1501 adscendente,
1385 1441 1457 1482 non
1530 1469 1531 1498 3

198 1529 336 1595 transire
352 1529 385 1592 in
403 1528 545 1592 alienam
559 1526 717 1590 familiam
734 1536 768 1591 et
789 1535 1007 1613 potestatem,
1024 1538 1184 1593 ettamen
1198 1531 1253 1613 jus
1272 1527 1458 1590 successio-
1530 1509 1531 1514 ἵ

198 1637 248 1700 nis
263 1639 304 1700 ab
323 1636 482 1700 intestato
500 1635 674 1720 consequi:
697 1637 735 1698 1..
751 1637 802 1698 10.
815 1641 919 1718 princ.
941 1637 969 1717 §.
985 1638 1014 1700 1.
1033 1637 1062 1700 2.
1082 1640 1115 1698 0.
1131 1639 1160 1698 Ιι.
1178 1645 1199 1698 t.
1223 1635 1299 1728 Quo
1325 1637 1401 1720 ipso
1421 1634 1457 1697 in
1530 1723 1531 1726 Ἴ

198 1723 269 1808 earn
293 1744 517 1808 conditionem
539 1744 667 1808 redacti
688 1752 763 1807 sunt
777 1752 888 1828 patres
911 1744 1076 1828 adoptivi,
1096 1753 1133 1808 ut
1154 1745 1223 1807 sine
1247 1766 1373 1806 summa
1393 1744 1458 1805 im·
1530 1791 1531 1796 η

146 1913 150 1918 .
197 1852 375 1938 prudentia
396 1853 557 1939 adoptare
578 1875 645 1916 non
668 1860 813 1937 possent.
839 1853 893 1916 De
918 1875 982 1938 qua
1004 1853 1186 1916 mutatione
1207 1835 1274 1915 rid.
1298 1851 1457 1914 Thomas.

197 1963 285 2024 Dias.
301 1962 444 2043 adleg.=c.
459 1962 489 2022 1.
504 1963 533 2042 §.
548 1961 599 2024 26.
612 1982 646 2043 p.
666 1960 717 2022 40.
735 1982 779 2044 sq.
800 1963 852 2042 (et
870 1961 912 2024 de
925 1962 1017 2025 Lbhr
1038 1961 1072 2024 in
1093 1960 1193 2046 ipsius
1211 1959 1456 2044 Grolmanique

197 2067 331 2154 Magaz.
346 2066 387 2129 T.
402 2067 466 2134 III.
483 2067 541 2131 Nr.
556 2067 653 2150 ΧΙ.).
1530 2081 1531 2086 ’

740 2235 910 2248 ψ

643 2391 729 2454 LIB.
751 2391 778 2456 Ι.
805 2391 898 2455 ΤΙΤ.
921 2391 1006 2455 XII.

234 2564 434 2664 aursus
451 2563 619 2639 uonrs
637 2563 732 2639 rus
749 2563 984 2639 nasama
1001 2527 1123 2639 ror]
1136 2564 1421 2642 sonvrrua.

280 2751 427 2815 Patriam
442 2757 643 2835 potestatem
664 2749 830 2815 ordinarie
847 2751 947 2816 tuisse
964 2760 1177 2838 perpetuam,
1185 2754 1256 2838 jam
1273 2773 1371 2838 supra
1385 2773 1456 2818 rl‘r.
1530 2737 1531 2790 l

158 2861 178 2939 f
199 2877 246 2925 rx.
263 2880 306 2923 ex
322 2857 487 2948 Dionysio
502 2859 758 2924 Halicarnasseo
780 2861 991 2932 ostendimus.
1007 2861 1229 2925 Nihilominus
1248 2870 1357 2926 tamen
1375 2885 1457 2946 pro·
1530 2863 1531 2866 ’

185 2949 263 3032 01ὶὶ
279 2975 373 3031 erant
389 2967 521 3053 quidam
537 2969 638 3052 modi,
655 2968 807 3033 solvendi
822 2969 960 3054 patriam
976 2977 1188 3054 potestatem,
1206 2970 1247 3033 de
1268 2949 1388 3056 quihus
1405 2980 1455 3035 est

199 3075 265 3140 hoc
279 3075 378 3140 titulo
394 3076 570 3162 agendum.

786 3219 815 3300 §-
836 3219 865 3282 1.

486 3335 585 3387 Patria
598 3342 717 3402 potestas
733 3333 882 3388 solvebatur
899 3335 924 3390 I.
941 3344 1027 3389 morte
1044 3335 1171 3390 namralr'.

285 3435 331 3499 Et
344 3437 451 3520 primo
471 3435 606 3521 quidem
622 3452 723 3519 Mons,
737 3458 836 3521 quum
853 3437 964 3500 omnia
972 3436 1051 3521 jura
1065 3436 1256 3522 personalia
1266 3437 1376 3520 tollat,
1388 3461 1457 3502 non

184 3550 336 3628 'poterat
360 3564 428 3605 non
460 3549 496 3620 et
519 3541 645 3606 liberos
677 3545 785 3629 patria
813 3552 981 3631 potestate
1013 3545 1166 3610 liberare.
1196 3546 1316 3632 Neque
1343 3554 1456 3610 tamen
1530 3593 1531 3596 κ

202 3660 309 3714 morte
329 3651 382 3715 avi
398 3659 538 3735 nepotes
552 3650 789 3736 liberabantur,
806 3653 832 3716 si
847 3661 944 3736 pater
959 3661 1046 3717 esset
1060 3662 1236 3738 superstes,
1252 3656 1311 3718 scd
1326 3662 1407 3719 tunc
1423 3656 1456 3717 in
1530 3687 1531 3694 .

201 3759 297 3845 hujus
312 3766 512 3845 potestatem
529 3759 734 3845 recidebant,
749 3761 812 3826 nisi
830 3761 857 3822 is
877 3761 965 3824 forte
987 3769 1086 3827 antea
1104 3764 1146 3828 ab
1162 3785 1225 3827 avo
1241 3771 1328 3826 esset
1343 3784 1457 3826 ernan-
1530 3789 1531 3798 ¹

204 3869 340 3963 cipatus.
364 3866 439 3932 Vid.
461 3866 538 3951 Gaji
557 3869 633 3938 last.
648 3871 673 3930 I.
690 3869 721 3932 0.
735 3873 837 3952 princ.
854 3871 944 3947 (sem
959 3869 986 3931 I.
1001 3868 1090 3954 127.)
1109 3877 1153 3953 ⁸).
1177 3871 1266 3949 Quia
1287 3872 1373 3934 enim
1397 3893 1457 3956 pa·
1530 3855 1531 3898 ³

201 3978 267 4042 tria
281 3984 429 4061 potestas
448 3983 519 4040 erat
541 3976 721 4040 dominium
744 3974 977 4060 Quiritarium,
997 3979 1080 4058 (vid.
1099 4000 1195 4064 supra
1215 3979 1271 4042 ru.
1285 3980 1344 4042 IX.
1361 3980 1392 4060 §.
1407 3979 1453 4059 1.)

203 4108 271 4150 non
287 4092 421 4169 poterat
441 4105 508 4148 non
524 4084 608 4149 illud
617 4087 695 4172 jure
711 4082 915 4147 hereditario
932 4088 973 4149 ab
991 4109 1054 4150 avo
1072 4086 1106 4151 in
1123 4096 1251 4173 patrem
1269 4086 1415 4150 devolvi.
1530 4119 1531 4176 3

272 4341 307 4408 a)
323 4343 437 4394 Poterat
457 4340 532 4397 enim
555 4339 618 4409 quis
641 4337 727 4395 filium
750 4340 934 4407 emancipare,
951 4346 979 4393 et
1003 4346 1118 4408 nepotes
1134 4340 1163 4394 in
1181 4345 1316 4408 potestate
1333 4340 1456 4404 retinere,

202 4429 247 4482 vel
263 4427 314 4480 bos
332 4445 348 4480 e
364 4425 448 4480 sacris
466 4424 615 4493 dimittere,
633 4429 738 4480 retento
755 4425 784 4478 in
801 4431 936 4494 potestate
954 4441 1006 4480 sua
1022 4425 1088 4493 tilio,
1107 4427 1182 4497 quod
1200 4425 1315 4482 sollicite
1332 4431 1456 4482 monebu

203 4517 226 4586 §-
239 4517 264 4568 7.
283 4514 350 4568 Ibat.
367 4513 393 4567 Ιι.
411 4520 429 4566 t.
453 4512 533 4566 Heia
