3030 5160
206 345 209 352 ’
278 361 383 443 Qum.
409 359 507 427 Mon.
535 359 592 426 ns
617 357 803 428 Conrnnrr.
829 359 1003 430 Osnranr.
1197 367 1269 434 529

36 555 88 618 quc
103 534 254 616 prolapsa
277 541 328 596 est
343 508 504 598 effrenata
520 533 667 615 licentia,
688 543 725 597 ut
751 555 849 597 omne
867 535 985 599 foenus
1004 534 1150 613 tolleret,
1165 559 1203 600 ac
1223 559 1267 602 ne

34 641 212 704 levissimam
229 640 362 724 quidem
379 661 508 704 usuram
528 640 729 704 concederet
745 641 974 705 creditoribus.
997 642 1073 720 Qua
1087 642 1130 707 de
1148 665 1184 705 re
1197 645 1268 728 egit

33 748 78 808 lex
100 747 245 810 Genucio
269 747 433 830 descripta
454 769 474 808 a
501 746 599 810 Livio
624 744 763 809 V1L42.
792 749 931 810 Praeter
951 749 1028 810 baec
1041 753 1162 812 rnoenr’o
1182 753 1269 832 apud

33 855 176 934 quosdam,
185 855 224 915 L:
230 838 413 927 Genucium,
424 854 595 916 Xlr'banam
602 854 714 935 plebis,
723 857 832 916 tulisse
840 856 884 916 ad
884 853 1045 936 populum,
1052 875 1091 916 ne
1095 857 1268 933 foenerare

32 965 129 1024 liceret.
149 959 271 1024 Paullo
290 960 388 1024 aliter
403 959 540 1023 Tacitus
554 961 673 1022 'Annab
688 961 741 1023 VI.
756 961 806 1023 16.
828 963 993 1023 Postremo
1011 966 1107 1024 vetita
1123 983 1267 1036 versura,

32 1065 80 1127 nisi
99 1066 184 1130 forte
217 1086 278 1151 pro
302 1087 436 1130 versare
461 1065 554 1130 malis
579 1087 711 1128 rasuram
736 1087 862 1151 ponere
878 1071 922 1148 ¹¹).
954 1068 1141 1152 Utcumque
1159 1090 1193 1131 sc
1213 1090 1267 1132 res

32 1171 129 1252 habet,
157 1173 225 1237 lata
254 1181 304 1237 est
329 1175 421 1237 haec'
442 1173 500 1236 lex
532 1171 682 1237 Genucio
707 1172 749 1236 A.
768 1174 810 1237 U.
831 1173 868 1238 C.
893 1191 1048 1238 occcxffl.
1084 1174 1121 1238 C.
1141 1175 1265 1241 Martio

31 1279 130 1343 Rutilo
145 1280 208 1344 IV.
225 1290 259 1344 et
272 1281 313 1359 Q.
328 1281 472 1346 Servilio
490 1280 581 1344 Coss.
596 1284 641 1362 ⁰).

591 1429 619 1509 ς.
641 1428 692 1491 12.

272 1545 394 1597 fraudes
403 1544 610 1611 faeneratorum
630 1543 686 1612 lepe
706 1541 862 1611 Sempronia
879 1547 1017 1598 coercitae.

98 1642 165 1706 Sed
192 1643 258 1708 dici
283 1665 349 1707 non
373 1650 494 1728 potest,
523 1667 620 1729 quam
644 1645 829 1729 ingeniose,
853 1665 1016 1728 quamque
1039 1644 1267 1710 fraudulenter

29 1749 97 1812 hanc
110 1752 222 1835 legem
245 1750 403 1814 eluserint
418 1752 658 1831 foeneratores,
681 1772 818 1835 quorum
837 1752 1007 1835 intererat,
1033 1762 1079 1834 ut,
1099 1754 1189 1837 quod
1207 1775 1267 1838 per

28 1853 120 1939 legem
141 1857 325 1922 Genucium
349 1879 415 1921 non
437 1858 572 1940 licebat,
591 1858 776 1923 calliditate
797 1868 1087 1943 consequerentur.
1114 1861 1268 1924 Meminit

30 1985 122 2028 earum
138 1967 290 2030 fraudum
303 1966 439 2029 Tacitus
447 1969 566 2028 Annal.
583 1967 698 2029 VL16.
715 1966 773 2028 sed
785 1967 948 2030 breviter:
964 1969 1137 2039 Postremo,
1148 1967 1267 2052 inquit,

28 2078 106 2134 oetr’ta
117 2085 270 2136 versura:
291 2076 457 2153 multisque
469 2074 638 2154 plebescr'tr's
652 2076 769 2135 obviam
782 2079 860 2136 'itam
868 2076 1051 2153 sraadr'bas,
1065 2097 1146 2156 qaae
1158 2080 1268 2138 totiens

28 2198 185 2259 repressae,
205 2185 301 2241 miras
313 2201 375 2262 per
393 2188 478 2241 artes
498 2200 628 2241 rursum
649 2183 839 2243 ortabantur.
862 2181 930 2242 Sed
953 2203 1018 2265 qua
1040 2182 1074 2242 in
1094 2201 1129 2240 re
1146 2181 1268 2244 consti-

28 2287 113 2349 terint
141 2286 220 2349 illae
244 2287 490 2349 foeneratorum
514 2287 689 2367 versutiae,
716 2286 967 2371 plenius'multo
993 2286 1139 2350 ostendit
1152 2287 1265 2350 Livius

29 2392 153 2456 XXXV.
167 2394 197 2456 7.
220 2394 363 2455 Instabat
379 2398 460 2456 ear'rn
478 2415 557 2455 cara
574 2395 647 2466 alr'a,
670 2394 754 2473 qaod
770 2399 878 2455 orbitas
887 2395 1022 2472 foenore
1041 2396 1220 2456 laborabat:
1237 2403 1268 2458 et

28 2503 104 2578 qaod,
130 2521 226 2582 qaam
255 2502 359 2562 maltis
376 2500 580 2578 faenebribus
605 2503 725 2583 legebas
747 2506 915 2562 constricta
938 2503 1073 2562 aaarr‘tr'a
1099 2510 1189 2574 esset,
1217 2505 1269 2563 or‘a

26 2608 137 2681 sraadr's
155 2611 234 2667 r'nr'ta
249 2616 330 2680 erat,
352 2616 387 2668 at
404 2612 436 2668 r'n
456 2611 561 2678 soa‘os,
582 2611 638 2689 qar'
651 2630 713 2670 aon
730 2617 914 2670 tenerentur
935 2612 974 2670 r'r's
994 2609 1124 2689 legebas,
1141 2613 1267 2671 nornr'na

28 2714 296 2787 transserr'berent,·
316 2718 361 2775 r'ta
382 2715 476 2776 tr'bero
494 2715 630 2793 foenore
645 2717 814 2777 obruebant
829 2717 988 2777 debitores.
1011 2714 1147 2778 Scilicet
1161 2714 1269 2799 plebi:

27 2820 128 2884 scitum
156 2820 240 2884 illud
264 2819 447 2884 Genucium
466 2819 595 2882 Romae
616 2821 761 2904 quidem,
783 2831 818 2886 at
840 2843 907 2884 non
931 2822 964 2884 in
988 2822 1098 2904 Latio,
1115 2821 1265 2886 valebat:

27 2927 208 3014 licitumque
225 2929 311 2991 adeo
330 2938 401 2992 erat
412 2928 508 2992 sociis
525 2936 559 2990 et
571 2927 683 2990 Latini
697 2929 848 3008 nominis,
861 2949 972 2991 usuras
988 2938 1266 3013 quantascumque

27 3059 42 3096 a
56 3037 256 3100 debitoribus
272 3034 431 3119 stipulari.
446 3035 577 3099 Callide
592 3055 673 3118 ergo
686 3034 913 3098 foeneratores
925 3037 1070 3119 agebant
1082 3059 1152 3099 cum
1170 3038 1267 3098 sociis

28 3150 56 3204 et
67 3143 175 3208 Latini
190 3144 341 3224 nonu‘uis,
358 3150 394 3206 ut
406 3150 600 3227 paterentur
610 3141 766 3226 pecunias
782 3164 840 3204 suo
852 3145 984 3206 nomine
1002 3143 1133 3220 foenori
1144 3143 1267 3204 locare.

27 3251 94 3327 Quo
110 3252 222 3333 fiebat,
243 3257 288 3332 ut,
304 3272 366 3313 nec
382 3251 562 3335 quidquam
578 3257 712 3313 vetante
728 3248 817 3335 lege,
832 3272 898 3313 non
917 3251 1020 3314 minus
1035 3271 1074 3312 ac
1089 3257 1188 3310 antea
1202 3247 1268 3331 gli-

27 3369 123 3424 sceret
149 3358 309 3424 foenebre
343 3357 480 3441 malum,
514 3359 668 3442 civesque
701 3378 811 3420 usuras
837 3358 1094 3422 mordacissimus
1119 3354 1267 3439 pendere

26 3475 225 3550 cogerentur.
253 3466 300 3529 At
321 3466 363 3529 A.
389 3466 534 3551 denique
555 3464 597 3527 U.
620 3464 752 3530 C.n1.x.
775 3467 813 3528 L.
835 3465 994 3530 Cornelio
1016 3462 1148 3526 Merula
1169 3471 1203 3526 et
1225 3461 1267 3540 Q.

26 3572 165 3637 Minucio
178 3574 324 3638 Thermo
337 3573 427 3638 Coss.
438 3573 585 3637 coerceri
595 3573 654 3635 has
670 3571 913 3638 foeneratorum
930 3580 1016 3638 artes
1032 3570 1167 3656 placuit,
1181 3569 1269 3634 lata-

26 3702 85 3763 que
100 3704 171 3744 eam
191 3680 310 3744 iurem
333 3689 382 3744 est
403 3681 461 3744 lex
482 3681 687 3764 Sempronia.
708 3681 753 3745 Et
775 3683 870 3746 initio
894 3682 1028 3768 quidem
1044 3680 1205 3761 edictum,
1224 3686 1268 3749 at,

26 3795 76 3867 qai
83 3801 151 3872 post
168 3791 249 3852 diem
266 3794 478 3872 proximorum
492 3791 654 3850 Feraliam
669 3793 745 3850 socr’r'
764 3791 877 3852 ciuibus
893 3790 1096 3851 credidissent
1107 3788 1269 3868 pecunias,

26 3902 257 3977 prefiterentar:
288 3905 319 3958 et
342 3919 383 3960 ea
407 3919 446 3960 ea
471 3897 520 3958 die
538 3898 691 3978 peoamae
715 3897 864 3968 creditae,
890 3897 1000 3978 qur’b'us
1024 3897 1143 3957 debitor
1167 3894 1268 3964 vellet,

88 4103 119 4168 n)
140 4102 182 4154 cf.
200 4102 318 4164 Ernesti,
337 4102 385 4170 qui
402 4101 507 4154 incdit
520 4101 607 4154 Taciti
629 4102 659 4156 T.
671 4103 695 4154 1.
715 4120 746 4171 p.
758 4105 817 4155 4³4.
835 4101 971 4156 interulis
982 4110 1044 4153 nota
1054 4106 1079 4154 5.
1098 4099 1137 4152 sic
1148 4100 1184 4151 ad
1197 4101 1269 4176 hunc

26 4185 121 4239 locum:
132 4189 247 4254 frastra
265 4195 400 4240 tentarant
417 4187 523 4256 quidam
540 4185 686 4238 rescribere
705 4204 799 4240 asana
826 4186 909 4239 Cana.

89 4274 120 4340 o)
141 4273 287 4325 Caeterum
297 4273 358 4339 jam
376 4279 439 4325 ante
456 4274 543 4338 legem
558 4271 709 4324 Genucium
724 4273 815 4335 latam,
829 4276 861 4322 ut
879 4267 989 4338 quidem
1007 4265 1114 4321 videtur
1127 4266 1269 4334 (nimirum
1348 4300 1354 4316 .

26 4371 46 4406 r.
58 4375 84 4410 u.
102 4375 125 4411 o.
139 4362 201 4422 40³.
218 4356 274 4410 vid.
292 4357 351 4410 Liv.
369 4357 431 4409 VII.
444 4357 518 4423 bh),
537 4358 595 4423 lege
612 4355 719 4415 Marcia
739 4356 871 4408 adversus
889 4356 1072 4408 foeneratores
1090 4357 1198 4435 cautum
1220 4356 1269 4412 cst,

26 4444 60 4501 ut,
78 4441 99 4492 si
118 4455 218 4493 usuras
237 4440 399 4507 exegissent,
419 4442 452 4493 de
470 4443 512 4494 his
531 4440 675 4494 reddendis
693 4457 742 4507 per
760 4457 856 4494 manus
880 4439 1051 4506 injectionem
1077 4452 1138 4488 cum
1156 4434 1195 4486 eis
1208 4449 1271 4498 age-

26 4530 100 4579 retur.
119 4526 181 4594 Gaj.
197 4527 338 4595 1V.§.23.
357 4524 444 4580 Mllll'
1034 4607 1076 4669 34
