3056 5154
333 405 388 473 Dn
411 405 612 476 manuscr.
636 405 804 478 Oossuus.
829 409 921 480 Eur.
947 421 1012 482 etc.
1226 421 1299 488 brt

31 588 69 644 ct
87 581 254 664 portubus
272 580 431 663 publicis,
450 581 572 661 salinis,
588 582 735 666 pinariis,
751 583 902 666 cotoriis,
918 585 1169 672 hereditatibus,
1184 611 1299 654 munu-

30 687 252 751 missionibus
271 687 430 769 redirent,
446 687 625 752 dictasunt
641 692 798 766 musas,
813 697 981 774 sumptura,
993 701 1146 776 portoria,
1162 701 1298 780 ceus'ga·

28 799 78 858 lia
96 799 291 868 salinarum,
302 798 508 876 picariurum,
524 801 722 873 columbrum,
740 802 976 862 cicesmarum:
989 800 1028 862 L.
1048 801 1098 865 17.
1112 804 1141 885 §.
1156 801 1186 864 1.
1197 805 1244 867 -Ι).
1259 805 1299 866 de

35 903 175 964 Verbor.
187 906 357 984 sr‘gnijicul.
378 901 565 982 Publiceni,
580 902 637 984 qui
653 905 799 968 decumas
814 906 1038 989 redemerant,
1050 910 1225 983 decursam,
1241 914 1298 994 qui

29 1012 229 1090 scripturas,
240 1011 393 1089 pmuarri,
409 1009 466 1092 qui
480 1015 630 1090 portoria,
646 1016 815 1091 portitores
834 1012 915 1078 dicti
931 1023 1021 1078 sunts
1035 1015 1157 1080 Ascou.
1174 1017 1297 1086 Pedie-

30 1136 96 1178 uus
118 1119 155 1176 in
170 1115 310 1178 Diubrai.
327 1137 360 1196 p.
374 1114 426 1178 29.
447 1116 611 1196 Mancipes
627 1128 705 1179 sunt
719 1120 957 1198 publicanorum
969 1125 1144 1204 principes,
1162 1124 1301 1188 Rauraci

30 1226 188 1294 bombice,
206 1225 263 1301 qui
275 1231 427 1301 quaestus
446 1227 501 1284 sui
512 1242 637 1299 caussa,
651 1227 683 1284 si
693 1225 842 1288 decumas
857 1229 1224 1303 redimuul,uacuuuu1
1239 1232 1295 1294 ad-

26 1331 218 1410 pellaniurs
242 1329 273 1388 si
283 1333 409 1408 portum
423 1337 482 1390 aut
495 1349 620 1410 pascua
633 1332 778 1410 publicu,
790 1351 1010 1404 susurrones,
1030 1343 1087 1396 aut
1106 1357 1295 1412 enarrarre

30 1455 173 1515 quorum
198 1437 278 1496 ratio
301 1453 489 1498 conruens
514 1437 637 1500 dsbs'tur.
659 1435 775 1520 Sigon.
794 1440 865 1502 ibsii.
880 1461 915 1521 p.
937 1439 1009 1502 299
1023 1463 1069 1522 sq.
1100 1441 1185 1521 (cfr.
1206 1442 1295 1527 Adp.

31 1542 108 1606 Lib·
125 1541 157 1604 1.
171 1540 200 1621 S.
214 1539 265 1602 58.
280 1544 368 1624 sqq.)

618 1658 647 1740 §.
671 1658 722 1721 10.

542 1773 579 1827 sl
593 1774 664 1826 ultro
682 1773 788 1828 tributa.

126 1871 218 1935 llltro
232 1875 349 1937 tributa
366 1873 453 1936 dicta
470 1883 545 1936 suut
559 1882 681 1938 sumtus
699 1897 835 1960 operum
850 1877 1068 1961 publicorum,
1084 1899 1221 1962 quorum
1241 1880 1294 1943 lo·

34 1980 125 2043 catio
147 1979 262 2064 quinto
282 2001 417 2064 quoque
429 1999 515 2043 auno
530 1979 618 2044 facta
632 1991 712 2046 esta
731 1983 931 2049 censoribus
945 1985 988 2066 s).
1010 1985 1206 2051 Plutarchus
1223 1988 1293 2073 [*u.

37 2087 150 2149 Calon.
171 2090 244 2169 maj.
266 2109 291 2149 c.
313 2086 379 2172 19.]
398 2108 438 2150 ee
460 2094 557 2151 vocnt
583 2093 789 2173 ἕργολαβείας,
817 2093 910 2174 quasi
934 2113 1064 2177 operum
1085 2095 1292 2158 redemluras.

32 2194 202 2277 Exempla
221 2193 313 2259 veris
331 2215 374 2257 ex
391 2195 489 2258 Livio
507 2192 646 2279 collegit
661 2193 815 2282 Sigonius
832 2198 872 2258 de
892 2201 1020 2280 antiquo
1034 2201 1111 2281 jure
1128 2206 1182 2263 eiu.
1203 2203 1291 2263 Rom.

35 2303 76 2362 II.
91 2301 123 2364 8.
139 2302 250 2384 penu.
271 2301 462 2364 Perfectum
483 2323 564 2366 vero
586 2323 668 2385 opus
691 2304 789 2366 etiam
820 2303 1025 2386 probandum
1048 2313 1137 2386 erat,
1161 2305 1203 2368 de
1227 2328 1292 2390 qua

34 2410 234 2491 probatione
249 2407 345 2492 plura
361 2409 514 2494 Gujacius
524 2457 527 2464 .
538 2412 714 2473 Obseruutl.
731 2411 856 2474 XXIII.
870 2409 922 2475 33.

636 2622 644 2638 .
666 2575 716 2638 11.

415 2663 417 2668 ¹
488 2576 634 2743 Publicanl’
649 2691 828 2760 quotuplicest

115 2787 225 2851 Porro
241 2788 410 2874 publicani
426 2789 483 2854 elii
501 2798 595 2854 erent
609 2795 776 2874 mancipes,
787 2786 844 2854 alii
855 2795 1003 2873 praedes,
1019 2794 1076 2858 alii
1092 2800 1174 2858 socr'i.
1187 2796 1289 2860 MAN-

37 2913 137 2959 ussns
153 2894 269 2960 definit
283 2898 401 2961 Festus
420 2919 452 2979 p.
466 2895 538 2959 221.
555 2898 701 2979 quiquid
720 2917 741 2956 a
757 2900 874 2979 populo
892 2905 981 2974 emit,
1004 2902 1197 2975 conduentes,
1214 2906 1289 2984 quic

36 3023 133 3064 manu
146 3004 270 3066 sublata
284 3008 450 3088 significat,
462 3026 496 3066 sc
506 3013 666 3066 auctorem
681 3007 829 3077 emtionis
846 3004 901 3067 vel
913 3006 1140 3071 conductionis
1151 3029 1228 3071 esse.
1242 3010 1287 3072 Et
1368 3007 1371 3014 ’

36 3107 156 3172 Ascon.
177 3110 343 3176 Pedianus
364 3115 384 3172 l.
399 3133 424 3174 c.
441 3134 476 3193 p.
490 3109 541 3172 29.
569 3111 754 3172 ΜΑΝσιΡιιε
774 3114 931 3192 principes
949 3116 1189 3194 publicanorum
1215 3137 1286 3178 esse

37 3215 93 3296 eit,
109 3219 171 3299 qui
181 3227 331 3298 quaestus
344 3223 398 3281 sui
408 3239 523 3281 caussa
538 3217 695 3299 erigenda
712 3237 733 3277 a
746 3221 836 3279 sociis
852 3238 910 3279 suo
927 3223 1070 3299 periculo
1087 3225 1236 3302 erigunt,
1255 3231 1288 3283 et

36 3325 220 3404 reipublicae
238 3334 488 3407 repraesentant.
505 3325 649 3386 Pruedes
660 3343 751 3404 vero,
764 3331 849 3386 testo
862 3325 980 3387 eodem
992 3327 1093 3398 Festo
1106 3324 1285 3411 [*p.367.],

37 3428 244 3508 dicebantur,
259 3437 316 3514 qui
324 3435 439 3514 populo
457 3452 491 3494 se
508 3433 701 3513 obligabant,
724 3435 970 3514 interrogatique
987 3453 1007 3493 a
1030 3436 1234 3515 magistratu,
1258 3437 1289 3495 si

31 3539 166 3614 praedes
184 3541 262 3612 sent,
279 3541 525 3620 respondebant.-
537 3539 685 3621 praedes.
708 3539 794 3601 Sacri
807 3539 950 3625 denique
966 3548 1071 3622 eraut,
1087 3539 1193 3624 quiin
1209 3561 1285 3624 per-

36 3649 95 3706 tem
125 3653 278 3729 quaestus
302 3655 336 3710 et
356 3649 506 3731 jacturae
528 3669 548 3710 a
570 3632 774 3729 mancipibus
801 3656 835 3710 et
859 3647 1036 3732 praedibus
1065 3648 1283 3710 vocabuntur:

37 3748 188 3836 Sigonius
210 3753 279 3814 ibid.
296 3774 330 3835 p.
352 3753 423 3816 239.
457 3755 579 3816 Omnes
606 3772 687 3815 vero
710 3753 744 3814 hi
763 3753 897 3837 publica
918 3753 1096 3840 vectigalia
1118 3750 1172 3818 vel
1195 3753 1282 3816 ultro

36 3859 156 3923 tributa
177 3862 221 3922 ud
235 3862 357 3922 bustam
367 3862 525 3942 publicum
539 3861 751 3922 conducebant
762 3864 807 3940 s).

98 4065 130 4130 1)
152 4063 215 4116 Cur.
223 4064 295 4130 Aug.
303 4063 401 4118 Haesii
415 4064 486 4116 Dies.
496 4079 609 4131 qramm.
622 4065 682 4116 bist.
692 4065 724 4116 dc
737 4081 816 4133 opere
828 4065 913 4117 locus
925 4066 1283 4120 ssemduuoltonammu.

37 4143 106 4210 lips.
120 4151 199 4202 1814.
211 4153 236 4202 4.
257 4149 320 4215 (ubi
331 4165 357 4216 p.
369 4154 411 4202 21.
431 4164 471 4217 sq.
486 4147 568 4200 etiam
585 4148 657 4200 ultro
675 4147 773 4201 tributu
787 4149 926 4215 copiosius
941 4150 1125 4216 illustrentur)
1142 4154 1170 4200 et
1186 4150 1282 4216 Ejusd.

36 4228 100 4284 Dies.
101 4234 163 4302 jur.
172 4233 220 4300 cic.
231 4233 311 4284 Rom.
329 4233 360 4283 rie
372 4250 451 4300 opere
466 4233 550 4285 locato
559 4240 585 4283 et
593 4233 728 4289 conducto.
740 4231 776 4285 ib.
786 4234 846 4286 eod.
854 4237 879 4286 4.
892 4237 1038 4287 Praeterea
1048 4235 1083 4286 de
1094 4233 1165 4284 ultro
1180 4232 1284 4284 tributis

36 4317 139 4382 egregia
151 4322 243 4370 exstat
254 4318 408 4370 observatio
418 4316 525 4370 Dukeri
542 4317 579 4369 ud
590 4317 646 4368 Lis.
656 4317 803 4370 XXXIX.
816 4333 839 4372 c.
850 4322 893 4371 44.
912 4319 931 4384 ξ.
946 4323 973 4372 7.
987 4319 1019 4369 Τ.
1032 4317 1068 4368 V.
1078 4331 1104 4381 p.
1116 4318 1175 4367 398.
1194 4313 1283 4366 Heub.

36 4395 75 4450 De
91 4403 189 4454 eodem
207 4408 383 4468 urmuucntoz
408 4401 528 4454 Dirkseu
553 4401 757 4476 cherlsunqpn
774 4399 840 4452 iiber
866 4403 907 4453 dic
935 4410 1003 4454 crate
1020 4399 1116 4466 Hb'lsts
1134 4400 1182 4450 der
1204 4398 1284 4464 Tafcl

36 4497 81 4534 von
97 4487 250 4558 Herodes,-
267 4485 294 4538 iu
309 4485 406 4551 ejusd
418 4487 465 4538 cic.
480 4483 613 4537 Abbarull.
632 4485 664 4536 T.
678 4484 714 4538 11.
727 4499 800 4537 num.
813 4486 848 4536 11.
864 4501 890 4550 p.
900 4489 1060 4540 3122317.
1078 4483 1165 4536 Miibl.

96 4571 128 4636 g)
149 4569 231 4625 Corn.
249 4571 342 4635 Nepos
368 4570 396 4623 iu
424 4569 511 4622 Attico
535 4588 557 4621 c.
570 4574 595 4620 c.
611 4573 636 4620 3.
663 4569 709 4620 Au
734 4569 836 4620 bustam
854 4569 987 4636 publicam
1006 4586 1147 4638 enumquam
1166 4570 1283 4621 adcessit.
