3056 5168
318 386 422 472 Qnon
447 385 529 456 Can
553 385 619 472 Eo,
641 385 713 470 Qus
738 383 776 454 ln
803 386 940 456 Aurana
966 395 1034 456 etc.
1228 394 1303 460 697

48 559 208 647 subjecti,
224 561 417 646 quibuscum
432 562 506 646 quis
528 570 757 644 contraxerat,
773 562 938 647 peculium
953 561 1179 646 profectitium
1199 563 1304 628 habe-

47 677 135 732 rent.
157 667 253 743 Tale,
269 679 304 734 ut
325 689 424 754 supra
438 669 589 758 vidimus,
606 679 639 733 et
662 669 875 752 filiifamilias,
891 678 926 734 et
947 669 1044 747 servi,
1066 679 1102 734 et
1122 670 1212 753 ipsae
1235 694 1304 737 rna-

48 775 259 840 tresfamilias
283 780 408 844 habere
437 776 600 842 solebant.
630 776 730 856 Quod
754 777 781 842 si
810 799 890 862 ergo
914 777 1014 840 etiam
1037 777 1107 840 sine
1130 777 1303 844 voluntate

48 885 175 973 mariti,
192 885 317 948 domini
337 885 483 971 patrisve
499 907 570 948 cum
587 905 704 968 uxore,
720 905 816 948 servo
830 885 943 949 filiove
962 892 1164 950 contractum
1180 886 1304 950 fuerat:

48 1000 127 1054 tuna
143 991 276 1055 maritus
295 1001 329 1058 et
345 994 495 1058 dominus
511 987 546 1056 at
567 1001 664 1076 pater
679 993 849 1057 conveniri
867 1000 1032 1077 poterant.
1053 993 1098 1058 Et
1114 993 1259 1078 quidem,
1277 993 1303 1056 si

46 1101 80 1162 in
103 1119 175 1162 rem
197 1120 264 1161 non
280 1121 426 1183 versum,
442 1109 568 1165 tanturn
592 1109 759 1185 praestare
784 1103 994 1182 tenebantur,
1017 1077 1173 1185 quantuni
1195 1103 1304 1185 patie-

47 1207 145 1270 batur
167 1207 341 1290 peculium.
365 1209 400 1272 Si
422 1217 549 1292 partem
572 1217 698 1272 tantam
719 1209 753 1272 in
776 1230 845 1272 rem
874 1229 1001 1272 versam
1029 1229 1099 1272 esse
1126 1217 1303 1291 constaret,

47 1323 177 1397 partem
203 1314 416 1397 praestabant
437 1316 558 1396 iidem,
578 1315 707 1400 reliqua
729 1337 772 1378 ex
794 1317 938 1400 peculio,
955 1326 1110 1402 quantum
1133 1317 1205 1379 fieri
1227 1323 1304 1402 pot-

48 1430 134 1502 erat,
165 1422 374 1506 petebantur.
411 1423 579 1507 Adeoque
602 1433 679 1486 tunc
707 1431 847 1508 utraque
876 1425 963 1488 actio
986 1423 1212 1488 cumulabatur
1239 1423 1304 1486 hoe
1358 1461 1361 1468 ,

48 1529 166 1592 modo:
185 1545 257 1612 aaa,
273 1547 320 1594 na
342 1545 476 1603 sarano,
492 1547 608 1595 usuvn
622 1547 746 1614 semo,
769 1549 907 1596 caurum
925 1547 1132 1612 aaammssn,
1152 1547 1196 1595 ur
1215 1547 1303 1594 nau-

47 1655 93 1700 vn
115 1653 240 1700 nouum
259 1653 442 1702 canusinum
465 1654 642 1720 FULOIRET,
663 1656 706 1702 ur
727 1653 883 1702 nanuum
905 1655 1086 1716 Quarnuus
1110 1657 1153 1702 ur
1174 1655 1210 1701 ru
1232 1653 1303 1700 neu

48 1761 202 1829 trunsum,
228 1761 272 1810 ΒΤ
293 1763 330 1808 ΙΝ
354 1759 496 1809 Pacuulo
518 1761 631 1812 sulcus
654 1763 734 1810 assa
760 1763 1176 1830 cousrnsrr,naauu1u1
1199 1761 1302 1808 orou-

50 1869 152 1918 uuuu:
175 1853 248 1916 Car.
267 1853 422 1938 Sigonius
437 1855 507 1916 ibid.
519 1875 552 1936 p.
566 1854 638 1918 484.
658 1854 749 1939 (Gaj.
764 1855 825 1919 IV.
840 1854 891 1920 73.
904 1854 973 1934 74.)

638 2029 667 2110 s.
683 2027 713 2091 a.

490 2141 600 2196 -SCtam
619 2143 850 2196 Macedonianum.
869 2197 872 2206 ,

132 2243 181 2308 At
196 2265 291 2330 quum
316 2243 422 2307 securi
443 2243 505 2308 hac
522 2245 652 2306 actione
672 2245 900 2308 foeneratores
923 2243 1140 2308 filiisfamilias
1161 2243 1301 2328 plurima

52 2352 198 2417 solerent
212 2350 364 2432 credere,
386 2372 494 2435 eoque
510 2372 562 2414 res
584 2352 726 2432 rediret,
742 2361 778 2414 ut
800 2351 860 2414 filii
876 2352 919 2417 ad
942 2360 1182 2435 praematurum
1201 2359 1302 2434 atque

51 2460 232 2544 improbum
247 2459 459 2523 successionis
468 2466 579 2522 votum
592 2459 858 2544 impellerentur:
870 2459 958 2523 SCto
974 2473 1303 2522 uacanonuauocau-

52 2577 113 2632 tum
132 2578 184 2633 est
201 2570 242 2632 ab
261 2567 460 2652 amplissimo
483 2568 612 2646 ordine,
627 2577 663 2632 ut
684 2569 799 2650 neiis,
821 2568 877 2652 qui
893 2569 1067 2653 pecuniam
1087 2565 1303 2630 filiisfamilias

52 2675 271 2758 crediderint,
295 2676 394 2740 etiam
417 2684 493 2760 post
522 2685 659 2741 mortem
686 2684 812 2760 patrum
839 2677 926 2742 actio
949 2675 1137 2760 petitioque
1160 2674 1303 2739 daretur.

51 2784 122 2872 lpso
146 2784 280 2869 quidem
296 2783 372 2866 jure
389 2783 545 2846 creditori
563 2792 636 2847 erat
650 2785 750 2866 actio,
766 2783 825 2846 sed
841 2805 881 2848 ea
898 2784 1087 2848 elidebatur
1102 2783 1302 2865 exceptione

51 2890 125 2956 scti
143 2890 398 2956 Macedoniani:
421 2894 455 2951 L.
471 2889 521 2954 11.
537 2892 578 2952 Ι).
596 2893 640 2952 ad
654 2891 772 2954 SOtnm
787 2892 1056 2954 Macedonianum.
1229 2882 1234 2896 ¹

639 3062 712 3143 §.a

404 3178 447 3229 De
465 3177 543 3248 liujus
563 3175 630 3230 Soti
646 3178 746 3248 ariyine
764 3180 950 3233 controversia.

129 3273 277 3360 Quando
292 3278 460 3343 conditum
477 3279 518 3342 sit
533 3277 621 3341 istud
633 3278 970 3360 Senatusconsultum,
985 3257 1051 3341 n'on
1070 3276 1155 3338 adeo
1172 3273 1302 3360 liquido

51 3397 189 3455 constat.
212 3391 326 3452 Latam
350 3407 420 3450 esse
439 3388 481 3451 de
507 3396 620 3451 mutuo
642 3387 750 3472 legem
775 3385 953 3452 aClaudio
971 3386 1177 3469 Imperatore
1197 3383 1238 3445 A.
1261 3381 1303 3447 U.

51 3497 84 3559 0.
103 3514 203 3562 accc.
220 3517 326 3580 eaque
343 3506 484 3576 cautum,
500 3517 542 3558 ne
564 3496 599 3559 id
615 3519 634 3559 a
650 3496 867 3560 filiisfamilias
890 3516 1040 3579 umquam
1056 3503 1210 3578 repetere
1227 3515 1304 3576 pos·
1375 3485 1377 3491 ’

51 3614 119 3668 sent
138 3604 339 3686 creditores,
363 3604 463 3667 docet
479 3603 615 3668 Tacitus
632 3607 749 3666 Annal.
766 3605 822 3666 XI.
839 3604 888 3666 13.
911 3603 978 3666 Sed
995 3601 1182 3665 existimant
1202 3599 1303 3686 pleri-

51 3733 124 3796 que,
144 3701 498 3776 saluberrimambanc
512 3712 622 3798 legem
640 3711 890 3796 corruptissimis
912 3711 970 3774 sub
987 3709 1122 3774 Nerone
1145 3709 1303 3793 tempori·
1351 3783 1357 3810 Ι

49 3818 105 3884 bus
140 3818 354 3882 obsolevisse.
383 3818 467 3881 Nam
499 3820 541 3884 de
578 3822 695 3884 eadem
724 3841 761 3884 re
791 3819 909 3882 iterum
938 3819 980 3883 ad
1002 3818 1158 3882 Senatum
1187 3815 1303 3878 retulit

49 3925 290 4012 Vespasianus:
313 3926 491 3991 Suetonius
516 3929 643 4010 Vespera.
666 3951 691 3989 a.
713 3928 763 3991 11.
793 3929 914 3989 Auctor
936 3927 1073 3988 Senatui
1082 3927 1153 4004 snit
1175 3925 1303 4006 Vespa-

50 4035 158 4098 sianus
177 4035 379 4108 decernendi,
393 4073 435 4081 —
450 4057 489 4096 nc
503 4039 782 4118 filiorumsamilr'ns
795 4037 1050 4122 foeneratoribus
1069 4033 1218 4113 erigendi
1234 4051 1302 4091 cre-

50 4144 107 4204 diri
118 4144 180 4224 jus
197 4165 343 4224 nmquam
360 4153 455 4216 esset,
478 4146 532 4204 boc
554 4153 615 4216 est,
638 4167 677 4207 ne
694 4154 766 4226 post
783 4155 913 4226 patrum
929 4143 1049 4225 quidem
1068 4147 1206 4200 mortem.
1228 4136 1303 4198 Hoc

51 4271 128 4312 sane
155 4249 291 4313 credere
316 4250 440 4314 malunt
456 4251 651 4314 Torrentius
669 4254 711 4313 ad
727 4252 911 4314 Suetonium
930 4259 964 4312 et
978 4248 1057 4311 Ant.
1079 4243 1302 4327 Schultingius

50 4358 231 4440 Jam‘sprad.
246 4362 440 4442 Antejusta'n.
451 4382 485 4441 p.
498 4358 569 4422 278.
585 4381 692 4444 quam,
709 4360 799 4444 quod
817 4359 918 4442 vulgo
936 4351 1138 4436 existimant,¹
1157 4371 1301 4417 errorem

52 4465 137 4529 inre
161 4474 227 4532 tam
244 4488 357 4552 parum
380 4467 516 4551 antiqua
537 4467 721 4555 obrepsisse
746 4467 926 4548 Suetoni0,
951 4461 1196 4532 adcuratis'simo
1223 4460 1302 4524 scri-

52 4573 150 4654 ptori.
172 4573 292 4661 Neque
308 4577 394 4640 enim
416 4597 522 4640 rarum
540 4598 629 4661 esse,
646 4577 754 4662 ajunt,
777 4584 813 4641 ut
828 4578 905 4662 jura
919 4573 985 4638 illis
1007 4580 1173 4656 tamquam
1190 4577 1304 4634 aucto-
1395 4659 1396 4664 γ

894 4781 896 4785 .
984 4743 1053 4808 ’μ’
