3080 5154
395 371 450 440 lin
474 373 571 441 duna
594 373 682 442 Nar.
707 373 819 443 Ganr.
843 393 891 442 nr
917 372 990 444 Crv.
1279 385 1327 454 Μ

80 547 208 610 clientes
226 545 351 630 officia,
370 551 407 611 et'
420 547 524 611 utilii
539 550 641 632 gratis
659 548 866 633 plebejorum
883 549 1043 615 curabant
1062 528 1215 636 nepotiac
1234 553 1281 619 ita
1292 563 1327 622 et

78 655 107 716 bi
121 645 277 738 pecunias
295 655 366 718 sine
379 654 520 718 foenore
540 655 730 720 credebant.
745 657 883 742 Dionys.
904 657 1076 724 Halicarn.
1090 662 1133 724 ΙΙ.
1145 661 1197 724 10.
1222 661 1327 750 [ᾼάἆ.

78 762 176 824 Tacit.
192 765 316 824 Annei.
348 763 400 825 VI.
422 761 491 848 le]
520 762 630 840 Quum
658 784 739 848 ergo
762 765 859 829 initio
883 785 902 828 e
925 765 1074 849 patriciis
1096 767 1160 831 suis
1185 769 1325 854 quisque

77 868 245 932 clientibus
267 867 310 932 de
326 870 404 953 jure
421 870 658 955 responderet:
678 879 796 955 postea
817 872 966 936 omnibus
987 857 1232 940 consulentibus
1247 899 1327 961 pro·

76 975 187 1037 miscue
206 997 245 1037 se
273 977 352 1040 dare
376 984 569 1061 coeperunt,
592 987 627 1042 et
654 979 789 1062 quidem
816 980 971 1043 mercede
995 981 1165 1046 conducti:
1190 991 1225 1046 et
1246 983 1325 1048 inde

77 1081 236 1146 obsolevit
253 1084 421 1168 antiquum
439 1085 525 1151 illud
539 1087 595 1170 jus
618 1092 822 1169 patronatus,
844 1088 982 1172 natique
1003 1097 1078 1152 suut
1093 1088 1324 1172 jureconsulti,

77 1190 126 1272 qui
131 1190 199 1274 jam
209 1191 461 1276 respondebant
472 1193 514 1256 de
525 1194 615 1277 Jurc,
629 1215 824 1278 caussasque
835 1203 986 1279 egerunt,
996 1202 1096 1278 atque
1108 1197 1325 1278 adeoomnia,

77 1319 151 1379 quae
161 1299 249 1362 olim
263 1306 475 1382 patronorum
490 1301 632 1390 fuerant,
648 1301 682 1366 in
699 1321 734 1364 se
749 1301 992 1366 transferebant
1007 1301 1128 1366 officia.
1143 1303 1326 1386 Vidprae·

77 1413 120 1466 ter
131 1405 183 1468 Fr.
197 1407 428 1470 Brummerum
449 1407 491 1471 V.
506 1407 543 1472 C.
559 1409 604 1470 od
611 1408 730 1491 Legem
746 1411 893 1472 (iinciom.
910 1409 972 1474 Ge.
992 1409 1164 1474 Sebubart.
1179 1412 1218 1474 dc
1234 1413 1326 1476 Face
1443 1413 1448 1422 ’

77 1512 199 1594 turepr.
219 1515 314 1578 Rom.
328 1516 354 1576 Ι.
369 1514 424 1576 15.-
433 1537 467 1596 p.
479 1514 530 1578 29.
551 1515 650 1578 Unde
670 1515 769 1580 facila
790 1516 887 1580 reddi
901 1517 1030 1601 poterit
1043 1517 1140 1599 ratio,
1156 1537 1214 1580 cur
1223 1516 1327 1601 pleri-

79 1639 133 1700 que
145 1618 376 1686 Jureconsulti
394 1630 524 1686 veteres
547 1622 671 1688 ordinis
697 1623 821 1688 fecefint
842 1624 995 1708 patricii?
1015 1645 1072 1688 cur
1090 1629 1224 1706 parona·
1233 1625 1325 1706 dicti,

79 1726 127 1808 qui
140 1749 271 1792 caussas
288 1731 447 1813 agebant5
464 1751 521 1792 our
531 1730 750 1813 jureconsulti
777 1740 876 1816 atque
897 1732 1050 1796 advocati
1075 1751 1144 1813 eos,
1166 1755 1186 1796 a
1208 1731 1326 1816 quibus

79 1833 313 1900 adhibebantur
330 1837 364 1900 in
380 1837 564 1918 consilium,
579 1840 705 1902 uasta
725 1839 894 1904 vocarint?
915 1839 982 1904 Cur
997 1839 1075 1924 jure
1093 1840 1200 1904 veteri
1220 1845 1256 1902 et
1266 1859 1327 1922 por

78 1941 174 2024 legem
201 1943 353 2008 Cinciam
391 1945 568 2028 gratuitum
597 1965 667 2010 esse
697 1953 870 2028 oporteret
901 1946 1136 2036 adyocatorum
1161 1946 1327 2012 officium?

78 2048 249 2113 Bmmmer.
265 2054 286 2112 t.
305 2073 331 2113 c.
346 2073 372 2114 c.
382 2051 512 2128 3-11.
528 2052 677 2131 (etcum
693 2052 742 2116 his
754 2053 918 2136 Pompon.
932 2053 973 2116 L.
984 2053 1015 2116 2.
1030 2055 1061 2136 s.
1073 2053 1124 2118 85.
1138 2055 1180 2118 D.
1194 2055 1234 2118 do
1248 2053 1326 2117 (Η.

79 2164 107 2218 et
117 2157 220 2242 Hugo
233 2157 275 2222 R..
292 2157 334 2224 G.
352 2180 384 2243 p.
398 2158 550 2223 110.111.
563 2181 595 2243 p.
608 2159 798 2224 458-461.
814 2161 931 2242 nunt.)

648 2313 677 2394 §.
698 2309 750 2374 31.

432 2427 518 2486 Quale
529 2429 579 2500 jur
588 2387 769 2499 jurecondulti
790 2426 964 2479 condiderint.

141 2522 235 2589 'Tria
249 2545 332 2590 vero
349 2532 422 2589 sunt
434 2549 556 2593 sunnna
575 2530 694 2617 cupita,
719 2529 835 2612 quibus
854 2525 1147 2618 jurisprudentiam
1173 2524 1326 2611 locuple-

79 2637 183 2696 tarunt
194 2631 432 2716 jureconsulti:
466 2635 492 2699 Ι.
510 2653 678 2701 norronns
703 2652 815 2712 nno1s;
847 2635 892 2699 II.
911 2651 1185 2698 ruranrnnrnrro
1200 2634 1325 2719 legum,

83 2749 112 2802 et
123 2741 183 2804 111.
200 2743 403 2823 NovUntws,
420 2743 510 2827 quod
530 2742 639 2824 (velut
659 2743 919 2830 interpretaturi,
937 2764 974 2805 ac
990 2741 1044 2805 vel
1063 2743 1216 2825 maxime,
1227 2763 1324 2826 quum

81 2857 167 2913 caute
189 2849 419 2914 concinnando
454 2850 668 2934 formatur),
701 2860 769 2916 tum
800 2849 967 2912 fictionum
1000 2859 1325 2935 commentorumque
1418 2936 1423 2942 ι

80 2977 136 3040 ope
150 2962 183 3038 ⁸)
201 2959 402 3021 invexerunt
420 2963 459 3040 t).
482 2959 598 3039 Mart.)

401 3227 526 3280 Actiones
544 3226 607 3296 lepis
626 3245 642 3280 a
651 3225 844 3297 jureconsultis
862 3225 991 3278 inventae.

154 3343 322 3392 auribnus
348 3344 444 3394 cuuis
467 3328 548 3412 quid
574 3328 707 3408 fuerint,
728 3329 798 3412 jam
823 3347 919 3410 supra
946 3332 995 3389 est
1016 3347 1036 3388 a
1059 3322 1155 3387 uobis
1178 3321 1328 3407 explica-

80 3439 138 3495 tum
158 3436 208 3514 (in
232 3436 389 3498 Prooem.
412 3436 473 3517 6.).
506 3435 572 3499 Eas
594 3456 674 3499 vero
700 3457 720 3498 a
741 3432 978 3517 jureconsultis
1001 3432 1174 3495 maximam
1199 3439 1327 3515 partem

82 3559 143 3604 esse
169 3545 335 3625 inventas,
366 3543 504 3628 adparet
533 3563 576 3605 ex
595 3543 633 3606 Ι).
653 3543 683 3606 2.
707 3543 735 3625 5.
758 3541 788 3604 6.
813 3543 853 3603 Ι).
878 3541 918 3602 dc
941 3541 1028 3622 Ortg.
1047 3541 1117 3624 jur.
1141 3537 1247 3602 Cicer.
1265 3560 1328 3622 pro

81 3647 228 3714 Muraena
251 3651 302 3714 11.
323 3651 373 3714 12.
403 3653 447 3716 Et
466 3651 543 3737 hinc
566 3673 627 3714 eae
649 3650 691 3715 ad
713 3648 879 3734 singulare
905 3647 1011 3712 veluti
1025 3645 1327 3730 jureconsultorum

138 3856 167 3922 r)
187 3856 255 3908 Vid.
273 3873 300 3908 v.
318 3874 342 3908 c.
361 3856 393 3908 11.
408 3859 451 3908 29.
470 3856 506 3908 D.
528 3855 560 3906 dc
578 3854 653 3918 liber.
671 3861 780 3924 etpost.
806 3851 893 3906 Mtte.

139 3943 167 4007 a)
189 3941 225 3992 V.
245 3956 316 4009 quae
335 3939 406 3992 infra
423 3941 445 4008 ἕ.
462 3944 507 3992 37.
532 3945 778 3992 commemorantia
799 3938 935 4003 exempla.
955 3963 987 3978 ·-·
1006 3936 1080 3988 Num
1102 3940 1213 4002 propter
1230 3935 1328 3988 naccoe

81 4031 236 4089 commenta,
255 4039 405 4092 eorumque
418 4023 517 4077 similia
533 4025 714 4092 (vetutiliud‚
732 4021 777 4074 oui
787 4023 897 4091 quercia
906 4020 1049 4074 inofficiosi
1064 4018 1218 4072 testamenti
1232 4034 1327 4084 super-

82 4112 174 4162 structa
190 4115 242 4174 est,
261 4111 309 4161 Pr.
322 4109 350 4161 J.
361 4115 389 4160 et
401 4110 433 4160 Ι..
447 4114 473 4162 2.
492 4109 528 4162 D.
543 4111 575 4162 de
591 4111 669 4180 inoff
687 4111 771 4176 tem),
788 4107 889 4177 quibus
907 4108 1017 4172 plenum
1034 4108 1092 4172 erat
1105 4103 1154 4170 jus
1176 4100 1329 4156 aPrnden-
1417 4122 1427 4140 =

82 4191 143 4246 tibus
158 4195 347 4256 constitutum,
364 4191 440 4246 idem
457 4193 505 4260 jas
523 4198 725 4248 commentitiam
745 4193 781 4245 sit
798 4193 962 4258 appellatum
980 4204 996 4240 a
1014 4190 1103 4240 Paulo
1117 4189 1168 4254 (L.
1179 4193 1221 4242 tete
1240 4189 1277 4242 I).
1296 4189 1328 4242 dc

78 4281 186 4348 pomis),
203 4280 326 4348 anquirit
342 4279 551 4345 Bynkersbock.
569 4281 675 4332 observ.
694 4296 720 4346 p.
742 4283 781 4332 16.
800 4276 888 4329 Mitti.

140 4367 165 4432 t)
186 4367 334 4420 Caeterum
350 4363 421 4416 inter
439 4379 533 4416 omnes
551 4370 666 4429 constat,
679 4369 766 4417 totum
784 4363 852 4416 illud
867 4363 923 4429 jus,
943 4359 1016 4429 quod
1034 4362 1156 4410 veterum
1168 4358 1328 4411 auctoritate
1383 4379 1394 4394 ·
1444 4379 1452 4446 p

83 4448 219 4509 mutorum
234 4451 421 4504 introductum
440 4455 489 4514 est,
507 4448 739 4515 interpretationis
755 4447 865 4503 nominc
882 4445 998 4500 venisse.
1017 4441 1148 4509 erinctit.
1166 4445 1247 4496 ineat.
1260 4450 1327 4495 orat.

84 4529 139 4586 Lt.
154 4535 212 4590 init
240 4534 330 4588 Mittit.
446 4545 451 4554 ·
