3056 5154
339 341 444 426 Qun
471 341 570 432 Mon.
597 340 779 412 Tenemus
805 339 1015 412 Oruronrro.
1231 353 1303 420 589

45 516 241 582 facultates:
263 517 321 599 (L.
340 517 391 580 25.
406 517 436 599 §.
449 516 500 579 16.
517 518 557 577 D.
579 516 618 578 de
633 518 711 580 Her.
729 521 810 600 pet.)
829 517 893 598 ita,
909 518 966 603 qui
988 518 1076 582 bona
1098 518 1211 585 bastae
1227 524 1304 587 sub-

35 627 135 710 jecta
152 624 286 708 publica
307 623 469 688 auctionis
490 621 568 710 lege
585 625 757 704 emebant,
773 632 908 689 sectores
924 625 1133 724 dicebanture
1157 626 1226 692 Cic.
1242 651 1303 711 pro

45 733 136 794 Sext.
159 733 275 796 Rosa‘o.
290 733 397 794 Amer.
417 752 441 792 c.
464 730 515 792 29.
541 731 663 793 Ascon.
681 731 848 795 Pedianus
868 736 901 794 in
925 732 1052 795 Verrem
1075 734 1114 795 de
1138 736 1304 800 Praetura

44 841 114 900 arb.
129 860 157 901 c.
177 839 226 899 19.
243 846 276 902 et
294 837 345 899 23.
363 859 395 919 p.
413 835 464 899 84.
484 836 584 900 5188.
606 837 723 902 Florus
740 839 783 900 II.
798 838 828 900 6.
845 839 997 924 adeoque
1014 845 1107 902 secteb
1128 841 1216 905 idem
1242 852 1303 926 est,

45 967 83 1008 ac
104 943 235 1021 auctio,
254 942 341 1029 apud
359 944 545 1007 Varronem
567 945 605 1005 de
622 965 659 1006 re
678 951 798 1008 rustice
816 947 857 1008 II.
872 945 921 1008 10.
943 945 1054 1010 Μ1555
1075 969 1155 1034 ergo
1178 951 1304 1014 verosi-

46 1053 135 1116 milis
159 1062 209 1116 est
223 1051 315 1134 prior
333 1051 509 1132 sententia,
524 1051 715 1135 permissum
733 1052 859 1116 scilicet
874 1053 973 1117 fuisse
985 1053 1215 1138 creditoribus,
1231 1080 1304 1121 cor·

44 1183 107 1244 pus
123 1159 276 1223 obaerati
293 1157 465 1222 dissecare.
489 1158 572 1236 Quis
588 1159 676 1222 euim
695 1159 780 1223 adeo
797 1161 910 1224 fuisset
926 1161 1075 1244 stolidus,
1097 1171 1217 1229 utnon
1236 1187 1303 1229 ma-

39 1269 119 1352 jore
142 1268 253 1350 lucro,
271 1274 305 1328 et
329 1265 456 1329 minore
479 1266 726 1330 inhumanitatis
752 1266 857 1348 fama,
874 1267 1046 1334 servilibus
1072 1268 1302 1336 obaeratorum

46 1375 160 1458 operis
176 1375 239 1459 uti,
258 1373 311 1438 vel
326 1373 415 1458 ipsos
430 1383 519 1438 trans
535 1372 685 1438 Tiberim
701 1374 902 1438 venumdare
919 1375 1086 1442 maluisset
1101 1377 1132 1458 k)
1145 1384 1156 1440 1

634 1547 662 1628 ς.
684 1548 714 1608 a.

270 1665 406 1718 Possessio
426 1662 553 1716 honorum
572 1663 627 1732 lepe
646 1663 768 1715 Poetelio
788 1665 904 1732 Papirio
921 1665 1080 1719 introducta.

133 1763 243 1842 Quum
263 1786 343 1829 vero
368 1773 401 1827 et
417 1766 463 1827 sic
484 1763 694 1828 inhumanior
717 1785 846 1847 semper
861 1763 931 1827 visa
953 1765 995 1827 sit
1015 1763 1074 1828 lex
1095 1762 1153 1829 illa
1169 1764 1303 1830 decem-

48 1873 178 1937 viralis:
198 1871 302 1936 multo
318 1879 393 1954 post
414 1870 483 1934 lata
499 1879 548 1934 est
563 1871 606 1935 A.
622 1871 664 1934 U.
680 1870 716 1935 C.
732 1888 919 1934 ccccxxvii.
935 1871 966 1954 ¹)
984 1871 1042 1935 lex
1058 1890 1224 1937 rosunum
1242 1892 1303 1938 es-

50 1997 162 2061 eiam,
181 1980 217 2042 C.
235 1979 392 2044 Poetelio
408 1979 539 2042 Libone
555 1977 673 2041 Visolo
696 1987 730 2042 et
745 1981 783 2042 L.
804 1979 942 2062 Papirio
958 1978 1099 2043 Cursore
1114 1963 1302 2064 Mugillano

49 2089 145 2150 Coss.
159 2109 199 2150 ne
212 2093 295 2168 quie,
310 2091 374 2148 nisi
386 2092 442 2166 pm·
452 2105 565 2147 noxum
583 2089 764 2157 1555515551,
781 2087 876 2147 donee
886 2107 1020 2167 mom
1041 2090 1158 2161 lueret,
1175 2092 1208 2150 in
1224 2109 1303 2151 com·

44 2195 180 2278 pedibus
197 2203 254 2256 eut
270 2199 302 2256 in
324 2214 419 2256 nmen
442 2199 621 2255 teneretur:
634 2196 789 2271 pecuniae
807 2192 945 2253 creditae
964 2193 1043 2254 bone
1063 2195 1221 2269 debitore,
1240 2217 1303 2258 non

49 2324 180 2384 corpus,
200 2303 364 2365 obnoxium
384 2310 474 2364 esset.
503 2300 554 2360 Ita
574 2301 650 2359 nesi
668 2299 779 2372 5015113·
800 2307 988 2381 cautumque
1011 2303 1043 2361 in
1064 2308 1239 2381 posterum,
1263 2324 1303 2364 ne

49 2418 270 2472 necterentur:
289 2409 362 2475 Liv.
381 2410 468 2470 VIII.
483 2404 534 2468 28.
549 2405 658 2470 Varro
674 2407 837 2488 delinges
852 2407 907 2466 151.
922 2406 988 2468 Lib.
1011 2406 1062 2468 VI.
1078 2405 1119 2491 [*
1122 2429 1157 2489 p.
1173 2408 1243 2472 101.
1260 2430 1303 2472 ex

49 2519 122 2580 edit.
147 2514 294 2600 Reponi]
322 2515 548 2579 Tertullianus
571 2516 759 2595 Apologetio.
778 2535 804 2576 o.
825 2512 856 2576 4.
875 2511 960 2591 (Cic.
984 2514 1022 2576 de
1040 2515 1299 2597 5515111134.)

50 2627 142 2707 Ergo
159 2643 203 2685 ex
223 2623 287 2685 boc
303 2632 453 2708 tempore
473 2620 613 2685 cessavit
630 2620 862 2684 obaeratorum
888 2619 1055 2684 addictio:
1079 2623 1220 2687 cessavit
1241 2623 1303 2688 du·
1350 2593 1354 2608 ι

51 2733 118 2796 ctio
141 2723 359 2815 musteum,
385 2730 486 2816 idque
516 2736 642 2794 tantum
673 2729 864 2810 permissum
892 2729 1125 2813 creditoribus,
1154 2741 1188 2794 ut
1213 2735 1302 2796 bona

49 2838 275 2924 possiderent,
294 2859 400 2922 eaque
417 2837 539 2901 deiude
555 2835 741 2899 venderent
756 2835 888 2917 publice
901 2839 954 2916 ¹²¹).
1097 2829 1103 2841 '

120 3080 153 3146 k)
175 3078 277 3130 Contra
301 3077 403 3140 sentio,
427 3074 596 3143 probavique
620 3069 685 3126 olim
705 3071 732 3143 [⁸
750 3072 824 3125 Obie.
834 3075 895 3142 jar.
920 3075 999 3128 Rom.
1018 3077 1043 3130 I.
1063 3075 1115 3146 16.]
1139 3075 1249 3129 uberius
1267 3077 1302 3128 dc

50 3165 170 3218 sectione
184 3179 331 3230 corporum
342 3160 543 3228 intelligendam
561 3161 656 3226 legem,
674 3173 763 3226 neque
784 3157 879 3210 duram
897 3163 945 3211 aut
963 3160 1099 3212 crudelem
1111 3160 1203 3213 tuisse.
1218 3161 1302 3212 Cena.

49 3252 93 3304 Ad
111 3247 324 3304 famosissimum
342 3249 414 3300 buno
431 3249 536 3310 locum,
555 3245 589 3298 de
607 3243 726 3297 sectione
744 3241 873 3295 debitoris
895 3242 923 3295 in
946 3249 1052 3308 partes,
1071 3244 1217 3310 scriptores
1234 3243 1302 3296 Hei·

49 3335 142 3388 neccio
150 3332 313 3389 recentiores
323 3330 462 3399 praecipui
471 3335 576 3398 praeter
588 3329 682 3382 Herm.
693 3328 917 3394 Cannegieterum
930 3334 1007 3382 sunt:
1018 3329 1062 3382 Jo.
1072 3330 1116 3380 Fr.
1125 3329 1219 3395 Jugler
1227 3327 1301 3380 Dias.

51 3416 139 3470 Dubio
166 3419 198 3470 de
225 3419 336 3470 sectione
367 3413 512 3468 debitorum
544 3415 616 3482 apud
641 3414 776 3466 Romanos
799 3414 1011 3482 interpretationi
1034 3413 1301 3482 Bpnkershoelionoe

49 3503 186 3570 opposita.
204 3502 280 3568 Lips.
300 3507 376 3556 1741.
392 3506 418 3554 4.
435 3505 463 3553 51
479 3500 522 3552 Jo.
543 3500 644 3566 Taylor
666 3499 763 3552 Comm.
782 3501 818 3552 ad
833 3500 930 3568 Leqem
954 3497 1149 3552 decemviralem
1175 3499 1205 3549 dc
1224 3499 1301 3566 inope

49 3587 165 3640 debitore
183 3588 210 3640 in
223 3595 318 3656 partes
335 3585 494 3638 dissecando.
513 3585 641 3639 Cantabr.
660 3589 733 3638 1742.
746 3590 772 3638 4.
794 3584 866 3637 5115
887 3583 1067 3652 Fellcnbergii
1084 3583 1314 3651 Jarisprudentic.

48 3683 102 3726 ont.
121 3665 161 3726 '1'ss
173 3673 194 3726 l.
212 3688 239 3739 p.
258 3677 310 3726 565
327 3701 357 3712 -
373 3675 433 3725 600.
457 3669 547 3722 Haud·
571 3670 643 3723 Add.
667 3669 791 3722 Niebuhr
816 3668 894 3722 R'o'm.
924 3669 1016 3722 Geech.
1038 3671 1073 3721 ll.
1090 3686 1117 3735 p.
1135 3671 1195 3722 670.
1213 3667 1247 3719 50
1265 3667 1301 3720 11.

48 3757 171 3825 Savigny
190 3757 207 3810 1.
226 3757 243 3808 1.
260 3773 288 3822 p.
306 3755 669 3820 82.Bethmann·H011weg
688 3753 705 3806 1.
721 3753 737 3806 1.
752 3770 779 3819 p.
794 3757 853 3807 300.
879 3757 923 3807 Ex
940 3754 969 3806 hi
988 3755 1098 3822 quidem
1116 3770 1178 3806 cum
1196 3752 1301 3806 Caune-

47 3843 153 3910 gietcro
178 3841 310 3906 sentiunt,
329 3838 453 3907 proprie,
471 3840 529 3892 sive
551 3841 586 3893 ad
609 3840 692 3892 fidem
715 3837 873 3903 verborum,
891 3854 951 3892 esse
972 3837 1160 3906 intelligenda,
1179 3854 1248 3907 quae
1267 3837 1301 3889 de

48 3927 175 3980 debitore
191 3925 220 3978 in
238 3933 328 3994 partes
348 3924 510 3978 dissecando
528 3940 544 3976 a
562 3923 698 3977 veteribus
716 3924 867 3976 traduntur.
885 3923 1049 3976 subdubitat
1066 3923 1147 3976 etiam
1161 3925 1245 3989 Hugo
1265 3923 1301 3973 11.

50 4015 84 4067 G.
107 4029 136 4079 p.
156 4015 216 4065 353.
239 4019 311 4078 etp.
330 4016 390 4064 355.
416 4013 471 4063 501.
489 4013 514 4062 2.
540 4009 638 4063 Varias
662 4008 801 4061 variorum
824 4009 875 4060 bac
900 4008 933 4060 de
956 4025 986 4059 re
1008 4007 1154 4060 sententias
1179 4011 1302 4058 recenset

47 4097 190 4150 Zimmem
209 4096 293 4149 111151.-
308 4097 391 4147 Proe.
409 4095 429 4162 ξ.
447 4097 490 4147 46.
505 4110 531 4160 p.
548 4097 605 4146 1³4.
618 4110 657 4162 sq.
672 4099 728 4149 not.
746 4099 786 4149 17.
800 4123 834 4132 -
849 4093 992 4146 Caeterum
1011 4091 1122 4144 sectoris
1140 4092 1301 4144 vocabulum

46 4181 118 4236 nibil
137 4182 219 4234 babet
235 4198 378 4234 commune
396 4197 459 4233 cum
470 4179 523 4234 ista
537 4177 667 4232 debitoris
681 4179 709 4232 in
727 4183 819 4245 partes
837 4179 964 4232 sectione.
982 4175 1045 4228 Vid.
1060 4191 1129 4243 quae
1141 4190 1224 4240 supra
1241 4173 1301 4227 Lib.

22 4269 25 4274 '
48 4269 84 4320 11.
106 4265 160 4318 Tit.
179 4265 366 4336 XV11.ad§.
388 4272 428 4319 ll.
447 4265 591 4318 observata
608 4268 686 4325 sunt;
705 4266 778 4317 unde
796 4264 980 4317 emendandus
998 4261 1049 4313 erit
1067 4263 1175 4314 Auctor.
1194 4257 1279 4312 Miihl.

120 4352 145 4418 1)
166 4351 236 4415 Seu,
254 4358 285 4405 ut
308 4351 430 4420 plerique
453 4354 571 4414 malunt,
590 4347 825 4403 ccccxxviu.
849 4349 911 4402 Alia
936 4344 1089 4412 suspicatus
1115 4348 1155 4396 cst
1179 4341 1301 4394 Niebuhr

50 4437 132 4490 Ram.
155 4436 249 4488 Gesch.
271 4439 302 4489 Τ.
321 4438 370 4490 111.
388 4453 415 4501 p.
436 4440 492 4488 178.
510 4451 551 4504 sq.
570 4431 657 4486 Mitti.
764 4457 767 4468 ·

122 4522 164 4588 m)
185 4522 327 4584 Quaerunt
345 4520 457 4574 eruditi:
476 4525 609 4590 quatenus
626 4519 683 4583 lege
702 4516 824 4570 Poetelia
838 4516 895 4583 juri
914 4512 1061 4583 antiquiori
1079 4512 1236 4577 derogatum
1251 4511 1301 4565 5111
