3062 5164
210 421 283 489 294
580 354 763 480 Aorurmx
785 411 863 478 Lm.
888 409 915 477 l
941 410 1027 478 Gar.
1054 407 1098 475 ll.

211 588 502 680 Histlllbper
526 607 631 651 manes
653 595 882 668 orosamotqoc
903 585 1460 666 mariammes-ose

213 702 346 762 melitum
362 701 562 779 spuriumque
569 698 688 777 frangi,
701 716 803 778 neque
816 697 851 755 s'n
869 695 942 774 ejus
960 697 1095 754 abatob's
1105 694 1165 773 jus
1184 694 1297 772 νεώρι’,
1315 713 1460 774 quoepcr

213 827 266 870 eos
287 809 321 866 r‘u
346 805 381 865 id
397 807 500 884 Ipsum
521 806 716 885 peramabsct
733 803 915 882 fastigium,
933 823 995 882 per
1016 801 1101 881 quod
1120 801 1258 860 mee
1271 801 1411 881 ejudem
1432 811 1462 861 ct

213 914 316 996 gantis
334 919 366 973 et
387 914 567 990 samotra,
584 919 623 971 ut
638 919 785 972 externos
802 911 990 990 ultrumque,
1003 908 1158 985 sostidr‘re
1171 915 1287 986 posset.
1310 906 1459 990 Denique
1520 929 1525 940 ¹

214 1017 473 1098 observandum,
486 1017 635 1098 Latinos,
655 1015 931 1100 quemadmodum
953 1015 1098 1099 legionis
1108 1015 1164 1098 jus
1179 1013 1267 1076 baud
1287 1013 1458 1094 habebant,

213 1127 263 1190 ita
279 1145 342 1189 nec
361 1123 480 1186 eodem
496 1123 616 1204 modo,
634 1144 702 1207 quo
723 1122 845 1186 milites
859 1122 1030 1185 Romanos
1052 1122 1152 1184 fuisse
1170 1121 1361 1205 castigatos.
1382 1121 1459 1182 Nam

214 1241 250 1296 et
263 1232 365 1317 virgis
380 1232 616 1312 caedebantur,
625 1252 707 1314 quas
721 1252 820 1314 quum
833 1253 853 1293 a
864 1230 1060 1292 Latinorum
1071 1229 1211 1292 militum
1227 1249 1381 1312 corpore,
1390 1229 1457 1311 lege

215 1340 413 1405 auctoritate
430 1339 570 1403 Senatus
591 1339 676 1419 lata,
691 1358 864 1401 removere
879 1343 1025 1400 tentaret
1039 1337 1087 1398 Μ.
1103 1337 1217 1400 lirim
1232 1338 1376 1417 Drusus,
1392 1336 1460 1398 Tri-
1526 1335 1527 1428 l

218 1449 322 1510 bunus
339 1447 464 1530 plebis:
486 1469 558 1510 eam
577 1446 687 1531 legem
704 1465 881 1529 numquam
903 1447 1120 1508 observarunt
1141 1445 1385 1528 Imperatores,
1401 1445 1459 1528 qui,
1526 1439 1527 1528 ζ

214 1564 343 1617 remoto
360 1547 525 1639 virgarum
544 1562 649 1634 metu,
666 1555 701 1615 iu
716 1554 825 1615 officio
845 1573 880 1613 se
901 1553 1073 1614 continere
1091 1553 1271 1614 exercitum
1291 1573 1390 1634 posse
1407 1572 1458 1612 ue·
1526 1551 1527 1580 ¹

215 1664 353 1745 gabant:
373 1661 488 1745 Sigon.
506 1662 543 1722 de
558 1665 686 1742 antiquo
694 1664 773 1744 jure
786 1661 859 1722 Ital.
877 1662 902 1720 1.
917 1661 947 1721 4.
959 1682 994 1742 p.
1010 1660 1083 1722 496.
1103 1659 1300 1743 Exemplum
1324 1659 1459 1742 Turpilii

214 1776 265 1832 est
285 1768 374 1852 apud
396 1767 528 1831 Sallust
551 1769 591 1830 de
613 1769 690 1829 bello
707 1768 857 1850 Iugurtb.
876 1789 902 1828 c.
920 1767 971 1828 65.
996 1769 1112 1830 Iussus
1135 1789 1156 1828 o
1178 1767 1304 1828 Metello
1322 1787 1458 1828 caussam
1526 1791 1527 1840 a

213 1878 325 1948 da‘ccre,
340 1884 510 1958 postquam
522 1896 640 1956 porum
654 1897 689 1936 sc
697 1884 831 1957 purgat,
851 1877 1093 1949 courdernnotns,
1109 1877 1338 1956 aebmatusquc
1360 1877 1459 1956 capitis
1526 1889 1527 1946 t

208 2003 329 2065 poenas
344 1984 443 2046 solvit.
464 1983 549 2043 Nom
562 1987 589 2043 rs
604 1985 678 2044 cives
693 2003 733 2042 eo
747 1982 840 2043 Lato
852 1991 932 2044 erat.

790 2150 820 2230 §.
839 2149 892 2210 91.

680 2265 773 2316 Latini
788 2281 824 2316 aa
841 2263 992 2317 tributarii?
1526 2293 1527 2330 p

294 2381 349 2445 De
372 2398 531 2446 sarsoris
548 2383 741 2445 Latinorum
768 2381 852 2444 nibil
869 2383 1024 2465 reperio,
1043 2381 1106 2444 nisi
1127 2379 1217 2464 quod
1241 2381 1357 2444 durior
1375 2403 1412 2443 ea
1431 2381 1460 2442 in

212 2511 248 2552 re
265 2490 365 2553 fuisse
381 2489 514 2554 videtur
528 2490 739 2572 Latinorum,
756 2510 853 2574 quam
870 2490 1005 2570 civium,
1022 2488 1181 2552 conditio.
1204 2488 1365 2567 Quamvis
1382 2489 1460 2551 enim
1526 2471 1527 2542 l

213 2617 271 2659 eos
288 2597 329 2658 ab
346 2595 469 2658 exteris
490 2618 558 2659 nou
573 2599 689 2682 magis,
708 2618 805 2682 quam
822 2597 910 2659 cives
925 2618 1018 2678 suos,
1034 2597 1165 2660 tributis
1180 2597 1460 2682 vectigalibusque
1526 2661 1527 2670 χ

211 2703 343 2766 onerari
357 2703 501 2767 Romani
523 2713 734 2787 paterentur,
756 2713 857 2790 atque
877 2703 955 2766 binc
977 2703 1011 2767 in
1031 2705 1304 2768 Ambracensium
1328 2705 1460 2767 foedere

211 2813 388 2886 cavissent,
406 2819 443 2872 ut
457 2813 682 2875 Ambrocenses
694 2817 847 2895 portorio,
864 2817 921 2894 qui
939 2814 1067 2884 velleret,
1087 2823 1244 2893 caperent,
1263 2813 1341 2874 dum
1362 2835 1462 2874 eorum
1526 2889 1527 2898 ἵ

210 2923 291 2980 ciues
311 2919 451 2979 Romani
463 2927 493 2980 ct
503 2919 624 2981 Iotabe·
639 2925 717 2982 socii
731 2924 883 2981 Immunes
900 2929 1022 2982 essent:
1039 2921 1112 2982 Liv.
1129 2919 1321 2982 XXXVIII.
1336 2921 1388 2982 44.
1404 2917 1462 3001 ipsi
1526 2937 1527 2950 ¹

209 3033 321 3088 tamen
336 3024 481 3087 Romani
497 3048 517 3089 a
531 3027 658 3089 Latinis
671 3027 794 3090 tributa
811 3035 846 3090 et
857 3027 1036 3110 vectigalia
1052 3028 1244 3112 exigebant,
1256 3029 1344 3091 adeo
1356 3036 1394 3091 ut
1409 3047 1461 3090 eos
1481 3063 1487 3078 ·

209 3135 429 3213 subaudiamus
451 3131 601 3216 adpellet
618 3135 732 3198 Livius
757 3135 844 3198 VIII.
857 3134 887 3197 8.
906 3143 942 3197 et
963 3136 1051 3218 apud
1066 3135 1211 3219 Appian.
1228 3137 1267 3204 de
1286 3137 1373 3196 bellis
1389 3137 1462 3196 ciart.

209 3237 279 3302 [7.
295 3240 338 3302 de
360 3239 455 3302 sociis
479 3239 626 3322 dicatur,
648 3263 706 3304 eos
735 3244 895 3305 ma'lr’tando
912 3253 942 3305 et
968 3246 1087 3306 tributa
1108 3242 1295 3320 conserendo
1313 3251 1462 3325 gravatos

209 3367 285 3409 csse.
307 3347 407 3409 Unde
431 3367 497 3410 nou
518 3357 646 3411 temere
668 3348 824 3432 colligas,
848 3350 1109 3413 tolerabiliorem
1126 3349 1259 3434 quidem
1282 3349 1347 3411 hac
1369 3349 1403 3411 iu
1417 3369 1461 3428 re,

210 3475 307 3538 quarn
327 3453 489 3518 Italorum
515 3462 549 3517 et
570 3455 841 3542 provincialium,
870 3458 1037 3521 duriorem
1060 3467 1191 3540 tamen,
1215 3477 1313 3542 quam
1337 3457 1461 3535 civium,

211 3559 310 3624 luisse
327 3562 521 3627 Latinorum
539 3562 775 3627 conditionem.
1004 3573 1009 3580 '

785 3719 814 3798 §.
836 3717 889 3780 92.

628 3832 731 3904 Anjos
748 3832 888 3886 habum'm
903 3832 1045 3902 mffropr'i?

292 3925 383 3991 Illud
405 3949 486 3991 vero
508 3934 822 4012 praestantissimum
848 3940 920 3997 erat
935 3934 990 4017 jus
1015 3932 1230 4019 quorumdam
1258 3933 1461 4014 Latinorum,

212 4032 301 4120 quod
317 4035 394 4118 jure
416 4051 592 4101 suuraacu
616 4041 801 4125 gauderent
823 4061 866 4104 ex
891 4041 1048 4124 foedere,
1072 4062 1138 4127 quo
1163 4061 1220 4103 eos
1240 4040 1461 4104 obstrinxerat

213 4139 352 4206 Cassius.
374 4141 462 4206 Sanc
481 4145 646 4210 Hernicos
666 4157 700 4212 et
714 4149 852 4212 Latinos
874 4149 917 4213 ad
940 4149 1078 4212 serenda
1094 4147 1247 4232 suffragia
1267 4145 1370 4209 fuisse
1385 4168 1462 4210 evo·

213 4256 319 4330 catos,
336 4249 475 4335 adparet
496 4273 538 4314 ex
553 4255 650 4318 Livio
667 4256 772 4317 XXV.
788 4256 818 4318 3.
839 4264 873 4318 et
892 4257 1029 4339 Dionys.
1046 4255 1155 4320 Halic.
1181 4255 1267 4316 VIII.
1284 4253 1336 4314 77.
1367 4253 1461 4317 Atta-

213 4375 288 4418 men
314 4378 357 4419 ue
379 4359 413 4422 in
440 4380 481 4422 co
507 4362 639 4445 quidem
668 4385 776 4447 aequo
800 4386 871 4428 cum
899 4365 1024 4427 civibus
1044 4365 1121 4448 jure
1148 4360 1349 4448 gaudebant.
1380 4361 1460 4423 Nam

212 4461 320 4545 Primo
334 4473 405 4527 uon
423 4476 517 4532 erant
537 4480 649 4534 certae
665 4471 765 4535 tribui
782 4471 948 4556 adscripti,
965 4481 1065 4556 atque
1081 4469 1160 4556 inde
1176 4469 1284 4533 sortiri
1298 4467 1460 4545 solebant,

208 4568 270 4664 ubi
287 4569 413 4636 ferrent
433 4574 596 4659 suffragia.
619 4577 694 4655 Qua
712 4579 755 4642 de
769 4601 806 4642 re
824 4579 938 4643 Livius
954 4578 1023 4642 XX
1026 4579 1061 4640 V.
1075 4577 1106 4643 3.
1126 4579 1265 4642 termus
1279 4577 1381 4648 dotto,
1397 4576 1462 4636 ΊΗ.
