3062 5156
226 407 300 473 202
671 401 745 469 Lm.
772 402 798 469 1.
823 401 903 469 Tm.
928 401 1038 469 XXV.

227 593 410 660 surronns,
432 577 550 663 quibus
571 575 711 657 tutelam
731 585 766 640 et
787 576 988 640 curationem
1008 583 1144 660 possent
1164 593 1327 641 recusare.
1353 578 1426 644 Imo
1446 587 1476 644 ot

228 707 362 749 caussae
379 693 489 766 eraut,
505 692 643 768 propter
661 705 741 769 quas
756 686 955 748 arcebantur
969 707 990 747 a
1007 683 1114 748 tutela
1133 684 1232 746 etiam
1246 683 1315 767 illi,
1333 685 1392 770 qui
1411 706 1475 748 eam

227 814 293 856 non
309 801 515 874 recusarant,
535 813 615 876 quas
630 792 716 876 ipsas
735 813 870 876 quoque
889 792 1157 856 excusationibus
1177 799 1321 856 tutorum
1339 800 1375 854 et
1390 813 1477 856 cura-

171 949 173 952 .
228 908 334 963 torum
350 899 530 962 adcensent
542 900 565 962 J
567 899 632 978 cti,
649 899 767 982 quibus
782 917 952 964 Excusant
967 899 1129 982 dicuntur,
1148 899 1248 962 etiam
1268 900 1325 984 qui
1341 921 1409 962 nou
1425 900 1476 962 ad-

227 1009 400 1084 mittuntur
415 1006 469 1070 vel
483 1007 716 1090 prohibentur:
732 1008 769 1068 L.
780 1007 809 1068 1.
821 1008 849 1088 S.
864 1006 894 1069 3.
911 1009 949 1068 Ι).
965 1009 1004 1070 de
1017 1009 1138 1070 Portet.
1154 1009 1199 1088 l’).
1213 1008 1355 1090 Propria
1369 1007 1475 1091 itaque

227 1113 322 1177 Jctis
344 1121 394 1178 est
419 1114 502 1177 haec
527 1112 682 1177 vocabuli
703 1114 812 1194 notio,
834 1123 869 1176 et
892 1122 959 1177 tam
983 1115 1103 1179 abusu
1125 1123 1272 1195 remota,
1291 1122 1328 1178 ut
1349 1113 1475 1194 Graeci,

229 1242 327 1306 quum
345 1219 449 1283 verba
465 1224 698 1304 nanciscimini,
714 1219 950 1302 ἀπολογεῖσθαι,
968 1225 1220 1304 προφασίζεσθαι
1234 1221 1325 1284 illam
1340 1242 1409 1284 non
1424 1243 1475 1284 ex·

227 1328 358 1392 haurire
382 1328 701 1410 animadverterent,
723 1332 860 1392 verbum
885 1327 1039 1391 Latinum
1066 1327 1300 1407 ὲξκουσατεύειν
1320 1327 1475 1413 adoptare

227 1460 294 1500 non
311 1437 510 1501 dubitarint:
525 1435 729 1521 Harmenop.
745 1439 929 1499 Promtuor.
947 1437 990 1498 11.
1010 1437 1040 1498 5.
1055 1435 1085 1498 6.
1101 1437 1127 1497 Ι.
1143 1435 1195 1499 30.
1210 1435 1261 1499 80.
1280 1435 1370 1500 Add.
1384 1437 1427 1501 V.
1440 1435 1476 1500 A.

229 1543 326 1608 Corn.
344 1567 408 1608 van
422 1543 605 1627 Bynkersh.
627 1545 698 1607 ota.
714 1545 771 1605 IV.
788 1543 839 1606 11.
850 1565 884 1625 p.
895 1541 967 1606 385.
986 1567 1032 1626 sq.
1051 1552 1086 1607 et
1101 1545 1200 1607 Licin
1215 1550 1328 1608 nostra
1340 1548 1411 1627 jur.
1428 1548 1476 1606 cic.

228 1674 288 1715 seo.
304 1653 371 1715 oret.
387 1653 504 1714 Institi.
521 1653 549 1732 §.
565 1647 637 1714 288.
658 1651 711 1714 Ex
726 1673 792 1736 quo
806 1650 902 1714 simul
919 1659 1024 1736 patet,
1044 1653 1078 1716 in
1095 1653 1134 1714 L.
1145 1651 1196 1715 11.
1208 1653 1249 1713 D.
1263 1654 1303 1713 rte
1315 1653 1476 1714 Decurr'on.

228 1781 296 1824 non
321 1779 409 1839 esse,
434 1758 524 1844 quod
546 1779 607 1842 pro
627 1775 804 1822 ExcusARn
828 1759 1045 1823 rescribamus
1066 1776 1261 1824 uxcunmnn
1279 1780 1352 1822 cum
1373 1757 1477 1842 Cujac.

234 1868 305 1928 Oba.
320 1867 442 1927 XXVI.
455 1865 506 1928 38.
522 1865 621 1929 Unde
634 1867 705 1950 jam
720 1867 951 1930 excusationes
970 1867 1088 1930 merito
1105 1868 1140 1932 in
1153 1884 1406 1950 VOLUNTARJAS,
1422 1883 1477 1929 Na-

229 1989 409 2038 OESSARIAS
429 1981 464 2036 et
477 1990 607 2038 MIXTAS
626 1972 880 2058 distinguuntur.

814 2131 894 2212 §.L

601 2244 754 2300 Ετεεεεαόαε
770 2247 796 2299 Ι.
812 2264 938 2300 numerus
956 2245 1108 2300 liberorum.

312 2349 426 2412 Prima
440 2370 563 2432 caussa,
575 2369 682 2432 eaque
693 2364 924 2430 vooun'ranm,
937 2356 987 2412 est
997 2363 1160 2412 numanus
1177 2364 1387 2429 Linunonuu,
1402 2369 1480 2432 quo-

229 2476 299 2521 rum
318 2464 384 2519 tres
403 2457 539 2520 Romae.
553 2463 727 2538 excusant,
750 2456 785 2519 in
800 2455 901 2520 Italia
918 2466 1064 2538 quatuor,
1088 2465 1123 2520 et
1144 2457 1178 2520 in
1197 2455 1380 2540 provinciis
1398 2458 1479 2538 qnin-
1524 2519 1525 2542 p

231 2585 307 2646 que:
314 2583 367 2645 pr.
379 2566 456 2627 Inst.
470 2567 499 2626 Ιι.
514 2576 536 2627 t.
550 2569 592 2646 ο).
612 2565 689 2628 Hoc
704 2585 803 2650 quum
820 2563 862 2627 ad
877 2564 1037 2627 famosum
1053 2563 1138 2627 illud
1151 2565 1207 2649 jus
1223 2559 1332 2645 trium,
1345 2571 1480 2648 quatuor
1524 2547 1525 2557 ¹

154 2660 156 2664 ’
231 2678 266 2734 et
282 2671 427 2756 quinque
442 2670 623 2736 liberorum
639 2672 821 2757 pertineat:
837 2674 937 2757 quale
952 2673 1036 2738 illud
1052 2671 1163 2756 fuerit,
1176 2693 1220 2736 cx
1234 2672 1479 2757 antiquitatibus
1523 2753 1524 2760 ἵ

230 2777 389 2844 Romanis
406 2779 470 2843 erit
482 2780 597 2864 paullo
613 2781 710 2846 altius
724 2781 955 2864 repetendum.
1523 2775 1524 2863 i

815 2959 843 3040 §-
863 2957 894 3020 ε.

376 3073 433 3126 Gur
450 3074 568 3127 Romani
584 3093 601 3128 a
618 3075 715 3144 nuptiis
733 3083 760 3125 et
775 3075 962 3142 procreatione
981 3072 1124 3128 liberorum
1142 3072 1350 3128 abhorruerint?

314 3173 461 3240 Plurimi
470 3175 708 3256 Romanorum,
723 3174 789 3237 dici
803 3196 870 3239 nou
883 3182 1007 3259 potest,
1024 3185 1182 3260 quantum
1199 3176 1353 3261 anuptiis
1367 3173 1479 3239 abbor-

230 3282 366 3346 ruerint.
389 3263 531 3347 Cbussae
550 3283 644 3368 hujus
660 3284 709 3345 rei
730 3283 859 3368 variae,
876 3304 1004 3349 amores
1019 3285 1133 3348 furtivi
1147 3285 1193 3368 ἆ),
1210 3284 1342 3348 luxuria
1365 3290 1479 3346 matro-

231 3411 363 3466 narum,
386 3390 432 3453 de
452 3414 517 3476 qua
543 3392 717 3476 eleganter
736 3391 844 3456 Plaut.
865 3392 933 3454 Mil.
959 3394 1089 3456 Glorior.
1112 3395 1172 3454 III.
1189 3393 1220 3454 1.
1241 3413 1269 3454 o.
1289 3391 1341 3454 92.
1362 3413 1408 3474 sq.
1432 3388 1479 3474 [ct
1521 3407 1522 3473 p

231 3498 351 3561 Juveu.
373 3501 440 3562 Sat.
464 3499 516 3561 VI.
532 3519 560 3561 o.
578 3498 651 3585 25.]
675 3508 709 3563 et
731 3499 912 3585 praecipue
934 3499 994 3564 illa
1019 3501 1170 3564 orbitatis
1200 3498 1369 3585 praemia,
1402 3516 1479 3582 quae

301 3729 334 3796 s)
354 3728 460 3782 caeter.
471 3728 526 3782 vu.
539 3728 573 3780 aa
587 3728 661 3782 usur
673 3729 757 3783 Aru.
767 3730 796 3798 f.
811 3731 859 3784 av.
874 3731 927 3782 rr.
940 3730 993 3783 xi.
1005 3745 1032 3796 p.
1043 3733 1068 3782 a
1087 3733 1112 3782 a.
1130 3728 1268 3784 amman
1287 3729 1325 3782 n.
1345 3729 1379 3782 o.
1390 3729 1414 3798 §-
1428 3731 1480 3782 no
1520 3689 1521 3779 i

231 3813 297 3882 ibiq.
315 3819 371 3866 not.
389 3819 413 3867 4.
431 3819 457 3872 5.
475 3815 632 3868 Msrhlenbr.
651 3817 734 3868 doctr.
754 3817 842 3869 Pani.
859 3815 909 3868 III.
927 3813 948 3879 ξ.
965 3817 1026 3867 578.
1045 3820 1103 3873 not.
1124 3820 1163 3869 17.
1193 3814 1281 3866 Mitt.

301 3902 331 3964 c)
358 3899 415 3952 Vct.
434 3899 482 3952 Fr.
499 3900 520 3966 ξ.
541 3904 700 3956 168-170.
719 3903 740 3969 ξ.
760 3903 917 3954 191-199.
934 3897 1000 3967 ibiq.
1020 3900 1057 3952 de
1078 3901 1222 3954 Bnchhotn
1244 3900 1273 3952 in
1290 3907 1344 3952 not.
1371 3897 1483 3954 Rudorii
1519 3955 1520 3960 η

233 3983 596 4050 t.t'r.11.§.92.Mztil.

303 4067 335 4134 d)
356 4069 436 4120 Hauc
459 4085 583 4123 caussam
607 4071 667 4139 ipse
684 4071 811 4124 observat
828 4071 969 4135 Augustus
987 4067 1059 4137 Imp.
1075 4068 1148 4136 apud
1167 4066 1250 4120 Dion.
1270 4068 1349 4120 Cass.
1368 4067 1444 4120 LVI.
1459 4069 1480 4118 7.

232 4152 279 4204 ubi
304 4151 425 4205 invectus
447 4153 476 4207 in
497 4155 627 4211 caelibes:
648 4153 690 4208 Ου’
707 4153 757 4222 γάρ
775 4150 808 4221 δή
826 4154 913 4220 δήπου
931 4153 1069 4223 μοναυλίᾳ
1086 4154 1202 4219 χαίρετε,
1221 4151 1254 4204 ii
1273 4147 1337 4204 ἄνευ
1355 4149 1482 4220 γυναικῶν
1518 4199 1519 4230 2

233 4237 352 4305 δεάγητε·
372 4233 435 4291 οὐδὲ
453 4239 532 4305 ἔστιν,
551 4236 624 4299 ὅστις
642 4236 717 4304 ὑμῶν
734 4232 751 4306 ἢ
769 4247 878 4291 σιτεῖται
895 4239 995 4303 μόνος,
1012 4227 1174 4306 incertia
1185 4237 1275 4303 μόνος,
1287 4233 1349 4288 dit’
1359 4236 1482 4293 ἐξουσίαν
1518 4239 1519 4242 ’

233 4326 279 4374 καὶ
297 4319 415 4390 ὑβρίζειν
429 4327 475 4376 καὶ
490 4320 657 4389 ἀσελγαίνειν
674 4326 746 4388 ἔχειν
763 4322 879 4377 ἐθέλετε.
907 4326 998 4393 Neque
1023 4325 1091 4376 enim
1109 4325 1174 4377 adeo
1192 4340 1237 4376 not
1254 4321 1368 4376 solitudo
1386 4322 1483 4376 vivendi

234 4411 319 4478 capit,
336 4419 367 4462 nt
384 4408 480 4480 absque
498 4409 652 4463 mutieribus
668 4411 782 4479 «tepetis,
800 4429 832 4463 oc
849 4427 933 4480 neque
950 4417 1064 4462 oestrum
1083 4410 1219 4479 qnisquam
1237 4417 1289 4472 ert,
1308 4411 1482 4478 quantaene

234 4494 344 4564 lectique
361 4498 458 4550 sociam
476 4495 589 4551 Latent:
605 4497 654 4550 scri
669 4495 800 4549 licentiam
815 4495 918 4550 libidini
935 4513 967 4548 oc
980 4495 1102 4548 lucinae
1116 4503 1218 4548 vertrae
1230 4493 1396 4546 exercendae
1410 4507 1482 4562 quae
1517 4531 1518 4554 .

234 4582 301 4634 ritis.
320 4583 400 4636 Heia.

1510 5045 1516 5125 i
