3040 5164
647 570 732 633 LIB.
755 570 800 634 II.
824 569 914 632 TIT.
933 569 1008 634 le

803 717 839 754 1111

222 829 649 907 USUCAPIONIBUS
675 829 744 932 ΕΤ
770 827 940 904 LONGI
965 825 1236 902 TEMPORIS
1262 825 1407 900 PRAE-

587 949 995 1064 SCRIP'IIONIBUS
1010 952 1057 1044 ι).

279 1117 390 1181 Modis
405 1114 603 1201 adquirendi
617 1138 725 1180 rerum
742 1116 937 1197 dominium,
948 1116 1025 1200 jure
1043 1114 1133 1178 civili
1149 1112 1311 1194 inventis,
1327 1112 1436 1176 adcen-

197 1227 299 1290 senda
324 1225 422 1288 etiam
444 1233 493 1288 est
517 1226 750 1306 USUGAP10,de
777 1245 842 1308 qua
865 1223 929 1286 hoc
950 1223 1049 1286 titulo
1072 1223 1141 1306 agit
1161 1223 1354 1307 Imperator.
1374 1219 1436 1280 Nos

196 1355 264 1397 rem
281 1355 324 1396 ex
339 1333 536 1418 antiquitate
554 1331 802 1418 explicabimus.

781 1475 809 1554 9-
832 1472 863 1534 1.
930 1456 933 1464 ’

619 1584 747 1652 Urucapia
765 1583 785 1634 e'
788 1584 856 1653 jure
873 1581 963 1634 Attico
981 1591 1027 1633 est.

279 1685 541 1768 Usucapionem,
566 1706 651 1769 quae
675 1694 710 1748 et
733 1706 810 1746 usus
837 1687 1009 1747 auctoritas
1023 1684 1054 1762 b)
1084 1679 1172 1744 dicta
1194 1679 1376 1761 veteribus,
1398 1699 1431 1740 ex

192 1794 268 1878 jure
284 1793 399 1856 Attico
423 1793 464 1856 ad
482 1793 652 1856 Romanos
667 1791 816 1872 fluxisse,
834 1791 1009 1854 admodum
1032 1789 1068 1852 fit
1085 1788 1272 1853 verosimile
1288 1793 1329 1870 ο).
1349 1787 1434 1850 Plato

199 1910 301 1981 certe,
319 1901 424 1984 quiin
441 1900 609 1986 plerisque
626 1900 745 1963 talibus
760 1901 815 1984 jus
829 1899 977 1962 Atticum
994 1896 1086 1980 sequi
1104 1896 1200 1979 solet,
1216 1897 1429 1980 usucapionem

199 2029 332 2093 quoquc
351 2007 496 2072 admittit
511 2009 545 2071 in
569 2031 626 2071 sua
646 2007 826 2092 republica.
847 2006 926 2070 Vid.
949 2007 1049 2069 Plato
1066 2009 1104 2068 de
1119 2007 1217 2088 Legg.
1238 2003 1283 2089 [⁴¹
1295 2003 1356 2065 Lib.
1369 2003 1435 2064 XII.
1507 2027 1508 2036 ¹

193 2139 228 2199 p.
244 2115 315 2178 203.
332 2137 376 2198 sq.
397 2118 472 2200 Opp.
493 2120 618 2178 Plataa.
639 2117 703 2177 Vol.
719 2116 777 2177 IX.
793 2137 829 2176 es·
848 2117 919 2176 edit.
937 2109 1078 2198 Reponi]
1101 2113 1168 2175 Sed
1192 2113 1323 2189 nonnisi
1346 2111 1435 2194 mobi-
1507 2087 1508 2106 ¹

198 2224 295 2304 lium,
313 2224 429 2307 quibus
453 2225 479 2286 si
495 2224 566 2308 quis
589 2233 704 2308 aperte
725 2225 812 2286 intra
834 2223 947 2284 urbem
963 2243 1024 2305 per
1041 2243 1173 2299 annum,
1188 2222 1256 2285 ruri
1280 2241 1341 2304 per
1355 2219 1438 2304 quin-

200 2333 376 2417 quennium
391 2315 466 2395 usus
487 2333 545 2415 sit,
568 2310 799 2416 usucapionem
822 2330 1018 2414 completam
1044 2352 1114 2392 esse
1125 2331 1280 2415 jusserat.
1302 2331 1402 2391 Porro
1416 2327 1437 2389 si

199 2441 266 2505 ruri
282 2440 412 2503 occulte
428 2461 481 2502 res
496 2440 684 2530 haberetur,
699 2461 801 2524 usque
817 2439 859 2501 ad
877 2439 1073 2502 decennium
1089 2439 1248 2502 vindicari
1269 2459 1341 2502 earn
1355 2457 1438 2522 posse

199 2547 345 2628 volebat,
358 2548 407 2609 sin
420 2556 514 2610 extra
528 2549 741 2630 territorium,
753 2548 906 2611 adversus
919 2567 1137 2635 possessorem
1153 2555 1322 2634 aeternam
1339 2554 1437 2609 aucto-

199 2656 331 2719 ritatem
347 2656 420 2717 fore
437 2654 667 2720 denunciabat.
689 2658 733 2719 Et
749 2656 791 2719 ad
812 2654 905 2739 leges
921 2654 1051 2718 Atticas
1067 2654 1182 2739 procul
1198 2655 1302 2718 dubio
1319 2652 1437 2738 respicit

200 2765 362 2828 Isocrates
377 2764 412 2826 in
422 2765 610 2827 Archidamo
627 2763 752 2850 [*'0pp.
768 2765 916 2825 Isocratis
932 2765 1013 2824 Tam.
1026 2764 1067 2824 II.
1077 2785 1110 2844 p.
1126 2763 1177 2826 28.
1195 2784 1237 2825 ex
1253 2764 1334 2826 edit.
1346 2762 1440 2825 Atha-

270 2956 302 3021 a)
321 2953 471 3007 Universus
493 2954 537 3007 hio
554 2957 630 3008 Iocus
645 2960 703 3008 tum
721 2955 862 3008 Heincccii
879 2955 975 3008 adhuc
989 2960 1077 3006 aetate
1094 2958 1210 3008 multum
1225 2953 1294 3006 lucis
1314 2951 1441 3019 accepite

201 3041 296 3092 Franc.
315 3039 376 3091 Car.
394 3039 678 3106 Conradii‘praeclara
697 3055 788 3106 opera,
807 3056 862 3109 qua
875 3047 966 3094 tamen
983 3041 1086 3092 Auctor
1104 3055 1171 3091 usus
1183 3054 1240 3091 non
1258 3044 1314 3092 est:
1334 3037 1440 3090 Historia

201 3125 388 3192 usucapioaum
415 3134 440 3176 et
465 3125 538 3192 loapi
561 3127 686 3194 temporis
710 3127 969 3194 praescriptionum
993 3125 1144 3190 praemissa
1172 3123 1269 3191 Tripae
1296 3121 1439 3182 libertorum,

202 3209 293 3280 quihus
308 3211 378 3280 jura
399 3211 588 3278 usucapiaaum
607 3216 656 3262 etc.
682 3197 921 3282 explicantur'etc.
940 3209 972 3261 ah
997 3211 1086 3261 eodem
1108 3209 1240 3260 Couradio
1259 3209 1355 3261 editas.
1377 3207 1436 3270 Lips.

203 3299 279 3350 1728.
297 3301 323 3348 4.
336 3312 362 3360 p.
381 3296 498 3347 XIX—
509 3296 599 3348 XLII.
618 3300 677 3347 tum
695 3311 711 3346 a
730 3295 1018 3366 commentationibus,
1037 3310 1108 3362 quae
1125 3298 1286 3362 sequuntur,
1304 3288 1435 3346 nassau

149 3421 152 3426 .
201 3379 411 3434 recentioribus:
437 3381 536 3435 Christ.
560 3381 633 3434 Frid.
658 3380 750 3432 Pohlii
773 3380 847 3434 Diss.
868 3381 899 3431 de
924 3382 1023 3448 eripias
1050 3389 1127 3449 atque
1142 3381 1213 3447 satis
1234 3375 1440 3449 praescriptionis

203 3466 345 3533 Iaapissimi
364 3468 489 3534 temporis
512 3484 593 3535 usque
616 3466 652 3518 ad
673 3465 860 3518 Justiuiaaum.
878 3465 954 3532 Iiips.
975 3469 1049 3519 1779.
1068 3471 1093 3518 4.
1122 3467 1219 3532 Ejusd.
1239 3466 1310 3518 Diss.
1336 3465 1367 3515 ds
1382 3463 1441 3531 satis

198 3551 417 3618 praescriptionis
436 3552 578 3620 turpissimi
595 3550 719 3617 temporis
738 3568 770 3600 ea
792 3550 890 3618 lapibus
908 3552 1060 3602 Justiuiaai.
1078 3550 1114 3604 ib.
1135 3554 1210 3605 1780.
1228 3556 1252 3604 4.
1277 3551 1344 3602 Cari
1361 3547 1442 3601 Heius.

189 3635 274 3687 .Gros
300 3635 453 3688 Geschichte
475 3637 523 3687 der
549 3636 715 3705 Verjiihruap
738 3636 806 3688 uach
831 3637 889 3687 dem
916 3635 995 3688 Ram.
1014 3637 1124 3688 Rechts.
1150 3637 1224 3689 Giitt.
1247 3631 1442 3689 meuserit

202 3718 311 3786 primis:
331 3721 373 3772 die
382 3719 471 3773 Lshre
483 3739 533 3773 voa
546 3721 601 3772 der'
613 3720 778 3789 Verjiihrursp
792 3719 875 3772 durch
885 3721 1084 3788 sortpssetztea
1100 3723 1206 3784 Recita,
1219 3721 1375 3788 darpestsiit
1387 3715 1442 3771 uach

203 3806 254 3858 dea
274 3807 391 3858 Grauia
411 3807 455 3858 des
475 3807 559 3858 1111.
577 3821 631 3858 von
647 3807 711 3859 Cari
727 3809 798 3872 Aug.
816 3805 926 3858 Domin.
942 3805 1148 3859 Unterholzncr.
1166 3807 1255 3858 Bresl.
1275 3809 1352 3858 1815.
1370 3809 1394 3858 8.
1411 3801 1444 3854 CI.

202 3891 286 3956 Hugo
306 3891 341 3942 R.
364 3890 396 3943 G.
414 3907 442 3956 p.
454 3896 608 3946 217-225.
627 3907 655 3958 p.
673 3895 818 3946 asi—537.
836 3908 862 3957 p.
880 3895 940 3944 924.
959 3907 998 3959 sq.
1018 3909 1044 3958 p.
1058 3897 1132 3944 1120.
1151 3907 1192 3958 sq.
1207 3892 1263 3957 (ed.
1277 3893 1347 3961 XI.)
1367 3887 1444 3942 Haah.

203 3973 266 4029 vid.
281 3979 307 4026 et
324 3975 458 4041 prolixius
473 3975 681 4048 Unterholzneri
698 3992 778 4043 opus,
796 3973 840 4028 cui
858 3973 967 4028 titulus:
986 3975 1177 4043 Ausfuhrliche
1192 3965 1390 4043 Eatws'chelanp
1407 3975 1445 4024 der

201 4069 361 4128 pesammtea
387 4061 647 4130 Vcsjihruupslehre.
666 4065 697 4114 Τ.
715 4064 737 4115 I.
755 4064 794 4136 11.Ι
809 4061 902 4126 Leipz.
919 4066 993 4114 1828.
1008 4066 1032 4115 8.
1052 4061 1083 4114 C.
1105 4063 1135 4113 F.
1153 4061 1306 4114 Reinhardt
1324 4058 1366 4114 dis
1390 4062 1445 4111 asu·

203 4147 278 4214 capio
295 4163 320 4198 u.
341 4147 523 4213 Praescriptio
542 4148 586 4199 des
600 4148 680 4200 liius.
699 4147 808 4200 Rechts.
824 4148 923 4214 Stuttg.
940 4151 1016 4200 1832.
1035 4148 1082 4199 W.
1100 4148 1246 4200 Hameaux
1265 4149 1307 4198 die
1327 4143 1445 4212 Urucapio

202 4232 259 4282 uud
275 4230 347 4300 trapi
363 4238 440 4298 temp.
453 4249 575 4299 praescr.
594 4233 682 4286 Giess.
699 4237 773 4285 1835.
792 4236 816 4284 8.
836 4232 922 4284 Mart.

273 4317 305 4383 b)
327 4317 368 4368 De
387 4316 512 4370 dictionis
529 4335 591 4369 usus
611 4319 754 4393 auctoritas
769 4317 839 4384 (Cic.
857 4318 921 4386 Tap.
936 4336 960 4369 c.
972 4319 1013 4386 4.)
1028 4318 1085 4372 sive
1103 4337 1165 4371 usus
1184 4326 1209 4368 et
1227 4318 1371 4368 auctoritas
1384 4313 1444 4382 (cic.

205 4418 243 4452 or.
258 4418 311 4468 pro
332 4400 408 4453 Caso.
426 4421 449 4454 c.
467 4404 522 4469 19.)
543 4402 647 4468 origine
665 4417 697 4453 ac
723 4408 857 4467 potestate
874 4403 985 4468 copiose
1003 4403 1188 4470 disputarunt:
1207 4403 1444 4455 salmom-nosen

204 4485 270 4537 iiber
282 4485 434 4538 Domiaium
446 4504 473 4553 p.
484 4491 630 4540 233-296.
643 4491 669 4538 et
678 4488 712 4538 G.
726 4489 756 4539 F.
768 4489 876 4540 Puchta
888 4489 989 4541 cisilist.
1001 4489 1069 4541 Aba.
1083 4506 1156 4542 num.
1167 4495 1189 4540 1.
1202 4506 1229 4556 p.
1247 4493 1356 4540 13-66.
1370 4481 1445 4538 Mihi.

274 4571 303 4638 c)
325 4571 428 4625 Caeter.
447 4573 501 4627 vid.
518 4572 716 4625 Unterholzner
734 4574 802 4643 aasf.
822 4573 906 4628 Eatw.
926 4576 957 4626 Τ.
975 4575 996 4627 I.
1015 4575 1036 4643 §.
1054 4579 1079 4627 8.
1102 4572 1188 4626 11711111.
