3040 5164
1496 191 1507 216 q*

217 569 383 655 expedire
396 567 568 632 videretur
580 573 627 650 s),
646 566 735 632 unde
750 576 785 632 et
799 581 1008 636 vonvttrsnn
1031 567 1123 630 dicti.
1143 567 1396 654 Adquirebetur
1411 566 1468 630 sci·
1508 570 1509 662 l

217 677 299 742 licet
312 676 478 740 hereditas
496 683 640 750 wetinus,
655 678 682 740 si
700 675 898 740 Charondae
914 674 1092 757 credimus,
1115 679 1268 750 addens,
1287 695 1349 758 pro
1362 675 1470 736 herede
1508 671 1509 730 ζ

216 790 371 868 gestione,
389 787 588 858 summme,
607 786 796 866 adgnits‘one.
818 783 984 847 Charond.
1003 786 1048 845 od
1068 784 1199 866 Ulpiani
1213 787 1348 868 Fruges.
1367 784 1469 844 XXII.

217 894 269 956 27.
292 893 349 976 qui
371 899 482 954 tamen
504 891 647 973 ¹l'allitur,
667 893 743 956 dum
764 892 1004 955 immixtionem
1024 891 1088 954 huc
1107 894 1227 972 refert,
1251 913 1352 978 quum
1371 911 1410 954 ee
1429 891 1467 953 ad

218 1001 360 1064 heredes
375 1020 450 1062 suos
466 1000 641 1083 pertineat,
657 1021 739 1085 qnos
754 1002 828 1084 ipso
836 1001 914 1085 jure
929 999 1071 1064 heredes
1090 1019 1161 1062 esse
1176 999 1329 1064 diximus.
1350 999 1467 1077 Quam-
1509 1047 1510 1050 η

217 400 291 465 sss
515 392 592 460 nn.
614 391 662 458 u.
685 389 767 459 ru.
792 389 903 458 xvu.
927 387 1056 460 xvnr.
1079 391 1173 462 xix.

51 1105 71 1141 ’·
164 1161 171 1166 .
218 1109 268 1172 vis
284 1115 392 1171 eutem
408 1112 503 1171 cretio
517 1115 552 1170 et
566 1109 661 1170 adun
680 1129 810 1193 semper
824 1118 919 1172 crant
940 1110 1151 1193 conjunctam
1174 1117 1285 1172 tamen
1307 1108 1387 1171 ideo
1408 1129 1466 1170 non

219 1216 279 1278 illa
294 1221 389 1278 erant
403 1235 593 1299 synonyma,
602 1216 653 1279 nti
663 1217 726 1279 sihi
741 1201 902 1300 persuasit
915 1216 1081 1280 Doncllus
1094 1219 1207 1280 Gomm.
1217 1220 1355 1300 juncta
1369 1214 1468 1278 Vite
1510 1238 1511 1298 t

219 1324 277 1386 sed
292 1331 383 1387 actus
398 1322 529 1386 diversi.
551 1323 658 1409 ldque
674 1323 729 1388 vel
744 1325 823 1388 inde
841 1331 945 1408 patet,
962 1326 1052 1410 quod
1068 1326 1223 1410 sequiore
1239 1347 1325 1389 aevo
1341 1323 1467 1385 heredi-

218 1441 269 1496 tas
286 1431 385 1494 etiam
409 1431 479 1493 sine
494 1432 644 1494 cretione
666 1433 828 1510 adiretur,
852 1433 950 1518 quale
973 1434 1184 1518 privilegium
1206 1434 1323 1514 metri,
1339 1431 1466 1516 patruis,

219 1540 359 1625 aliisque
375 1540 525 1623 cogrretis
541 1539 703 1604 tribueret
717 1541 966 1606 Constantinum
981 1542 1019 1603 Ι..
1034 1543 1064 1604 1.
1080 1549 1115 1606 et
1128 1541 1158 1604 2.
1178 1543 1211 1603 0.
1230 1542 1344 1603 llseod.
1361 1540 1400 1600 de
1413 1539 1465 1598 Ie-
1511 1596 1512 1606 ,

219 1654 275 1732 git.
297 1649 425 1710 hersds't.

820 1836 827 1850 .
846 1789 897 1850 14.

544 1903 632 1955 Oretio
650 1790 886 1974 hereditatis§qus'd
902 1915 928 1957 et
945 1905 1088 1976 quotuplex
1102 1905 1144 1974 b).

305 2015 434 2078 CRErto
453 2021 524 2077 erat
543 2022 633 2076 actus
654 2035 784 2096 eorum,
800 2016 856 2101 qui
879 2037 950 2078 cum
973 2017 1122 2102 cretione
1145 2022 1240 2079 erant
1260 2015 1395 2078 heredes
1416 2015 1465 2076 in-

221 2121 326 2186 stituti
340 2124 383 2202 i).
407 2121 488 2184 Cum
505 2120 652 2184 cretione
668 2121 841 2187 dicebatur
855 2123 1032 2204 institutus,
1048 2126 1101 2188 cui
1115 2133 1259 2188 testator
1276 2124 1464 2208 injunxerat,

221 2240 257 2293 ut
280 2229 500 2293 hereditatem
525 2237 685 2292 cerneret.
707 2230 757 2292 Ea
779 2232 882 2293 cretio
908 2240 979 2294 crat
1002 2231 1057 2295 vel
1082 2249 1254 2296 reserere
1279 2232 1336 2296 vel
1356 2248 1466 2294 luren-

221 2354 336 2402 rncrs.
359 2338 443 2400 Nam
467 2338 492 2400 si
516 2337 690 2420 scripserat
710 2347 865 2401 testator:
884 2355 999 2402 rrrrus
1018 2354 1466 2420 nennsnsro,cnnn1roous

221 2465 258 2511 nt
273 2463 394 2510 niseus
414 2463 553 2508 censens
573 2461 753 2526 Pnoxrnns,
775 2462 897 2521 Quibus
918 2463 1064 2526 screnis,
1082 2463 1311 2522 renatusque:
1328 2463 1400 2510 mss
1419 2461 1466 2508 1rs

222 2568 571 2636 csssvnnls,1tx}rnltsss
590 2568 693 2616 esso:
716 2553 879 2637 Ulpianus
898 2557 917 2616 l.
934 2576 959 2617 c.
978 2554 1007 2637 §.
1024 2553 1074 2616 27.
1097 2555 1193 2618 Haec
1214 2554 1360 2617 formula
1375 2551 1465 2638 perti-

221 2661 323 2725 nebat
339 2659 381 2722 ad
397 2663 560 2721 cretsbnem
573 2662 756 2742 perfectam.
779 2661 837 2722 Sin
853 2661 968 2724 ultima
982 2661 1085 2724 verba
1102 2669 1211 2724 essent
1222 2663 1362 2725 omissa:
1390 2661 1461 2724 dice

221 2770 320 2834 batur
334 2768 430 2830 heres
449 2767 614 2830 institutus
631 2789 702 2830 cum
726 2774 861 2830 cretione
880 2771 1076 2851 imperfecte,
1092 2771 1257 2855 itemque,
1274 2770 1302 2832 si
1324 2769 1404 2832 loco
1419 2787 1463 2830 er-

220 2871 445 2940 hercdationis
462 2874 625 2961 adjectum
643 2883 872 2956 esset,s1,non
891 2893 1070 2961 cnevnnrs,
1087 2896 1177 2941 runc
1199 2863 1350 2942 nisenus
1371 2889 1462 2940 nuens

221 3036 506 3052 ---—-——·-—

290 3133 323 3199 ς)
343 3132 383 3184 cf.
403 3130 557 3198 Gaj.11.§.
577 3134 623 3181 161
638 3133 732 3182 -163,
752 3128 838 3181 Mu'hl.

291 3217 323 3284 h)
343 3217 386 3267 Dc
408 3215 527 3267 cretione
550 3214 604 3268 vid.
623 3213 685 3278 Ulp.
705 3209 804 3266 XXII.
822 3213 843 3280 ς.
861 3217 936 3266 25-
948 3219 990 3268 34.
1011 3221 1038 3268 et
1055 3213 1117 3280 Gaj.
1134 3215 1170 3267 ΙΙ.
1188 3215 1209 3282 ξ.
1228 3219 1327 3269 164-
1343 3221 1396 3271 178.
1414 3219 1461 3268 187.

224 3307 282 3358 189.
302 3307 359 3355 190.
378 3300 466 3353 Miiht.

291 3387 316 3454 i)
336 3387 479 3440 caeterum
503 3384 631 3437 cretionis
654 3384 844 3436 solennitatem
862 3384 958 3452 priscis
982 3384 1093 3454 quidem
1119 3383 1289 3450 temporibus
1316 3385 1421 3438 omniuo
1438 3383 1465 3436 iu

223 3472 349 3524 adeunde
371 3471 519 3522 hereditate
537 3470 733 3522 observandam
758 3469 857 3533 fuisse,
875 3487 911 3521 ex
928 3485 961 3522 eo
980 3468 1071 3534 colligi
1090 3470 1205 3535 poterit,
1223 3471 1299 3538 quod
1322 3467 1466 3523 hereditatis

224 3555 308 3609 aditio
326 3556 395 3607 inter
413 3559 489 3606 actus
505 3556 635 3606 referetur
652 3554 795 3620 legitimos,
815 3555 929 3624 quinon
948 3554 1079 3619 recipiant
1096 3560 1315 3620 procuratorem:
1334 3557 1367 3607 L.
1386 3555 1466 3608 7711.

223 3644 255 3694 ds
272 3659 328 3710 rep.
336 3642 397 3711 jur.
414 3640 456 3693 Ol.
475 3640 536 3706 eaj.
553 3640 589 3690 11.
608 3639 629 3707 §.
652 3645 710 3694 167.
730 3644 787 3693 187.
807 3643 865 3692 189.
883 3638 930 3690 ubi
948 3638 972 3690 is
991 3655 1102 3706 quoque
1119 3639 1219 3692 dicitur
1236 3657 1348 3692 eernere
1373 3639 1466 3692 heredi

223 3736 310 3786 tatem,
329 3724 376 3793 qui
394 3730 484 3777 tamen
497 3741 552 3778 non
570 3731 628 3777 erat
645 3725 785 3778 institutus
804 3741 866 3778 curn
883 3724 1011 3776 cretione.
1026 3723 1090 3778 Vid.
1108 3729 1136 3776 et
1149 3724 1282 3778 Huschke
1301 3726 1416 3779 Μαι
1432 3725 1467 3774 des

224 3812 303 3866 Ith'm.
323 3812 359 3864 R.
371 3826 399 3876 p.
411 3816 463 3863 255
475 3814 569 3864 -258.
588 3810 715 3863 Meminit
733 3810 814 3862 etiem
832 3810 920 3876 Gajus
938 3808 1066 3862 cretionis
1085 3825 1101 3860 e
1118 3809 1239 3875 legitimo
1257 3811 1359 3863 herede
1377 3810 1467 3864 fecicu-

224 3899 283 3961 dee‚
298 3896 366 3962 11.§.
383 3900 441 3948 167.
459 3897 503 3947 Ex
521 3911 576 3964 quo
592 3895 701 3963 quidem
719 3895 846 3948 cretionis
864 3895 1020 3948 observatio
1039 3894 1073 3948 ab
1087 3893 1265 3947 institutionis
1283 3897 1405 3949 formula
1421 3910 1469 3946 ms·

223 3982 298 4034 xime
315 3982 432 4046 pendere
450 3979 553 4045 eoepit,
571 3997 622 4032 nec
639 3979 755 4046 amplius
778 3980 807 4034 in
825 3980 952 4047 legitimis
970 3979 1164 4033 hereditatibus
1189 3980 1345 4032 necessaria
1363 3978 1431 4038 min
1447 3981 1470 4026 st

223 4066 400 4122 nihilominus
418 4065 608 4132 imperatores,
628 4065 675 4132 qui
692 4067 843 4131 posteriorc
859 4070 946 4117 aetate
963 4053 1105 4128 vixerunt,
1123 4064 1152 4117 id
1170 4065 1223 4118 sihi
1240 4065 1400 4118 faciendum
1418 4077 1469 4114 esse

223 4156 369 4219 putarunt,
387 4156 419 4202 ut
436 4167 453 4202 e
472 4147 640 4202 solennitatis
667 4149 744 4201 illius
765 4151 951 4203 observandae
978 4147 1140 4202 necessitate
1162 4151 1316 4202 relaxarent
1340 4150 1469 4216 legitimos

223 4238 352 4298 heredes;
370 4237 409 4289 ite
427 4234 499 4287 enim
516 4234 676 4287 inveteravit
694 4235 822 4287 cernendi
839 4234 892 4287 iste
909 4236 1087 4287 consuetude.
1106 4235 1220 4289 Vide.
1239 4241 1262 4288 1.
1287 4233 1338 4286 Tb.
1360 4233 1426 4285 Uod.
1441 4231 1468 4282 de

224 4321 293 4390 legit.
310 4321 399 4374 hsrsd.
417 4322 450 4372 L.
471 4326 493 4372 1.
512 4321 562 4374 Th.
577 4320 606 4373 0.
624 4321 655 4371 de
673 4321 795 4381 cretione,
814 4320 857 4371 vel
873 4319 1000 4372 bonorum
1012 4321 1183 4388 possessione.
1200 4323 1237 4372 At
1250 4333 1307 4372 non
1325 4319 1422 4370 eedem
1434 4321 1468 4368 est

223 4409 275 4460 hec
292 4407 326 4459 de
343 4424 372 4459 re
391 4405 538 4472 peritorum
556 4404 696 4458 sententie.
715 4404 770 4456 Clr.
788 4405 941 4458 Wenckius
959 4406 996 4457 sd
1013 4405 1038 4458 h.
1051 4405 1068 4458 l.
1080 4406 1109 4458 in
1124 4420 1174 4457 sus
1189 4405 1252 4457 God.
1269 4402 1401 4456 Theodec.
1412 4399 1468 4453 edit

225 4508 251 4557 p·
269 4496 329 4546 201.
343 4506 384 4559 sq.
408 4491 491 4557 nugo
516 4492 552 4544 R.
573 4492 606 4543 G.
624 4491 677 4541 XI.
694 4504 720 4554 p.
741 4493 800 4544 254.
818 4489 874 4542 not.
892 4496 916 4542 2.
944 4489 1074 4553 Schilling
1099 4491 1176 4540 Bsm.
1198 4487 1264 4540 iiber
1289 4485 1467 4556 Rechtspescl.

225 4594 251 4644 p·
271 4581 312 4630 78.
331 4593 371 4644 sq.
389 4581 445 4628 not.
465 4578 521 4628 18³.
541 4573 627 4626 Mitti.
823 4565 825 4571 ⁴
