3030 5160
292 400 397 485 Qum.
423 399 523 472 Mon.
548 399 607 468 Bu
630 395 816 468 comm.
841 395 1016 468 Omana.
1208 403 1280 472 521

609 576 638 657 s
659 575 691 641 a.

252 691 383 746 Diversae
400 692 524 753 aerioma,
543 689 636 760 petbus
652 699 771 746 mm
789 689 927 760 “smus
941 691 1051 760 peritur.

100 794 256 859 Adcedit
267 794 309 858 V.
319 802 353 858 et
363 795 446 857 haec
455 791 654 874 differentia,
665 789 757 877 quod
766 790 917 855 diversae
934 813 977 854 ex
985 802 1095 854 mutuo
1106 792 1282 869 etsoanora

16 907 245 968 nascebantur
266 901 422 965 actiones.
446 901 598 963 Mutuum
626 899 711 960 enim
733 900 950 980 repetebatur
971 899 1183 963 condictione
1199 898 1282 961 certi

16 1033 58 1073 ex
74 1020 214 1074 mutuor
232 1031 285 1090 pr.
308 1010 386 1068 Inst.
405 1005 435 1065 lt.
451 1014 473 1066 t.
497 1002 614 1066 foenus
633 1003 765 1066 actione
786 1003 998 1068 Kalendarii:
1021 1003 1149 1088 Cujacii
1170 1007 1283 1068 Obser-

16 1127 92 1180 oatt.
109 1117 173 1176 XI.
188 1113 239 1177 37.
256 1135 341 1199 quae
357 1103 468 1176 tamen
484 1109 600 1198 procul
624 1109 726 1174 dubio
742 1111 805 1174 fuit
820 1111 947 1196 species
963 1111 1184 1177 condictionis
1200 1113 1282 1176 certi

16 1245 57 1286 ex
75 1220 253 1306 stipulatu.

515 1363 517 1368 ,
610 1327 639 1410 §.
660 1327 690 1390 6.

364 1445 489 1498 Mutuum
507 1452 533 1495 et
542 1442 653 1511 scenas,
671 1443 763 1512 quales
780 1446 950 1496 conbustus?

102 1547 153 1610 Et
171 1566 214 1610 ex
228 1543 278 1608 his
301 1543 401 1608 facile
426 1545 573 1609 solvetur
590 1544 752 1630 quaestio,
775 1544 881 1630 qualis
902 1542 1071 1610 veteribus
1088 1544 1189 1608 fuerit
1204 1566 1284 1607 con-

19 1662 149 1718 tractus
178 1653 346 1717 foenoris?
370 1653 535 1736 Diximus,
559 1673 632 1716 eum
656 1652 808 1736 proxime
831 1650 995 1716 adcedere
1019 1652 1061 1716 ad
1081 1652 1283 1716 locationem

20 1761 294 1842 conductionem,
314 1761 392 1846 quia
409 1761 500 1824 numi
520 1761 592 1826 usui
608 1760 728 1824 dautur
744 1768 778 1823 et
797 1761 1003 1845 accipiuntur
1014 1780 1075 1848 pro
1093 1769 1183 1824 certa
1198 1781 1285 1823 mer-

22 1871 114 1934 cede.
135 1869 236 1934 Unde
251 1868 411 1931 Horatius
428 1868 569 1938 Sarmoa.
584 1869 652 1930 Lib.
667 1869 764 1930 1.εαί.
774 1866 805 1929 2.
820 1889 847 1930 o.
858 1868 888 1931 9.

128 1987 244 2047 Omnia
259 2004 452 2045 conanum
469 1989 609 2046 coemant
624 1983 749 2045 obsonia
763 1959 891 2046 naurs.

23 2101 89 2164 Ubi
100 2103 198 2162 nami
207 2100 354 2162 conducta·
365 2105 440 2162 sunt
453 2098 593 2162 foenore
610 2098 715 2161 sumti.
731 2097 799 2160 Sed
815 2096 932 2162 foenus
946 2105 1057 2162 tamen
1070 2100 1205 2184 proprie
1217 2120 1284 2164 non

24 2217 71 2271 est
86 2207 231 2287 locatio,
248 2206 327 2290 quia
341 2225 512 2270 numorum
528 2228 596 2269 non
611 2225 697 2285 usus,
718 2204 778 2268 sed
795 2204 912 2268 abusus
936 2217 995 2267 est.
1019 2205 1178 2290 Adcedit,
1195 2209 1286 2293 quod

26 2323 200 2381 contracta
214 2314 384 2378 locatione
401 2313 517 2378 eudem
533 2334 586 2376 res
602 2311 774 2374 reddenda
797 2316 857 2393 est,
874 2319 1045 2375 contracto
1062 2312 1201 2377 foenore
1218 2335 1285 2390 non

25 2423 112 2487 item.
135 2423 250 2501 Quare
265 2422 300 2485 in
315 2421 455 2506 negotio
472 2419 620 2484 usurario
632 2418 759 2503 duplex
774 2418 955 2484 intervenit
970 2428 1168 2502 contractus,
1183 2422 1287 2486 mutui

27 2537 114 2615 puta,
133 2539 170 2595 et
185 2529 343 2611 foenoris,
359 2549 498 2614 quorum
514 2527 573 2593 ille
588 2548 635 2604 re,
659 2527 693 2591 id
711 2534 771 2609 est,
797 2527 960 2611 pecuniae
976 2528 1124 2611 datione,
1140 2527 1193 2593 hic
1211 2551 1287 2594 ver-

28 2641 86 2723 bis,
107 2639 147 2704 id
172 2645 232 2720 cst,
259 2637 474 2720 stipulatione
490 2637 519 2717 i)
538 2637 649 2700 initur.
677 2634 799 2721 Neque
824 2634 912 2699 enim
938 2635 1021 2700 citra
1038 2636 1285 2721 stipulationem

30 2746 146 2811 foenus
163 2743 430 2826 contrahebatur,
450 2743 513 2807 nisi
528 2744 693 2807 nauticum
707 2767 715 2806 e
729 2743 768 2805 1..
784 2745 813 2806 5.
829 2745 857 2825 §.
873 2743 904 2806 1.
927 2751 961 2807 et
982 2744 1021 2808 J..
1035 2745 1064 2807 7.
1081 2748 1124 2809 D.
1136 2747 1286 2810 daNaat.
1373 2797 1380 2809 .

23 2855 147 2930 fosnor.
163 2854 242 2917 item
267 2850 385 2915 foenus
407 2849 613 2934 reipublicae
636 2849 691 2913 vel
714 2871 847 2915 mensae
864 2852 1073 2935 argentariae
1088 2851 1134 2936 ¹¹),
1150 2863 1186 2918 ut
1202 2856 1286 2918 etin

30 2959 74 3024 his
89 2961 202 3043 rebus,
218 2979 304 3044 quae
319 2980 471 3022 mensura
489 2965 657 3022 constant=
675 2955 803 3047 Cujacii
826 2959 999 3024 Observatt.
1012 2961 1071 3026 IX.
1084 2959 1136 3025 15.

616 3115 645 3196 §-
667 3113 698 3176 7.

440 3231 499 3284 Lex
519 3229 589 3283 XII
607 3227 688 3282 Tam.
707 3227 739 3280 de
749 3227 877 3296 socam.

111 3333 161 3397 Ut
171 3353 252 3396 vero
263 3339 335 3396 tota
349 3332 399 3394 rei
410 3316 578 3395 usurariae
593 3330 679 3394 ratio
696 3350 737 3392 eo
751 3329 873 3392 rectius
882 3328 1102 3414 intelligatur,
1117 3331 1285 3396 sciendum

35 3451 88 3524 est,
108 3451 199 3504 aetus
216 3439 391 3502 admodum
413 3440 602 3517 arbisur'ssa
610 3439 762 3518 faenebre
780 3439 907 3513 malam,
924 3446 957 3499 ct
975 3438 1159 3500 seditsimam
1171 3440 1288 3502 discor·

35 3550 217 3631 diaramqua
236 3547 456 3610 creberrimam
473 3567 641 3609 caussam:
661 3566 757 3628 coque
772 3548 943 3618 cohibitum,
967 3550 1105 3627 antiquis
1122 3559 1290 3630 quoquest

36 3660 133 3719 minas
157 3659 312 3737 corruptis
337 3653 482 3716 moribus.
517 3653 603 3716 Nam
620 3655 724 3735 primo
748 3654 821 3715 XII
837 3654 951 3736 tabulis
971 3664 1131 3728 sanctam,
1159 3676 1200 3717 aa
1219 3657 1288 3737 qais

36 3764 313 3841 anciartosocaorc
326 3762 359 3841 ¹)
384 3763 517 3844 amplias
540 3769 711 3834 exerceret,
733 3781 827 3842 qaum
847 3771 943 3824 antea
955 3783 996 3824 ea
1014 3743 1139 3824 libidine
1152 3747 1287 3845 Iocuple-

37 3873 108 3932 tt'um
125 3875 324 3954 agitaretur.-
339 3869 475 3932 Tacitus
491 3869 609 3930 Annal.
629 3867 682 3930 VI.
696 3866 747 3928 16.
770 3866 870 3944 Quod
884 3867 1064 3931 unciarium
1076 3869 1194 3932 foenus
1208 3869 1287 3953 lege
1381 3923 1385 3932 ,

101 4077 131 4143 ἱ)
151 4077 257 4129 Paulus
274 4075 401 4130 seniendi.
414 4075 535 4141 Recepit.
551 4071 591 4124 ῙῙ.
611 4077 652 4126 14.
667 4077 690 4125 l·
710 4071 742 4125 Sl
750 4079 859 4139 pactum
868 4071 967 4122 nudum
981 4073 1012 4124 de
1019 4075 1190 4141 praestandis
1200 4075 1289 4126 usuris

38 4159 214 4230 interpositam
233 4161 275 4223 sit,
292 4157 390 4211 mallius
408 4164 447 4209 est
471 4157 610 4208 momenti:
633 4174 666 4207 aa
684 4155 754 4208 nudo
779 4153 846 4205 enim
868 4163 948 4222 pacto
972 4157 1043 4208 inter
1065 4160 1134 4212 aives
1152 4162 1289 4214 Romanos

39 4247 101 4297 actio
119 4263 173 4298 non
190 4245 317 4298 amciter.
338 4243 378 4294 Gi.
396 4242 430 4294 L.
448 4246 491 4294 24.
513 4242 549 4293 D.
569 4241 600 4292 ds
621 4240 788 4307 Praescript.
800 4236 871 4292 verb.
889 4241 971 4294 Heia.
1083 4253 1085 4257 '

102 4332 137 4397 k)
158 4328 292 4384 Mensarii
316 4327 454 4396 publicam
472 4325 606 4379 rationem
623 4322 814 4376 conficiebant:
841 4321 988 4389 argentarii
1011 4322 1154 4389 privatam.
1172 4327 1290 4396 Egregia

41 4423 106 4480 sunt,
125 4432 196 4485 quae
220 4416 254 4467 dc
278 4413 402 4482 utrisque
424 4412 550 4464 observat
571 4411 633 4462 Gar.
654 4407 784 4474 Sigonius
811 4407 843 4460 da
861 4416 916 4459 aar.
931 4408 999 4476 jars
1026 4409 1074 4460 αὐ.
1092 4409 1171 4461 Ram.
1190 4411 1230 4462 ΙΙ.
1249 4418 1289 4466 ll.

38 4514 62 4562 ιι.
73 4505 131 4552 ³2³.
143 4485 181 4571 iq.
200 4502 279 4552 nera.
297 4500 340 4550 oe
355 4496 513 4550 mensariis:
532 4496 661 4547 Dukerus
675 4487 777 4544 auara
790 4493 853 4545 vn.
871 4497 914 4556 21,
926 4496 952 4544 a
965 4493 997 4544 r.
1010 4492 1046 4544 11.
1064 4508 1091 4558 ρ.
1102 4495 1163 4544 ssu.
1182 4493 1271 4547 naua.

105 4586 134 4652 l)
155 4588 198 4638 De
217 4587 369 4653 quo-plura
388 4583 510 4636 dicentur
528 4579 598 4633 inira
614 4580 636 4645 ς.
658 4580 698 4632 18.
716 4574 803 4629 Milli.
