3130 5148
391 333 446 402 lln
470 332 566 404 duna
590 332 679 402 Nar.
706 333 817 402 Genu.
837 347 889 402 'nr
919 331 994 402 Crv.

639 510 684 591 q,
704 511 736 574 5.

585 624 778 693 Promulpotio.
815 655 817 661 ι

142 724 234 786 Hinc
250 743 354 808 porro
364 722 451 808 legis
464 725 666 810 sequebatur
676 727 895 808 promulgatio.
912 723 1054 790 Publice
1065 726 1154 791 euim
1171 725 1228 790 lex
1239 747 1319 812 pro-

67 831 260 917 ponebatur,
275 840 313 896 ut
329 831 472 918 quilibet
487 853 506 896 e
524 831 652 916 populo
670 853 743 896 eam
761 831 887 916 legere,
908 834 1114 916 expendere,
1139 841 1185 917 et,
1205 834 1317 900 seren-

68 941 146 1002 dane
164 947 265 1014 esset,
280 961 323 1004 an
338 939 552 1024 antiquanda,
569 959 680 1004 secum
701 947 847 1004 statuere
863 949 984 1024 posset.
1006 941 1156 1025 Spatium
1170 945 1319 1028 promul-

68 1047 206 1132 gationis
229 1055 302 1110 erat
318 1047 551 1122 manuninum,
572 1056 609 1110 ut
622 1046 680 1112 lex
703 1069 792 1112 nova
810 1048 909 1112 etiam
924 1071 946 1112 a
967 1049 1088 1117 rustica
1103 1049 1319 1135 plebe,.quae

68 1154 205 1238 singulis.
216 1153 373 1246 nundinis
388 1173 464 1218 rure
479 1153 515 1218 iu
530 1155 645 1220 urbem
659 1155 828 1237 veniebat,
843 1154 914 1240 legi
928 1157 1174 1242 ponderarique
1189 1166 1319 1242 posset:

68 1261 127 1326 cic.
141 1282 205 1344 pro
221 1263 310 1324 domo
328 1283 353 1324 o.
368 1259 417 1324 16.
434 1270 469 1325 et
487 1263 570 1326 Par.
589 1263 624 1324 V.
638 1284 665 1327 c.
676 1261 728 1327 11.
750 1263 878 1328 Manut.
893 1264 932 1326 de
947 1263 1048 1346 Legg.
1059 1287 1093 1346 p.
1106 1264 1179 1328 839.
1202 1265 1320 1332 Adde·

67 1369 326 1451 baturedictum‚
337 1376 374 1434 ut
383 1369 524 1452 populus
536 1372 570 1435 in
582 1371 768 1454 proximum
784 1370 1010 1435 trinundiuum
1022 1371 1057 1434 in
1068 1390 1184 1457 campo
1196 1373 1320 1438 Martio

68 1477 269 1541 conveniret.
286 1475 376 1541 Gell.
387 1477 598 1542 Noctt.Attio.
608 1478 701 1540 XIII.
712 1477 764 1539 14.
778 1478 823 1560 ¹).
838 1477 947 1556 Quum
957 1486 1068 1542 tamen
1078 1478 1158 1562 ipsis
1166 1479 1321 1544 nundinis

69 1607 131 1647 cum
146 1583 281 1670 populo
303 1594 405 1669 agere
426 1583 515 1648 baud
537 1583 672 1649 liceretc
695 1584 829 1660 comitia
858 1584 1054 1671 plerumque
1074 1587 1320 1671 insequentem

68 1693 145 1756 diem
171 1692 425 1756 indicebantur:
446 1691 595 1755 Macrob.
615 1693 749 1781 Satura.
766 1692 858 1758 1.16.
888 1695 932 1756 Et
950 1693 1000 1756 bis
1017 1694 1146 1757 demum
1169 1695 1321 1758 omuibus

69 1800 259 1892 observatis,
284 1791 586 1888 magistratuslquis
614 1816 775 1864 Portunus
796 1816 882 1864 JURa
907 1817 1074 1885 noussen,
1098 1819 1320 1880 Pol’unusous

66 1925 141 1972 lusa
158 1923 291 1974 scursa
307 1905 499 1970 dicebatur:
516 1906 585 1972 Cic.
602 1908 817 1990 Philippis
832 1907 883 1972 10.
898 1908 930 1989 ¹¹)
953 1906 960 1917 '

651 2059 680 2141 s.
702 2057 733 2122 o.

280 2173 413 2226 Recitatis
427 2189 480 2241 per
495 2182 672 2241 praeconem,
691 2191 739 2226 nee
756 2191 810 2227 nou
826 2175 913 2228 masio
931 2183 957 2227 et
973 2175 1107 2230 dismcsio.

145 2277 219 2339 Lex
235 2275 309 2358 ipsa
324 2273 494 2368 ferebatur
508 2273 542 2336 in
555 2277 695 2360 'comitisa
718 2273 797 2335 olim
820 2273 1012 2357 incoriatus,
1028 2282 1146 2358 postea
1162 2281 1197 2338 et
1211 2284 1322 2337 conlu-

69 2387 162 2456 ricls‘s,
181 2377 221 2445 'et
244 2383 379 2456 nuntia,
400 2380 442 2443 ad
465 2399 550 2465 quae
574 2379 631 2443 ubi
655 2381 796 2465 populus
818 2381 852 2444 in
874 2401 1017 2464 campum
1042 2381 1194 2446 Martium
1218 2381 1271 2446 vel
1287 2383 1322 2445 in

70 2557 287 2612 conurmabatur:
310 2555 370 2610 Liv.
388 2558 409 2609 1.
429 2562 470 2611 17.
493 2556 609 2624 Dionys.
625 2559 661 2612 ll.
679 2563 719 2612 14.
745 2559 800 2612 Sed
818 2563 914 2624 postea
932 2558 966 2622 Q.
984 2556 1121 2612 Publilius
1138 2556 1263 2610 Dictator
1288 2558 1321 2610 Α.

69 2645 99 2697 V.
110 2644 142 2695 C.
152 2647 212 2695 416.
231 2643 292 2707 lege
309 2643 364 2694 lata
378 2640 472 2706 effecit,
489 2647 521 2694 ut
535 2647 625 2708 patres
642 2649 705 2696 aute
723 2642 789 2696 inita
806 2643 935 2709 suffragia
953 2642 981 2695 in
999 2643 1131 2696 incertum
1149 2643 1322 2696 comitiorum

70 2734 188 2780 eventum
202 2731 331 2779 auctores
350 2726 458 2779 fierent:
477 2727 536 2802 Lis.
547 2725 608 2790 ibid.
626 2729 685 2780 Lex
704 2730 770 2780 baec
787 2727 906 2781 Publilia
921 2743 975 2780 non
993 2727 1127 2800 recentior
1141 2732 1183 2779 est
1200 2726 1322 2793 Maenia,

71 2815 113 2866 sed
125 2811 228 2880 aliquot
247 2809 326 2862 anuis
342 2809 489 2878 antiquior.
507 2812 576 2864 Lata
593 2827 631 2866 sc.
650 2814 696 2865 lex
708 2811 821 2866 Maenia
838 2811 951 2868 circas.
966 2814 1002 2868 V.
1012 2818 1072 2868 446.
1085 2828 1110 2866 v.
1122 2813 1144 2865 1.
1155 2813 1186 2866 F.
1202 2813 1322 2865 Gronov.

75 2896 142 2951 Obss.
159 2899 184 2950 I.
202 2916 224 2949 c.
248 2900 292 2948 25.
313 2895 376 2947 Nou
394 2911 454 2948 mos
471 2895 517 2948 ille
540 2896 646 2950 duabus
664 2898 768 2963 legibus
787 2897 957 2949 introductus
976 2898 1117 2964 paullatim
1135 2899 1322 2962 obumbratus,

70 2981 94 3034 in
110 2999 190 3035 usum
206 2985 250 3033 est
267 2984 411 3054 revocatus
429 2994 445 3031 a
463 2982 495 3034 L.
517 2981 645 3034 Cornelio
663 2983 753 3035 Sulla:
778 2981 855 3034 Sulla
880 2979 953 3033 euim
970 2999 1032 3036 cum
1051 2982 1186 3049 Pompejo
1204 2981 1232 3034 in
1256 2997 1323 3033 con·

71 3070 153 3119 sulatu
167 3067 275 3131 collega
289 3063 433 3131 pristinum
445 3067 492 3131 jus
507 3065 612 3118 senatui
631 3065 772 3120 restituere
787 3065 876 3119 adnisi
891 3071 962 3129 sunt,
974 3071 1005 3118 ut
1023 3081 1078 3119 non
1096 3072 1159 3120 ante
1177 3065 1323 3118 auctorita-

71 3157 118 3203 tem
130 3156 290 3218 praestaret,
299 3165 382 3218 quam
394 3150 429 3202 de
440 3149 612 3202 comitiorum
624 3157 723 3204 euentu
734 3151 885 3219 populique
898 3148 1014 3216 proinde
1025 3151 1165 3203 voluntate
1178 3155 1323 3204 constaret.

71 3235 127 3288 Vid.
138 3235 260 3302 Appian.
274 3235 312 3288 B.
326 3233 355 3288 0.
363 3235 388 3287 Ι.
396 3238 438 3288 59.
453 3233 479 3287 J.
488 3235 598 3299 Caesar,
610 3241 755 3304 postquam
768 3239 854 3303 legem
866 3235 1001 3304 agrariam
1012 3234 1119 3290 senatui
1133 3239 1323 3300 proposuerat,

72 3327 98 3373 ut
113 3326 241 3374 auctores
259 3320 371 3383 fierent,
396 3319 459 3374 dein
476 3335 584 3386 semper
602 3325 675 3374 recta
691 3322 727 3374 ad
743 3323 875 3387 populum
893 3338 923 3376 se
944 3319 1074 3375 contulit:
1097 3337 1123 3374 v.
1141 3318 1224 3372 Dion.
1246 3319 1325 3372 Cass.

73 3404 251 3460 XXXVIII.
269 3408 295 3456 3.
316 3404 398 3460 Carra
425 3404 467 3458 (li.
485 3420 557 3473 quae
574 3421 662 3472 nuper
679 3405 828 3460 admodum
844 3408 924 3460 docte
937 3413 1020 3476 atque
1037 3410 1162 3460 accurate
1178 3405 1229 3456 hac
1247 3404 1325 3456 dere

75 3490 219 3558 disputavit
237 3491 291 3542 Pb.
307 3490 340 3543 Il.
357 3491 489 3544 Huschke
503 3489 534 3543 in
554 3488 639 3543 libro:
656 3491 699 3544 die
724 3491 884 3561 Vcrfcsscup
903 3492 948 3544 dcc
968 3490 1071 3560 Kouips
1084 3489 1192 3546 &roim
1213 3488 1324 3552 wasa,

72 3577 193 3632 Heidelb.
206 3579 284 3630 1838.
298 3590 323 3641 p.
332 3579 497 3638 soa-4123
515 3574 593 3643 isque
605 3575 687 3628 etiam
698 3575 873 3641 probabiliter
885 3577 1088 3643 demonstravit,
1096 3578 1145 3645 jus
1156 3576 1225 3630 illud
1240 3574 1326 3628 luisse

74 3659 238 3716 auctoritatis
256 3660 435 3726 praestandae
455 3660 530 3714 velut
546 3652 695 3726 proprium
706 3666 863 3715 senatorum
880 3679 916 3716 ex
936 3663 1033 3716 ordine
1051 3662 1180 3728 patricie,
1196 3677 1228 3714 ac
1243 3661 1326 3714 simul

74 3763 163 3800 causas
182 3744 306 3798 dilucide
324 3742 498 3810 explanavit,
516 3762 565 3798 cur
582 3760 639 3800 non
660 3745 714 3798 nisi
727 3747 824 3814 populi
846 3747 964 3802 comitiis
988 3746 1136 3802 auctoritas
1152 3745 1200 3800 illa
1217 3752 1325 3811 patrum

75 3829 222 3884 necessaria
240 3827 339 3890 luerit;
358 3828 414 3882 Cic.
431 3844 482 3895 pro
500 3830 583 3881 domo
603 3847 626 3882 c.
646 3836 686 3884 14.
705 3831 792 3886 Milli.

143 3918 167 3985 ί)
187 3922 216 3968 et
227 3915 296 3968 XV.
308 3918 352 3968 27.
364 3913 495 3966 Huschke
513 3914 530 3965 1.
542 3915 561 3966 1.
570 3929 598 3980 p.
610 3912 672 3968 416.
692 3915 778 3970 Milli·
795 3918 832 3970 At
842 3931 925 3982 saepe
941 3913 1007 3968 aliti
1019 3906 1130 3974 comitia
1141 3913 1232 3972 babitu
1244 3915 1326 3968 etiam

75 4000 100 4054 in
115 4004 188 4062 loro,
207 3997 332 4060 comitio,
349 3995 404 4050 imo
422 4002 449 4050 et
466 3998 611 4064 Capitolio.
629 3999 705 4062 Quin
721 4005 748 4052 et
765 3997 794 4052 in
812 3999 908 4054 castus
933 4003 980 4058 lcx
998 4003 1052 4054 lata
1069 4007 1111 4054 est
1128 4000 1207 4054 aCn.
1219 3998 1326 4052 Manlio

76 4088 104 4138 l.
117 4088 149 4139 V.
162 4087 193 4141 C.
212 4095 359 4140 cccxcvru.
377 4082 411 4134 de
428 4082 557 4136 vicesima
573 4083 810 4138 manumissionis:
826 4085 893 4158 Lis.
909 4086 970 4144 VII.
990 4089 1028 4140 16.
1046 4087 1127 4138 Heia.
1145 4083 1259 4140 Huscke
1277 4085 1326 4136 1.1.

76 4186 100 4235 p.
113 4175 169 4225 417.
187 4171 232 4224 Dc
249 4165 434 4234 antiquissimi
446 4167 577 4234 temporis
594 4167 766 4232 trinuadino,
784 4171 859 4238 quod
877 4170 988 4238 quidem
1004 4170 1124 4236 spatium
1142 4175 1200 4222 erat
1216 4167 1327 4234 triginta

76 4254 173 4308 dierum
189 4254 247 4307 vid.
267 4254 367 4306 Festus
385 4253 419 4304 de
436 4254 472 4305 V.
493 4257 521 4316 S.
538 4272 563 4308 v.
577 4255 646 4322 just·
662 4259 689 4308 et
705 4256 837 4308 Huschke
854 4259 872 4308 l.
890 4257 908 4309 1.
923 4273 950 4322 p.
968 4259 1030 4309 415.
1047 4259 1108 4308 416.
1127 4253 1215 4306 1111111.

137 4342 171 4408 k)
192 4341 294 4406 Neque
313 4343 403 4391 tamen
428 4339 611 4406 promulgatio
634 4341 693 4393 sola
716 4342 832 4394 iaciebat
856 4344 957 4410 legem,
974 4341 1023 4394 sed
1047 4340 1143 4404 populi
1160 4339 1327 4405 suffragium.

76 4424 133 4478 Sola
151 4429 197 4480 lex
214 4424 326 4478 Licinia
351 4428 427 4479 tanto
444 4425 536 4478 studio
561 4431 669 4490 patrum
686 4427 741 4478 lata
758 4431 808 4488 est,
830 4430 862 4477 ut
879 4425 953 4480 suto
971 4429 1120 4489 caveretur,
1138 4429 1169 4478 ut
1186 4439 1246 4478 eam
1264 4439 1327 4490 pro·

76 4511 219 4577 uolgatam
236 4525 335 4562 omnes
350 4517 496 4564 servarent.
514 4511 638 4566 ltlacrob.
655 4512 748 4566 1113.
772 4512 852 4564 Heia
