3080 5154
479 363 533 432 ne
557 363 654 432 duur:
678 365 923 436 Pansannnum.
1278 379 1328 445 85

73 543 198 624 Apolog.
213 563 250 622 p.
266 538 339 602 303.
369 539 436 603 Se'd
458 547 493 603 et
517 539 624 604 nudos
646 561 766 604 venum
791 545 1006 626 exponebant
1029 565 1152 629 servos,
1171 567 1213 612 ne
1235 551 1326 633 quod

72 647 180 711 vitium
194 647 346 731 corporis
355 646 518 712 latitaret:
534 647 663 712 Seneca
679 648 765 712 lilius
775 651 875 732 Epist.
890 651 940 714 81.
956 661 990 716 et
1002 661 1098 736 pater
1109 656 1251 718 Controv.
1264 657 1326 720 L2.

71 757 136 819 lmo
155 756 200 820 de
224 757 326 818 animi
349 755 438 818 vitiis
465 757 575 818 caveri
596 755 727 820 solebat
744 758 777 819 in
802 758 964 842 ejusmodi
984 761 1233 840 venditionibus
1257 786 1325 828 ser·

71 885 200 927 vorum:
225 863 345 927 Horat.
367 844 467 925 Seria.
486 865 527 924 II.
542 863 572 926 3.
596 885 622 926 υ.
636 859 766 946 abaci.
795 864 918 948 veluti,
942 887 1004 930 nec
1027 868 1131 932 iurem
1159 891 1241 953 esse,
1263 893 1326 934 nec

71 971 257 1055 fugitivum,
274 991 336 1033 nec
358 970 526 1050 lenonem,
549 970 645 1033 noxis
668 971 810 1035 solutum
826 993 907 1051 esse,
925 983 958 1038 et
976 997 1061 1060 quae
1083 975 1204 1042 suntid
1221 1000 1325 1064 genus

71 1079 139 1141 alia.
165 1077 381 1162 Singulorum
400 1078 485 1141 enim
502 1100 670 1141 servorum
693 1079 808 1143 titulos
826 1081 923 1144 scribi
938 1081 1105 1165 jusserant
1120 1083 1268 1162 Aediles,
1279 1093 1325 1162 ut,

71 1186 145 1272 quid
165 1187 289 1268 cuique
313 1185 421 1247 morbi
437 1184 578 1269 vitiique
599 1195 696 1269 esset,
720 1185 981 1273 intelligeretur:
1009 1189 1213 1256 GeinNocu.
1228 1195 1325 1255 Attio.

70 1295 122 1355 IV.
138 1293 170 1356 2.
195 1294 328 1356 Seneca
342 1293 443 1374 Epist.
454 1291 504 1354 47.
531 1293 678 1356 Turneb.
701 1296 780 1357 Ado.
794 1295 920 1361 XXIII.
938 1295 968 1360 2.
988 1297 1134 1384 quamvis
1151 1307 1268 1382 postea
1285 1321 1326 1362 ea

71 1402 177 1464 omnia
213 1406 325 1464 essent
354 1399 463 1484 palam
488 1399 754 1484 pronuncianda:
784 1401 822 1465 12.
841 1403 871 1463 1.
893 1405 921 1485 §.
940 1405 969 1465 1.
992 1405 1033 1466 D.
1054 1405 1092 1467 dc
1110 1404 1211 1466 Acde‘l.
1236 1407 1325 1469 edict.

71 1509 225 1572 Ceterum
252 1507 349 1590 servi,
378 1529 514 1594 quorum
536 1505 670 1571 nomine
694 1507 778 1572 nihil
804 1511 1071 1593 promittebatur,
1093 1510 1210 1595 pileati
1231 1511 1324 1575 veni-

70 1617 156 1697 bant,
172 1613 264 1678 Gell.
275 1615 381 1680 Noctt.
394 1617 461 1678 Art.
482 1615 551 1677 VII.
562 1617 592 1680 4.
609 1611 884 1701 quemadmodum
901 1617 993 1682 bello
1004 1619 1094 1703 capti
1112 1619 1171 1682 sub
1184 1640 1325 1684 corona:

69 1723 174 1787 Varro
191 1725 233 1784 dc
254 1743 290 1784 re
310 1733 388 1784 ruat.
405 1724 447 1783 II.
464 1723 513 1784 10.
541 1733 741 1788 transmare
774 1724 916 1810 advecti,
942 1727 1075 1790 cretatis
1101 1725 1156 1789 vel
1177 1727 1324 1811 gypsatis
1422 1761 1425 1770 ·

69 1831 220 1914 pedibus,
237 1825 326 1908 Plin.
341 1829 424 1890 Hs’ct.
442 1831 518 1892 Not.
538 1831 676 1894 XXXV.
688 1832 738 1896 17.
763 1834 862 1897 0:18.
881 1833 1008 1898 Tibull.
1025 1835 1084 1895 III.
1097 1833 1128 1896 3.
1150 1833 1324 1920 [Juvenl.

69 1959 96 1999 a.
108 1936 193 2023 111.]
217 1935 308 2018 Alia,
328 1935 462 2020 quaein
477 1957 644 2001 servorum
661 1941 909 2007 venditionibus
924 1939 1099 2005 observata
1114 1951 1199 2026 sunt,
1215 1941 1324 2027 expli-

72 2046 152 2109 cavit
166 2045 315 2108 Brinnon.
330 2047 369 2108 de
381 2046 487 2108 snm.
511 2045 564 2106 VI.
579 2067 612 2128 p.
623 2045 695 2108 492.
708 2069 753 2130 ep.

628 2237 638 2254 ·
661 2216 690 2295 5.
712 2215 742 2276 5.

450 2329 534 2398 Saepe
552 2338 577 2380 ct
594 2330 622 2381 in
635 2345 751 2396 poenam
760 2328 866 2398 fiebant
882 2332 959 2383 servi.

149 2431 262 2513 Saepe
285 2437 319 2492 et
344 2449 475 2512 poenae
496 2429 573 2492 loco
589 2429 622 2494 in
643 2431 835 2494 servitutem
856 2429 1118 2494 detrudebantnr
1134 2431 1322 2517 facinorosi,

72 2537 170 2602 veluti
188 2540 217 2601 Ι.
234 2537 292 2622 qui
305 2557 436 2600 censum
458 2537 512 2601 vel
529 2537 678 2602 militiam
698 2537 978 2622 subterfugerant,
1003 2540 1127 2625 quippe
1143 2540 1211 2625 qui,
1227 2541 1322 2604 bonis

71 2647 104 2708 in
118 2646 277 2736 aerarium
298 2643 453 2734 redactis,
472 2645 574 2730 virgis
598 2646 685 2710 caesi
708 2654 798 2736 trans
817 2645 967 2712 Tiberim
986 2648 1165 2714 venibant:
1183 2649 1322 2734 Dionys.

75 2753 177 2816 Halic.
193 2756 216 2815 Ι
216 2755 253 2814 V.
260 2755 312 2816 15.
325 2751 393 2816 Cic.
403 2773 464 2835 pro
481 2753 601 2816 Uescia.
614 2753 666 2816 34.
691 2753 736 2818 11.
750 2753 909 2818 Damnati
921 2755 964 2818 ad
974 2755 1111 2820 metalla
1122 2757 1177 2822 vel
1189 2757 1323 2838 beantia,

73 2861 200 2946 aliaque
221 2868 374 2923 extrema
388 2861 559 2946 supplicia.
582 2861 630 2922 Hi
647 2861 734 2923 enim
748 2861 835 2923 servi
855 2881 986 2944 poenae
1006 2864 1231 2950 fingebantur:
1245 2849 1281 2945 ’5.
1292 2863 1324 2927 3.

72 2969 143 3030 last.
154 2971 269 3050 quibus
285 2969 383 3030 modrb
391 2971 450 3050 jue
471 2977 557 3050 potr.
566 2977 633 3052 pot.
646 2971 718 3030 colo.
740 2967 818 3034 Vid.
841 2967 928 3034 infra
942 2969 1010 3050 Lu.
1027 2971 1052 3035 Ι.
1074 2971 1132 3034 Til.
1147 2971 1238 3034 XVI.
1253 2971 1282 3053 ς).
1292 2973 1322 3033 5.

72 3075 128 3138 Ill.
144 3076 278 3142 Liberti
298 3075 431 3159 ingrati,
450 3076 574 3162 quippe
604 3075 660 3158 qui
681 3077 780 3140 etiam
801 3077 834 3140 in
854 3077 1045 3140 servitutem
1065 3078 1324 3142 revocabantur:

74 3181 156 3245 Suet.
174 3182 287 3244 Claud.
302 3204 328 3244 o.
340 3181 392 3244 25.
406 3188 449 3263 θ).
470 3183 530 3246 lV.
549 3182 710 3246 Mulieres
723 3183 863 3265 liberae,
884 3205 996 3247 amore
1011 3203 1178 3248 servornm
1194 3183 1324 3247 alieno·
1376 3197 1380 3214 ¹

73 3310 135 3352 rum
158 3289 380 3372 bacchantes,
405 3311 502 3375 quam
524 3311 666 3373 poenam
692 3300 819 3374 tamen,
839 3313 949 3356 earum
976 3281 1169 3370 commodo,
1194 3289 1325 3354 sustulit

74 3397 288 3474 lustinianus:
317 3397 355 3458 I..
374 3401 455 3459 anic.
478 3397 511 3457 0.
528 3398 568 3459 de
586 3398 670 3460 soto
686 3399 796 3462 Claud.
817 3402 950 3462 tollendo
964 3400 1010 3481 f).
1033 3399 1075 3462 V.
1097 3397 1165 3478 Qui
1187 3399 1229 3463 ab
1256 3398 1324 3464 alio

74 3505 209 3587 adserti,
227 3506 454 3588 praestitaque
487 3505 641 3568 cautione
676 3505 793 3568 edictis
818 3507 931 3593 citati,
952 3527 1013 3593 per
1035 3529 1154 3574 aunum
1175 3528 1210 3572 se
1235 3507 1324 3576 haud

75 3612 245 3676 stitisseut:
269 3613 306 3676 Ι..
325 3612 441 3692 1.§.2.
460 3613 491 3674 0.
508 3615 546 3675 de
562 3615 688 3676 Adsert.
706 3615 767 3676 toll.

331 3923 334 3932 ·
450 3894 573 3948 libertas
589 3913 643 3948 aon
660 3906 720 3950 crat
735 3899 763 3949 ia
781 3868 944 3950 commercio.
1016 3920 1020 3932 ·

151 3993 443 4076 Quemadmodum
460 4018 541 4062 vero
564 3997 647 4060 nihil
669 4006 741 4062 erat
763 4000 922 4094 servitute
947 3999 1068 4082 durius,
1085 3995 1169 4062 nihil
1190 3997 1325 4060 misera-

75 4103 180 4168 bilius:
201 4107 251 4169 ita
267 4112 378 4168 tantus
395 4113 466 4167 erat
480 4103 644 4169 libertatis
661 4105 764 4183 favor,
779 4106 891 4178 utilia
911 4129 978 4170 non
997 4105 1188 4170 crederetur
1204 4102 1324 4168 esseio

76 4213 278 4296 commercio,
293 4231 405 4295 neque
420 4211 505 4275 adeo
521 4211 641 4278 liceret
653 4215 819 4299 ingenuiS,
836 4236 871 4277 se
889 4215 977 4297 ipsos
995 4211 1151 4274 addicere
1166 4209 1199 4271 in
1221 4210 1326 4272 servi-

138 4441 166 4508 ε)
186 4443 273 4494 Plura
293 4441 328 4494 dc
345 4439 427 4506 nujus
441 4440 514 4506 juris
527 4439 640 4494 historia
657 4441 813 4496 notabimus
832 4442 902 4496 inira
913 4442 971 4496 Lib.
991 4442 1014 4496 1.
1037 4439 1086 4494 ln.
1107 4439 1151 4494 VI.
1162 4441 1188 4508 i.
1202 4444 1226 4494 9.
1246 4441 1325 4492 Heia.
1382 4485 1387 4494 .

138 4525 167 4591 l)
187 4527 229 4578 Dc
249 4524 325 4577 scto
343 4525 495 4578 Claudiano
513 4526 584 4579 infra
601 4527 626 4590 1,
647 4531 687 4582 16.
706 4533 731 4581 8.
755 4526 844 4580 Haub.
877 4547 882 4553 ·
