3122 5162
247 350 320 438 sai
664 361 741 430 tm
765 356 827 430 tv.
851 359 936 430 ‘rm
962 358 1090 435 xvnt

245 543 329 604 leret
341 525 575 622 prumam:
594 555 787 600 ortmann
797 540 842 618 ¹).
869 537 961 600 Hine
983 557 1223 602 consurrexere
1238 539 1395 625 jndices,
1418 543 1494 606 etis

245 646 428 711 levioribus
449 644 570 708 caussis
591 645 788 708 sententiam
814 643 936 728 singuli
960 643 1004 706 de
1024 646 1147 710 tabulis
1169 649 1449 731 pronunciarunt:
1468 659 1495 712 ct

245 764 324 818 tuuc
346 769 463 816 rainu
484 753 658 817 dicebatur
678 769 770 815 nara
791 767 1002 815 asumma:
1024 752 1057 815 in
1079 755 1289 836 gmvioribm
1311 777 1396 818 vero
1415 775 1496 820 crau

149 935 156 950 υ
244 862 308 924 boc
324 862 397 924 fieri
419 869 646 923 consueverat.
667 858 889 924 Adcedebant
907 860 994 923 enim
1009 860 1141 944 jndices
1162 862 1205 925 ad
1228 885 1348 944 umas,
1371 883 1494 947 quarum

244 977 297 1034 tot
311 977 417 1050 erant,
432 977 515 1053 quot
522 967 672 1052 judicum
688 968 833 1048 ordines,
845 975 880 1033 ct
894 969 929 1029 in
944 967 1020 1031 illas
1035 991 1055 1032 e
1068 968 1184 1051 tribus,
1196 991 1279 1052 quas
1294 979 1492 1055 acceperant,

244 1076 365 1141 tabulis
381 1076 629 1160 unumquisque
643 1075 851 1139 immittebat
863 1074 931 1152 Qui
947 1074 1183 1139 absolvendum
1197 1077 1389 1141 credebant
1401 1099 1490 1158 reum,

244 1205 317 1247 eam
339 1183 579 1264 immittebant,
594 1182 647 1245 cui
661 1181 704 1244 A.
724 1180 761 1244 id
782 1190 849 1262 est,
867 1198 1039 1265 manvu,
1060 1183 1265 1268 inscriptum.
1286 1185 1358 1263 Qui
1380 1185 1492 1250 conde·

243 1290 440 1366 mandam,
461 1289 619 1371 alteram,
640 1290 675 1352 in
697 1311 763 1374 qua
785 1288 823 1353 G.
844 1289 880 1354 id
901 1299 969 1371 cst,
991 1307 1195 1367 uortnsurto,
1216 1292 1405 1377 legebatur.
1434 1293 1491 1370 Qui

244 1399 390 1484 denique
412 1397 627 1478 dubitabant,
645 1397 796 1478 tertiam,
817 1397 852 1460 in
877 1419 943 1480 qua
961 1415 1017 1462 ru.
1035 1399 1071 1462 id
1093 1407 1161 1478 est,
1184 1417 1256 1486 port
1276 1418 1419 1484 nourr,
1440 1402 1491 1463 im-

243 1506 429 1576 mittebant.
453 1504 549 1586 (Vid.
569 1504 646 1570 Lib.
666 1505 694 1568 Ι.
716 1504 783 1568 Tit
802 1504 849 1566 Il.
870 1505 901 1586 9
924 1505 992 1586 14)
1015 1506 1153 1570 Interea
1177 1508 1255 1572 dum
1277 1507 1344 1570 hae
1366 1507 1489 1572 tabulae

243 1613 516 1695 immittebantur,
532 1620 568 1676 et
583 1634 694 1676 earum
712 1611 836 1676 deinde
851 1612 954 1676 tiebat
969 1612 1140 1690 diremtio;
1155 1636 1231 1678 reus
1244 1617 1281 1680 in
1297 1637 1411 1702 genua
1424 1638 1491 1700 pro

155 1745 160 1750 ·
242 1721 375 1788 volutus
390 1720 540 1805 judicum
563 1742 673 1804 genua
693 1719 921 1799 osculabatur,
945 1720 1115 1808 nihilque,
1134 1722 1226 1807 quod
1247 1721 1291 1786 ad
1315 1723 1492 1786 misericor-

243 1828 330 1892 diam
348 1829 557 1892 excitandam
579 1828 691 1892 facere
707 1827 888 1908 videretur,
909 1830 1214 1912 praetermittebat:
1235 1830 1397 1894 Valerius
1411 1833 1491 1894 llam

247 1937 335 2002 VIII.
350 1937 380 1998 l.
393 1938 423 2002 6.
445 1935 540 1999 ldem
556 1937 655 2000 ctiam
680 1935 848 1998 faciebant
862 1934 1052 2002 laudatores
1069 1948 1103 2002 et
1123 1938 1231 2020 amici,
1248 1948 1286 2002 ut
1300 1939 1436 2023 adparet
1447 1959 1489 2000 ex

243 2042 399 2127 exemplo
414 2043 461 2106 Μ.
476 2045 603 2126 Scauri,
624 2045 715 2130 cujus
734 2043 924 2108 laudatores
938 2044 981 2108 ad
995 2067 1108 2129 genua
1120 2047 1286 2131 judicum,
1301 2069 1404 2132 quum
1423 2067 1492 2108 sen-

242 2153 368 2216 tentiae
389 2152 564 2232 ferrentur,
581 2153 733 2216 bifariam
755 2173 791 2214 se
807 2151 1005 2235 diviserant,
1020 2162 1055 2217 et
1078 2176 1140 2239 pro
1155 2177 1198 2218 eo
1220 2155 1491 2238 deprecabantur,

241 2267 328 2324 teste
342 2260 465 2326 Ascon.
481 2261 634 2324 Pediano
649 2263 693 2321 od
709 2260 807 2322 Cr'ccr.
821 2261 911 2321 orat.
920 2282 983 2342 pro
998 2262 1182 2324 namuro
1191 2284 1225 2344 p
1241 2260 1316 2324 177.
1331 2285 1380 2346 eq.
1400 2263 1492 2326 Iura-

240 2368 350 2432 luerat
373 2370 492 2451 etiam,
514 2378 551 2433 ut
571 2369 717 2454 virgines
738 2367 895 2434 Vestales
917 2367 1097 2453 aliquando
1116 2369 1361 2433 adhiberentur
1380 2369 1492 2454 depre-

117 2559 123 2577 ·
240 2477 395 2541 catricesz
417 2477 553 2541 Tacitus
567 2479 685 2540 Annat.
705 2477 762 2538 XI.
777 2475 828 2538 32.
849 2485 884 2538 et
901 2476 1134 2562 Berneggerus
1149 2480 1195 2541 od
1215 2478 1366 2541 Suetonii
1382 2477 1416 2538 G.
1437 2479 1491 2537 ut

244 2586 372 2648 caesar.
386 2608 413 2648 c.
427 2585 457 2646 1.

816 2691 845 2771 ἓ.
867 2689 918 2756 32

660 2805 795 2860 &simlia
814 2807 869 2859 Iota
887 2826 904 2860 a
922 2810 1065 2862 praetore.

321 2908 481 2974 Dircmtis
496 2906 634 2986 tabulis,
649 2905 792 2971 Praetor
812 2908 914 2992 ipsam
934 2908 1174 2992 pronunciabat
1195 2909 1409 2975 sententiam.
1428 2907 1491 2972 aut

240 3018 327 3084 enim
348 3018 591 3083 condemnabat
612 3039 721 3098 reum,
744 3026 800 3079 aut
815 3016 1025 3093 absolvebat,
1049 3026 1106 3080 aut
1127 3016 1267 3102 amplius
1290 3039 1491 3103 cognoscen-

240 3126 315 3190 dum
332 3127 462 3211 ajebat,
483 3136 582 3211 prout
596 3127 630 3189 id
646 3123 740 3209 plura
756 3124 933 3189 suaderent
955 3125 1125 3209 suffragia:
1141 3123 1277 3188 Coelius
1295 3127 1387 3208 apud
1400 3127 1490 3186 biber.

238 3237 352 3318 Epistt.
370 3236 457 3297 VIII.
474 3235 504 3298 8.
529 3232 822 3298 Condemnationis
845 3232 985 3296 formula
1001 3241 1087 3297 erat:
1108 3251 1258 3297 tuncrus
1274 3249 1422 3312 rnctssss,
1438 3229 1489 3292 sel

238 3360 309 3408 nou
337 3360 421 3406 suns
443 3360 593 3407 unsrun
618 3357 759 3406 rncrssn
791 3339 1038 3405 Absolutionis:
1066 3359 1137 3406 uon
1159 3355 1311 3404 isaurius
1341 3355 1488 3418 rasisse,

237 3449 293 3514 vel
314 3468 398 3514 suns
419 3468 568 3514 vrnnrun
589 3467 731 3515 sncrssn.
753 3449 989 3536 Ampliationis
1005 3449 1168 3534 denique:
1188 3465 1343 3513 aurnum
1365 3464 1490 3511 coeno-

238 3574 412 3623 munuum:
435 3558 553 3622 Cicero
576 3559 698 3620 Acadd.
724 3559 864 3635 Quaerit.
884 3559 942 3619 IV.
963 3557 1014 3619 47.
1036 3559 1133 3620 Brut.
1155 3581 1180 3618 c.
1200 3555 1252 3620 22
1274 3556 1368 3635 Quin
1391 3566 1445 3638 et,
1466 3555 1489 3617 si

237 3687 347 3750 poena
361 3667 570 3753 adjiceretur,
592 3665 690 3729 simili
710 3663 746 3729 id
764 3666 866 3728 fiebat
887 3663 1042 3728 formula:
1064 3683 1178 3728 tinum
1200 3682 1271 3728 suu
1293 3683 1331 3729 ΙΝ
1354 3679 1489 3730 ssxsfflo

238 3790 326 3855 assu,
345 3792 502 3852 sonions
516 3791 594 3839 ntus
616 3791 749 3854 vnutuu,
772 3791 837 3840 reat
854 3790 948 3850 Aona
969 3791 1013 3837 nt·
1035 3789 1107 3836 aaut
1124 3789 1273 3837 Pnacssnn
1296 3789 1491 3837 manumet:

238 3881 349 3947 Livius
366 3883 471 3945 XXV.
489 3882 519 3943 t.
542 3882 617 3946 (lar.
640 3880 796 3966 Sigonius
816 3883 856 3944 da
870 3883 1000 3944 Iudiciis
1015 3882 1057 3942 11.
1072 3877 1123 3946 22.
1133 3903 1168 3964 p.
1183 3879 1255 3943 591.
1276 3881 1380 3944 Barn.
1401 3879 1491 3942 Bris-

237 4129 302 4182 dnm
316 4143 377 4183 csse
392 4147 563 4198 praeconem,
590 4136 661 4184 reete
683 4133 777 4183 monet
794 4127 868 4195 lirid.
892 4125 1068 4182 Hotomanus
1089 4131 1117 4182 in
1136 4131 1260 4182 Prooem.
1278 4126 1342 4180 Act.
1361 4128 1390 4180 air
1417 4127 1490 4178 Vm.

234 4232 262 4283 Ρ.
279 4217 337 4367 wall
353 4216 462 4353 3¹25
482 4301 533 4354 Pr.
551 4299 706 4353 Animadav.
721 4299 864 4369 philolopp.
880 4301 908 4352 in
927 4299 1023 4352 librum
1038 4299 1197 4352 &unacum
1215 4296 1247 4347 de
1265 4298 1368 4350 camni
1386 4297 1492 4366 leyen:

237 4380 264 4436 in
283 4385 392 4454 Opuscc.
398 4384 542 4455 plilotoqp.
559 4387 617 4438 crit.
629 4400 656 4450 p.
667 4389 709 4438 ⁵5.
722 4384 866 4438 Caeterum
878 4387 913 4440 de
923 4403 976 4439 nsn
990 4384 1093 4439 forensi
1107 4380 1155 4434 τοῦ
1167 4381 1226 4434 dixi
1239 4375 1274 4436 cl.
1294 4382 1331 4433 de
1342 4381 1491 4436 Winekter

235 4467 362 4526 Emendd.
374 4473 502 4542 praedam
515 4471 708 4524 Heincccionae
714 4491 724 4531 ;
739 4471 767 4524 in
784 4470 858 4523 Odss.
867 4471 944 4540 jun‘a
961 4471 1062 4540 antiqui
1079 4485 1152 4522 num.
1167 4472 1208 4520 lb.
1225 4467 1338 4536 Opusce.
1352 4469 1419 4522 meir.
1429 4468 1489 4520 vot.

235 4553 258 4605 1.
275 4555 307 4607 r.
324 4555 359 4608 11.
376 4573 403 4624 p.
420 4561 480 4610 442.
502 4553 591 4607 aas.
