3062 5164
219 379 291 447 sor
570 374 752 442 mma
773 373 852 442 ua
876 331 907 442 r.
933 372 1022 443 ors.
1047 374 1111 443 ιν.
1425 322 1435 330 ’
1529 411 1530 490 ,

217 550 307 614 scto
324 551 581 634 Imperatorem,
598 550 681 634 quid
698 549 802 612 visum
818 550 861 613 sit
875 551 1029 632 Senatui,
1045 550 1284 638 admonebant,
1306 555 1470 643 simulque
1529 571 1530 610 l

217 659 337 734 decem,
348 659 480 744 legatos
495 659 675 722 Senatores
690 658 879 739 mittebant,
893 680 1031 742 quorum
1048 659 1091 720 de
1106 663 1273 726 sententia
1283 662 1472 748 Imperator

217 767 260 830 de
274 767 387 830 hostili
404 767 542 850 regione
558 774 728 830 statueret.
750 767 836 829 Tum
852 767 1047 850 Imperator,
1066 768 1224 833 adhibitis
1239 771 1274 833 in
1294 773 1468 838 consilium

89 938 98 946 ,
215 874 352 959 legatis,
367 875 464 938 victis
478 883 584 938 certas
598 875 692 960 leges
707 874 928 958 praescripsit,
944 885 979 937 et
994 876 1158 959 civitates,
1176 881 1262 941 bene
1280 880 1324 941 de
1342 883 1467 966 populo

214 982 369 1046 Romano
391 984 537 1064 meritas,
560 984 624 1046 suis
648 982 779 1066 legibus
801 983 850 1045 uti
869 984 987 1066 jussit,
1011 985 1175 1070 reliquum
1197 996 1308 1050 terrae
1327 997 1466 1054 tractum

215 1090 345 1175 legibus
362 1091 673 1175 magistratibusque
690 1091 860 1174 spoliavit,
879 1099 915 1153 et
928 1091 983 1156 hic
1000 1099 1080 1156 tirno
1095 1094 1268 1159 dicebatur
1283 1097 1318 1158 in
1333 1099 1467 1179 provin·

215 1199 287 1262 ciae
308 1200 445 1262 formam
464 1199 626 1262 redactus.
656 1198 828 1282 Quidquid
852 1221 933 1262 vero
955 1199 1042 1263 hunc
1064 1201 1099 1264 iu
1122 1204 1254 1266 modurn
1272 1204 1315 1266 de
1337 1205 1463 1268 consilii

215 1308 380 1372 sententia
394 1314 554 1370 statuerat
568 1307 766 1390 Imperator,
779 1307 814 1369 id
830 1307 864 1369 in
881 1309 1054 1390 concione,
1069 1309 1159 1373 facto
1174 1320 1274 1374 autea
1287 1333 1350 1395 per
1364 1314 1462 1376 Prae-

215 1423 330 1479 conem
356 1416 501 1498 silentio,
527 1415 660 1498 publice
684 1417 895 1500 pronunciari
917 1416 1110 1480 mandabat:
1136 1440 1245 1503 eoque
1271 1420 1376 1502 Iacto,
1396 1421 1463 1484 Ro-

213 1545 315 1606 mam,
331 1524 449 1587 relicto
465 1523 577 1607 aliquo
593 1524 771 1588 Praefecto
789 1524 998 1609 provinciae,
1014 1526 1209 1590 decedebat.
1230 1527 1331 1590 Hunc
1347 1528 1383 1589 iu
1398 1551 1459 1591 mo-

214 1631 290 1696 dum
310 1632 421 1695 Asiam
445 1632 613 1694 redactam
634 1634 668 1694 in
686 1631 824 1696 forinam
844 1634 1055 1717 provinciae,
1081 1643 1210 1698 constat
1229 1656 1272 1696 ex
1291 1635 1461 1699 Strabone.

213 1739 291 1804 Alia
308 1740 463 1823 exempla
484 1749 616 1804 exstant
637 1742 725 1825 apud
740 1741 812 1805 Liv.
827 1742 988 1804 XXXIII.
1000 1742 1052 1804 38.
1070 1741 1215 1826 Appian.
1236 1743 1271 1805 in
1290 1745 1387 1806 rebus
1407 1747 1460 1806 Ηί-
1529 1745 1530 1834 l

212 1853 370 1931 spaniena.
386 1869 412 1910 o.
430 1848 481 1911 37.
500 1869 544 1929 aq.
560 1856 595 1912 et
611 1848 691 1911 alibi
708 1848 836 1932 passim.
859 1849 927 1913 Sed
948 1849 1046 1912 desiit
1060 1849 1114 1910 hic
1129 1869 1210 1932 mos,
1227 1869 1270 1912 ex
1286 1873 1354 1936 quo
1370 1851 1459 1916 Priu-

212 1956 303 2040 cipes
318 1955 428 2019 omnia
443 1957 534 2040 pacis
549 1955 698 2040 bellique
716 1958 853 2040 negotia
869 1979 928 2020 suo
945 1957 1082 2020 arbitrio
1098 1979 1217 2042 gerere
1233 1967 1417 2042 coeperunt.
1529 2045 1530 2048 Ἴ

774 2111 804 2190 5.
826 2109 897 2170 101.

389 2225 549 2276 Provinciae
567 2225 621 2276 suis
639 2225 737 2294 lepidus
754 2245 808 2278 non
825 2225 983 2279 utebantur:
1000 2227 1048 2277 red
1064 2227 1132 2280 data
1149 2244 1166 2277 a
1183 2227 1290 2282 victore.

295 2326 451 2404 Quamvis
469 2347 550 2389 vero
567 2347 633 2389 non
656 2348 721 2390 una
740 2329 924 2412 eademque
948 2336 1035 2392 esset
1051 2328 1196 2390 omnium
1217 2329 1457 2413 provinciarum

111 2443 114 2454 '
211 2435 378 2499 conditio:
400 2434 484 2508 illud
501 2443 612 2497 tamen
631 2457 801 2498 commune
826 2443 897 2498 erat
913 2437 1081 2517 omnibus,
1101 2424 1194 2521 quod
1211 2458 1275 2500 nec
1291 2439 1357 2500 suis
1378 2437 1458 2522 legi-

211 2544 270 2607 bus
284 2548 313 2625 ⁰)
344 2543 653 2628 magistratibusque
681 2550 868 2624 uterentur,
893 2551 927 2606 et
951 2543 1078 2628 populo
1101 2543 1254 2608 Romano
1274 2547 1457 2629 penderent

210 2651 399 2734 vectigalia.
421 2650 498 2712 Non
526 2650 719 2734 utebantur,
739 2652 892 2735 inquam,
918 2652 982 2714 suis
1005 2651 1153 2735 legibus,
1177 2653 1236 2716 sed
1260 2652 1319 2734 iis,
1346 2654 1451 2738 quibus

210 2758 354 2823 Romani
367 2778 423 2821 eos
440 2759 488 2820 uti
498 2759 674 2842 jubebant,
693 2781 846 2844 quaeque
859 2758 953 2822 trium
970 2758 1166 2845 plerumque
1183 2781 1342 2844 generum
1360 2769 1456 2826 eraut.

158 2939 162 2944 ⁵
210 2869 319 2929 Primo
340 2868 426 2929 enirn
447 2867 518 2952 ipse
534 2868 641 2931 victor
661 2868 703 2931 de
722 2867 843 2930 decem,
853 2867 1039 2949 legatorum
1057 2868 1223 2930 sententia
1241 2877 1347 2930 certas
1369 2869 1456 2951 leges

111 2957 116 2964 ¹
212 2975 313 3039 dabat
330 2975 600 3058 provincialibus,
624 2997 704 3060 quas
724 2973 846 3039 deinde
862 2975 985 3059 injure
1005 2975 1150 3039 dicundo
1170 2976 1341 3038 observari
1358 2999 1379 3039 a
1394 2998 1457 3038 ma·
1529 2999 1530 3030 ὲ

210 3083 400 3170 gistratibus
420 3085 615 3167 oportebat:
636 3083 748 3145 derbde
764 3083 859 3168 leges
883 3103 986 3146 novas
1013 3083 1192 3168 aliquando
1214 3083 1370 3146 ferebant
1390 3083 1457 3146 Ro-

210 3193 315 3274 mani,
344 3192 462 3278 quibus
486 3201 521 3255 et
546 3191 768 3276 provinciales
796 3192 1078 3275 obsequerentur,
1106 3190 1237 3274 qualem
1265 3213 1365 3275 supra
1390 3211 1456 3254 esse

208 3301 348 3365 vidimus
368 3300 478 3386 legem
501 3300 624 3363 Iuliam
648 3307 683 3360 et
703 3297 843 3361 Titiam:
863 3309 1029 3380 postremo,
1050 3299 1132 3383 ipsi,
1149 3299 1297 3383 quicum
1320 3299 1452 3383 imperio

210 3418 386 3494 praeerant
411 3409 606 3493 provinciis,
635 3405 746 3468 edicta
767 3407 1016 3490 proponebant,
1043 3396 1166 3489 quibus
1185 3406 1336 3482 modum,
1362 3427 1454 3490 quern

209 3518 243 3580 in
260 3519 335 3603 jure
359 3517 502 3580 dicundo
523 3523 633 3578 essent
655 3514 876 3594 observaturi,
903 3514 1156 3577 denunciabant.
1185 3513 1288 3576 Nulla
1310 3515 1407 3598 regio
1425 3514 1456 3576 iu

209 3613 409 3710 provinciae
425 3625 561 3688 formam
583 3622 809 3705 redigebatur,
832 3623 883 3685 cui
905 3643 972 3686 non
994 3629 1099 3685 certas
1121 3621 1214 3705 leges
1236 3621 1334 3684 daret
1355 3623 1456 3685 victor

210 3735 252 3799 de
269 3734 433 3799 sententia
449 3733 645 3818 legatorum.
668 3730 787 3793 Siculis
806 3730 921 3815 quales
939 3731 1037 3794 datae
1055 3729 1178 3792 fuerint
1191 3729 1297 3814 leges,
1312 3729 1457 3792 ostendit

210 3843 328 3906 Cicero
351 3844 473 3904 Verrio.
488 3841 530 3902 ΙΙ.
545 3837 596 3904 13.
613 3841 725 3900 'St'culae'
746 3840 802 3900 boc
819 3842 897 3921 jure
920 3848 1011 3912 sont,
1034 3845 1086 3911 ut,
1113 3838 1196 3918 quod
1212 3840 1287 3898 cr'vr's
1310 3857 1382 3900 cum
1399 3842 1457 3899 ctos

208 3959 300 4034 agat,
315 3952 399 4012 domi
413 3956 511 4009 certet
530 3951 597 4009 cuis
616 3948 752 4029 legibus:
771 3948 854 4028 quod
875 3946 1001 4008 Sz'culus
1020 3967 1091 4006 cum
1111 3945 1217 4005 Subulo
1240 3964 1303 4004 non
1321 3945 1457 4026 ejusdem
1529 3997 1530 4032 3

209 4062 355 4128 cior'totr‘s,
379 4065 416 4117 ut
438 4055 477 4116 de
500 4074 534 4116 eo
554 4057 691 4116 Praetor
713 4055 838 4136 judices
855 4074 894 4112 ec
917 4054 954 4112 P.
971 4054 1093 4133 Rupilii
1109 4052 1241 4122 decreto,
1266 4053 1397 4131 quodie
1418 4069 1459 4112 nr

276 4239 310 4306 ο)
330 4239 456 4291 Attamen
470 4237 585 4302 patriam
601 4235 760 4303 religionem
776 4235 913 4303 plerisque
936 4234 1133 4303 relinquebant,
1152 4235 1183 4282 ut
1207 4234 1334 4296 exemplo
1352 4233 1458 4300 Aegyp-
1529 4305 1530 4308 Ἴ

208 4323 309 4378 tiorum
326 4327 408 4389 potet,
418 4323 452 4374 de
471 4322 572 4390 quibus
584 4323 695 4373 Tertull.
712 4320 876 4389 Apolopctic.
892 4339 914 4374 c.
931 4324 973 4372 34.
989 4319 1205 4380 etJudaeorum,
1219 4315 1368 4384 dequibus
1381 4315 1458 4368 Plrilo
1529 4341 1530 4346 =

208 4411 301 4476 Legat.
319 4409 355 4460 ad
375 4407 467 4477 cajum
485 4407 554 4476 Imp.
569 4426 598 4475 p.
616 4411 675 4460 864.
694 4404 942 4458 Cottiones·tamen
959 4404 1098 4473 religionis
1116 4417 1215 4457 caussa
1226 4400 1367 4453 institutas
1380 4415 1458 4465 saepe

209 4492 358 4558 prohibitas
376 4492 469 4557 fuisse,
488 4490 511 4544 si
529 4509 544 4544 e
562 4491 701 4558 republica
718 4490 863 4554 videretur,
882 4490 961 4542 docet
973 4491 1062 4555 Ampl.
1077 4489 1230 4554 Bynkersh.
1248 4486 1280 4536 do
1293 4485 1342 4536 rel.
1353 4501 1457 4553 perepr.

209 4579 281 4630 Diu.
298 4578 339 4628 Il.
356 4596 384 4644 p.
402 4581 461 4630 250.
480 4577 559 4628 Heio.
