3030 5160
307 399 409 482 Qum.
436 397 534 470 Mau.
559 397 615 464 ua
642 395 826 466 Conrnsu.
852 396 1025 466 Oanrcsr.
1226 405 1297 472 537

37 571 180 636 debant.
201 571 357 636 Meminit
370 569 557 656 hujusmodi
577 591 744 634 usurarum
761 570 881 634 Cicero
897 573 1012 652 Bps‘stt.
1029 574 1073 634 nd
1086 575 1227 636 Atticum
1241 576 1299 636 IV.

35 680 89 739 15.
109 679 150 740 L.
164 678 194 738 7.
207 679 237 759 §.
252 679 303 742 10.
320 681 360 742 D.
376 680 416 741 de
429 673 614 742 Administr.
632 687 690 742 tut.
702 685 737 741 et
749 676 825 742 Ael.
841 677 1049 761 Lampridius
1063 683 1128 740 cita
1141 681 1298 743 Alexand.

37 787 156 848 Seueri
168 805 194 846 c.
214 784 265 848 21.

624 900 653 980 §·
671 898 723 964 28.

540 1015 614 1072 Quid
629 1015 810 1083 quadrantes?

129 1115 367 1192 Qnsnnnnms
386 1133 503 1177 usurae
523 1121 671 1197 quartam
687 1121 813 1196 partem
830 1115 947 1179 unciae
970 1115 1107 1200 singulis
1121 1117 1298 1199 mensibus,

39 1233 111 1286 tres
126 1222 240 1285 uncias
254 1222 287 1284 in
304 1241 422 1285 annum
437 1220 635 1302 reddebant,
654 1219 689 1282 id
705 1227 766 1301 est,
782 1229 848 1283 tres
859 1241 919 1302 pro
933 1227 1079 1286 centenis.
1101 1223 1297 1306 Exemplum

41 1349 157 1393 earum
175 1335 284 1393 exstat
299 1330 337 1391 L.
350 1328 402 1392 21.
418 1329 458 1388 D.
474 1328 513 1390 ds
526 1331 611 1388 Ann.
630 1327 691 1409 leg.

617 1479 646 1559 §-
667 1477 718 1541 m.

360 1595 434 1652 Quid
449 1603 589 1656 sextantes,
606 1595 751 1655 unciariae,
770 1595 989 1647 semiuncinrs'ac?

129 1693 310 1757 Proximae
326 1704 399 1757 sunt
414 1710 623 1776 sux‘rsu‘rus,
640 1716 725 1780 quae
742 1702 867 1758 sextam
884 1705 1011 1777 partem
1028 1697 1144 1759 unciae
1162 1696 1298 1780 singulis

43 1803 223 1881 mensibus,
240 1801 319 1864 duas
342 1801 453 1865 uncias
475 1809 627 1865 vertente
651 1824 737 1865 anno
760 1801 982 1884 praestabant,
1006 1802 1118 1884 idest,
1142 1805 1220 1864 dnos
1239 1824 1300 1884 pro

43 1913 194 1972 centenis.
223 1905 319 1985 Quae
336 1908 480 1992 denique
497 1907 726 1972 duodecimam
748 1918 875 1993 partem
892 1909 1009 1972 unciae
1025 1907 1162 1993 singulis
1179 1909 1299 1972 mensi-

44 2019 117 2096 bus,
139 2024 174 2078 et
195 2015 328 2097 integro
353 2037 440 2079 anno
463 2015 624 2098 integram
648 2017 788 2097 unciam,
813 2015 848 2077 id
872 2024 933 2097 est,
960 2038 1056 2078 annm
1078 2037 1138 2098 pro
1162 2020 1299 2078 centenis

44 2123 244 2205 reddebant,
265 2121 460 2185 dicebantur
480 2143 596 2186 usurae
617 2138 741 2186 uucrsu
759 2121 814 2184 vel
829 2139 1029 2186 UNGIARIAE:
1059 2123 1166 2186 Tacit.
1180 2123 1299 2184 Anncl.

51 2233 105 2294 VI.
121 2230 171 2292 16.
199 2251 242 2292 ex
269 2251 334 2312 quo
358 2229 458 2291 facile
483 2229 581 2291 etiam
598 2237 701 2312 patet,
729 2228 893 2313 quodnam
920 2230 1020 2291 fuerit
1036 2230 1154 2291 foenus
1170 2249 1299 2292 semun-

46 2338 182 2401 ciarium
200 2335 289 2419 apud
309 2335 438 2398 Livium
461 2324 529 2396 VII.
543 2334 594 2396 27.
609 2341 655 2417 ¹¹).

623 2485 652 2566 §-
673 2482 724 2548 30.

277 2599 377 2652 Untrae
395 2598 525 2664 binarum,
544 2609 689 2664 tensarum,
707 2601 848 2670 quinarum
867 2601 1075 2654 centesimarum.

132 2702 200 2766 Sed
222 2721 302 2764 cave
325 2701 503 2783 existimes,
523 2700 575 2764 bis
598 2705 701 2764 usuris
724 2709 912 2765 contentam
930 2700 1030 2764 fuisse
1052 2700 1297 2763 foeneratorum

49 2809 228 2876 avaritiam.
252 2807 390 2869 Minime
407 2809 560 2870 omnium.
585 2808 822 2893 Praeterquam
846 2808 942 2884 enim,
962 2807 1053 2892 quod
1076 2805 1207 2869 modum
1224 2826 1300 2868 usu-

49 2939 156 2982 rarum
172 2915 357 3001 legitimum
373 2901 467 2976 miris
483 2913 650 2978 fraudibus
666 2913 896 2992 intendebant,
913 2936 992 2998 quas
1005 2914 1160 2978 adcurate
1177 2912 1298 2976 descri-

48 3026 100 3086 bit
114 3023 192 3085 Ger.
209 3018 325 3084 Noodt
341 3022 379 3081 dc
396 3022 530 3097 foenore
549 3030 580 3080 et
606 3042 695 3082 nsnr.
710 3022 752 3081 ΙΙ.
763 3019 813 3082 13.
824 3043 856 3102 p.
871 3020 943 3082 291.
964 3042 1030 3082 non
1053 3020 1250 3083 dubitabant
1263 3019 1299 3100 ii,

51 3130 106 3216 qui
126 3129 220 3192 malis
240 3127 440 3210 incertisque
462 3128 647 3190 nominibus
671 3126 861 3207 credebant,
890 3148 1000 3190 usuras
1026 3129 1166 3210 majores
1187 3134 1300 3189 cente-

51 3237 137 3299 simis
166 3235 326 3319 stipulari.
356 3234 441 3296 Tum
466 3256 545 3298 vero
573 3242 605 3298 et
635 3254 737 3298 assem
765 3234 944 3298 usurarium
968 3231 1241 3328 multiplicabant,
1266 3240 1301 3295 et

50 3351 161 3427 partes
174 3341 254 3426 ejus,
272 3341 445 3426 exigentes
459 3341 630 3425 aliquanto
643 3364 740 3425 supra
757 3341 938 3426 legitimam
951 3361 1116 3428 usurarum
1134 3359 1300 3419 summam,

51 3472 80 3513 e.
96 3473 127 3534 g.
151 3449 261 3529 binas,
276 3460 403 3530 ternas,
429 3450 640 3529 centesimas,
664 3450 712 3512 ita
735 3460 861 3530 tamen,
888 3456 924 3512 ut
952 3468 1126 3531 numquam
1155 3445 1196 3508 ab
1222 3445 1301 3508 assis

51 3556 396 3620 rationerecederent.
415 3556 570 3618 Binarum
583 3557 831 3620 centesimarum
846 3565 1034 3620 exactarum
1049 3576 1069 3616 a
1080 3551 1301 3626 foeneratori-

52 3666 111 3727 bus
129 3664 278 3726 meminit
298 3661 415 3746 Cicero
428 3667 459 3724 in
482 3662 611 3724 Verrem
627 3663 686 3723 IH.
697 3663 750 3724 71.
771 3663 909 3748 triplicis
921 3682 1049 3744 usurae,
1067 3660 1100 3723 id
1116 3669 1174 3735 est,
1185 3666 1300 3723 ternae

52 3771 250 3834 centesimae
265 3768 437 3832 Juvenalis
453 3771 519 3830 Sat.
530 3770 588 3832 IX.
602 3790 630 3831 n.
648 3768 678 3832 6.
692 3791 756 3851 sqq.

216 3893 289 3954 Non
308 3901 377 3953 erat
391 3893 450 3952 lanc
461 3892 550 3968 socie
566 3894 769 3954 miscrnbtlaebr
789 3892 974 3973 Orepercjus

217 4001 328 4070 Pollia,
346 4003 402 4078 qui
418 4017 612 4058 rnrrnzcnn
634 4019 771 4060 usunnn
783 4008 952 4080 praestare
964 4005 1097 4080 paratus

220 4105 346 4184 Cr'rcnit,
368 4107 520 4184 etsctnos
542 4124 604 4165 non
619 4107 745 4166 invenit.
779 4113 829 4150 ’-
873 4141 914 4152 -

51 4228 238 4305 Quaternas
260 4245 371 4290 usuras
394 4234 580 4309 exegerunt
605 4225 756 4309 Scaptius
783 4235 818 4289 et
841 4225 1010 4304 Matinius,
1030 4222 1300 4306 impudentissimi

119 4466 153 4532 u)
175 4465 279 4516 (laeter.
297 4464 344 4517 cfr.
369 4478 439 4530 quae
463 4463 497 4518 de
519 4464 629 4516 foenore
652 4460 775 4514 unciario
793 4461 864 4514 dicta
889 4466 953 4512 sunt
975 4459 1010 4512 ad
1033 4463 1088 4510 not.
1110 4463 1129 4510 t.
1148 4457 1169 4522 ξ.
1190 4461 1230 4509 18.
1243 4457 1300 4524 huj.

51 4551 90 4602 tit
109 4547 196 4603 Mittl.
