3056 5154
330 381 386 450 De
412 379 610 454 Cumanos.
636 381 801 456 Consum.
827 383 918 456 Eur.
943 396 1010 458 etc.
1143 406 1148 417 ·
1225 397 1298 464 669
1371 339 1378 352 ⁸

29 559 115 620 tium
135 555 283 622 nondum
300 565 388 622 esset
402 567 618 642 numeratum,
632 559 699 624 imo
713 581 755 624 ue
767 560 883 628 arrbee
899 561 1033 645 quidem
1050 561 1160 646 detae,
1171 566 1299 650 quippe

29 681 124 750 quae
143 686 214 728 non
230 666 274 729 ad
288 666 507 732 inducendam
518 666 772 752 obligationem,
789 669 848 732 sed
862 669 905 733 ad
920 668 1162 734 evidentiorem
1174 674 1297 755 probb-

29 774 180 853 tionem,¹
202 773 379 839 debentur:
395 775 640 857 primumcum
659 782 681 835 t.
701 774 779 859 Gaji
795 777 872 838 Imt
895 777 937 838 II.
952 775 982 838 9.
1001 775 1052 840 14.
1079 781 1120 857 (s.
1137 787 1295 842 comment.

28 879 203 960 111.139.)
220 881 259 942 L.
268 879 319 944 35.
332 902 385 962 pr.
395 883 436 944 1).
453 884 493 946 ds
504 885 609 946 Gontr.
622 890 693 944 emt
707 881 865 946 Dubitari
880 883 967 946 enim
984 905 1051 947 non
1062 884 1296 969 poterat,quin
1349 873 1351 880 ’

29 987 211 1070 depr-etio
233 989 453 1071 convenisset,
477 989 631 1073 adeoque
652 989 835 1077 deberetur
861 989 1035 1075 reliquum,
1058 991 1086 1056 si
1106 991 1202 1056 arrha
1218 992 1296 1058 datu

31 1104 139 1160 esset:
166 1095 276 1159 Varro
297 1097 338 1158 de
353 1098 464 1178 uirgae
479 1099 532 1158 lat.
555 1096 666 1181 [mu.
677 1098 735 1158 IV.
746 1095 839 1178 pald
853 1117 902 1180 en¹
918 1099 989 1160 edit.
1011 1099 1153 1180 Btpont]
1170 1100 1297 1164 Arrabo
1373 1093 1378 1102 ’

30 1209 73 1266 :ic
89 1204 192 1280 dueta,
209 1209 247 1266 ut
259 1205 415 1284 reliquum
430 1205 593 1268 reddatur.
616 1204 686 1266 Hoc
705 1205 830 1266 mlum
846 1225 866 1266 e
885 1206 1007 1268 eruero
1021 1203 1175 1290 ἇρῤαβών.
1206 1207 1295 1269 Rett-

32 1333 141 1393 quum,
157 1331 200 1372 er
221 1330 266 1383 eo,
285 1311 368 1390 quod
388 1310 523 1375 deditum
544 1313 677 1392 reliquit.

620 1459 649 1540 ς.
670 1458 701 1522 a.

366 1572 491 1626 Actione:
507 1581 600 1626 contra
618 1575 779 1627 :venditorem
798 1576 972 1628 mentientem.

115 1675 313 1757 Antequam
326 1682 511 1737 contractus
523 1675 748 1758 perficeretur,
762 1686 839 1741 ante
852 1675 963 1739 omnia
979 1675 1021 1739 de
1035 1675 1085 1737 rei
1096 1675 1293 1740 vendendae
1397 1713 1403 1718 ·

35 1791 154 1846 natura
184 1789 220 1844 et
248 1779 411 1864 qualitate
436 1780 680 1867 dispiciebatur.
710 1783 881 1848 «iusserant
908 1783 993 1846 enim
1019 1783 1160 1847 Aediles
1179 1783 1294 1848 titulos

38 1889 243 1975 singulorum
256 1877 424 1951 servorum
439 1889 554 1953 scribi:
577 1889 706 1954 Gellius
721 1891 825 1954 Noctt.
841 1894 909 1953 Att.
924 1891 982 1953 IV.
1000 1891 1030 1954 2.
1047 1890 1161 1976 quales
1179 1891 1294 1954 titulos

38 1998 226 2081 complures
247 1994 386 2080 collegit
413 1995 512 2060 Barn.
528 1997 713 2061 Brissonius
739 1999 777 2060 de
793 2001 893 2077 form.
910 1999 961 2060 VI.
974 2019 1006 2080 p.
1020 1999 1092 2062 492.
1108 2019 1152 2081 sq.
1178 1998 1293 2061 Simile

40 2105 119 2190 quid
136 2111 171 2168 et
197 2103 232 2167 in
247 2103 450 2188 reliquarum
472 2123 579 2168 rerum
605 2104 852 2169 venditionibus
874 2103 1123 2187 observabatur,
1140 2106 1189 2169 uti
1204 2105 1293 2170 idem

38 2211 281 2275 laudatissimus
298 2218 413 2274 auctor
428 2233 462 2294 p.
479 2213 551 2275 496.
567 2235 610 2294 sq.
633 2212 845 2275 demonstrat.
868 2211 1051 2274 Praeterea
1066 2232 1108 2274 ne
1123 2213 1157 2274 in
1176 2213 1295 2276 vendi-

40 2319 186 2383 tionibus
201 2319 438 2402 mancipiorum
456 2319 690 2403 deciperentur
704 2327 856 2399 emtores,
863 2318 1068 2402 jubebantur
1083 2318 1143 2381 illa
1153 2319 1293 2400 interea,

41 2427 112 2490 dum
129 2426 346 2511 praeconium
360 2426 473 2507 fiebat,
488 2427 523 2489 in
539 2429 653 2490 orbem
667 2447 809 2506 currere,
825 2425 958 2505 saltare,
975 2445 1046 2488 sese
1062 2423 1242 2505 denudare,
1258 2432 1296 2488 ut

42 2535 214 2598 sanitatem
231 2553 320 2598 suem
335 2534 516 2618 probarent
531 2533 765 2618 spectantibus.
788 2533 843 2596 De
862 2555 930 2618 quo
952 2534 1017 2596 ritu
1034 2533 1208 2617 eleganter
1227 2532 1295 2596 dis-

43 2644 116 2706 serit
131 2642 325 2707 Gronovius
352 2642 455 2705 Pater
477 2644 610 2705 Diatrr'd.
635 2643 678 2704 ud
698 2642 780 2703 Stat.
799 2661 824 2716 c,
842 2640 893 2704 16.
911 2663 945 2723 p.
960 2639 1010 2704 85.
1034 2641 1076 2704 ld
1102 2641 1159 2704 ubi
1180 2641 1293 2723 fiebat,

43 2751 205 2834 mancipia
221 2747 416 2812 dicebantur
427 2749 576 2831 produci:
598 2749 736 2811 Terent.
750 2751 834 2811 Eun.
849 2752 921 2812 Act.
937 2751 963 2811 Ι.
978 2749 1058 2812 sc.2.
1072 2769 1100 2811 v.
1115 2749 1166 2809 54.
1185 2751 1294 2811 Heau-

44 2862 197 2920 tontimor.
212 2859 282 2918 Act.
298 2858 324 2918 Ι.
338 2875 379 2937 sc.
393 2852 422 2916 1.
436 2877 464 2918 o.
479 2855 530 2918 92.
554 2855 591 2919 si
606 2856 641 2918 in
654 2877 691 2919 re
706 2855 883 2920 indicanda
897 2857 1052 2920 mentitus
1075 2863 1161 2918 esset
1176 2854 1294 2917 rendi-

44 2970 100 3042 tor,
117 2963 256 3047 duplum
273 2965 355 3048 ejus,
372 2963 462 3046 quod
478 2963 648 3043 intererat,
663 2961 840 3026 tenebatur
855 2949 1033 3046 praestdre.
1055 2963 1145 3026 Hinc
1165 2967 1244 3024 actio
1255 2964 1294 3025 de

45 3080 118 3132 emto
127 3093 174 3134 ea*
188 3072 285 3146 modo,
303 3061 389 3154 quae
400 3070 509 3134 locum
526 3072 671 3135 babebat
685 3071 720 3132 in
737 3070 883 3153 duplum,
903 3069 1014 3153 siquis
1030 3072 1064 3133 in
1080 3069 1293 3142 distrahendo

45 3177 141 3242 fundo
161 3177 205 3240 de
222 3175 332 3257 modu,
348 3177 383 3239 id
399 3187 458 3260 est,
475 3181 592 3262 spatio,
611 3177 846 3241 mentiebatur:
869 3177 966 3240 Pauli
983 3178 1136 3240 Sententt.
1153 3179 1293 3258 Receptt.

45 3285 83 3344 ΙΙ.
93 3285 141 3348 17.
154 3286 188 3348 4.
208 3284 301 3347 Idem
314 3286 426 3366 fiebat,
447 3287 473 3349 si
489 3288 570 3350 vitia
582 3285 748 3372 ‚quaedam
763 3286 813 3348 rei
828 3284 984 3350 venditae
1000 3282 1084 3346 falso
1105 3285 1295 3347 dicerentur

47 3393 175 3458 abesse:
196 3392 315 3456 Cicero
332 3395 370 3454 de
389 3389 468 3476 offla
481 3396 540 3456 III.
551 3394 601 3457 16.
617 3394 643 3458 si
659 3415 739 3458 vero
753 3393 825 3478 quis
843 3412 970 3455 servum
988 3389 1088 3474 pluris
1104 3388 1294 3453 venditurus
1353 3432 1373 3456 «.

48 3497 84 3561 de
99 3504 173 3587 ejus
188 3500 328 3564 artificio
343 3501 400 3573 vel
414 3501 548 3585 peculio
565 3501 680 3566 suisset
690 3502 854 3577 mentitus,
867 3500 1043 3564 tenebatur
1052 3496 1184 3561 actione
1195 3497 1295 3561 aesti-

48 3610 184 3673 matoria
194 3629 238 3670 ex
254 3617 361 3672 emto:
382 3613 416 3671 L.
432 3609 481 3673 13.
495 3610 524 3691 §.
538 3610 569 3670 4.
581 3611 625 3671 Β.
640 3611 678 3672 de
690 3612 761 3673 Act.
776 3615 856 3685 emti,
869 3608 1022 3692 adeoque
1038 3605 1167 3688 emtori,
1179 3606 1294 3690 quanti

48 3717 179 3782 minoris
202 3715 368 3794 valuisset,
390 3726 558 3801 praestare
585 3716 857 3800 compellebatur,
886 3716 949 3782 nisi
970 3723 1102 3799 paratus
1126 3707 1213 3778 esset
1235 3714 1293 3776 ille

49 3821 86 3884 ad
107 3823 387 3888 redhibitionem:
414 3823 513 3889 Pauli
535 3823 689 3887 sentens.
716 3823 855 3906 Receptt.
877 3827 920 3889 II.
940 3823 991 3887 17.
1011 3823 1041 3887 6.
1070 3823 1138 3888 Cic.
1155 3841 1217 3905 pro
1240 3821 1295 3884 Oa.

50 3929 177 3996 Planerb
195 3953 221 3992 c.
235 3931 287 3996 25.

634 4049 663 4130 ς.
685 4049 716 4110 4.

313 4163 470 4216 Periculum
487 4164 529 4216 rei
545 4165 663 4218 venditae
681 4166 718 4217 ad
734 4172 858 4216 emtorem
872 4161 1030 4231 pertinebat.

129 4263 237 4342 Quum
262 4286 341 4327 vero
365 4263 436 4326 solo
460 4285 619 4328 consensu
642 4266 856 4351 perficeretur
881 4263 982 4325 emtio
1003 4258 1163 4338 venditio,
1188 4258 1295 4322 statim

53 4467 142 4613 pu'que
159 4486 268 4527 neccsse
279 4473 323 4537 sit,
341 4479 372 4526 ut
384 4473 414 4528 iu
427 4479 568 4530 numerata
578 4475 692 4546 pecuuia
705 4473 853 4528 consistat?
870 4467 1023 4539 quaesitum
1038 4473 1087 4522 est
1104 4467 1167 4521 Vid.
1180 4465 1296 4531 Gaj.111.
1369 4524 1373 4530 ¹

65 4558 139 4608 .140.
154 4562 210 4610 141.
231 4555 316 4611 Mitti.
