3056 5154
416 400 472 470 De
494 401 595 470 Lean
620 403 805 488 Aquinum.
1168 412 1240 478 019

63 596 143 638 ium
167 581 301 638 exstet
319 575 505 659 vestigium.
523 575 675 661 cajacias
692 579 829 642 Paratr’t.
843 581 885 642 D.
902 588 942 643 et·
957 581 989 640 0.
1007 581 1051 642 ad
1069 581 1105 642 L.
1123 585 1240 664 Aqas'li.

62 681 171 746 illud
190 681 374 747 existimat
388 683 431 746 de
447 683 633 767 intercepta
646 687 740 750 nobis
756 685 901 750 utilitate
914 687 1066 770 quadam,
1078 709 1113 751 re
1128 697 1241 754 nostra

65 837 77 871 ,
98 789 235 854 veluti
262 791 291 852 si
307 790 397 875 quis,
412 789 506 854 nullo
521 790 599 874 jure
616 793 781 857 servitulis
804 793 970 878 imposito,
989 793 1089 859 vieini
1108 793 1241 860 lumini-

62 905 150 960 ntra
171 897 329 994 formam
344 906 493 960 veterum
509 898 733 962 aedificiorum
750 901 925 982 offecisset,
948 900 1046 986 quale
1063 909 1114 965 est
1129 923 1241 966 exem-

62 1006 285 1079 Petronee‚
311 1005 457 1068 damnati
487 1007 531 1068 ob
557 1004 640 1068 hanc
663 1027 732 1068 rem
758 1029 777 1069 a
800 1007 992 1092 Theophila
1015 1009 1240 1097 Imperatore:

62 1134 103 1174 as
119 1113 263 1174 Annal.
281 1113 318 1172 Χ
319 1113 353 1172 V.
368 1111 419 1174 25.
439 1113 520 1174 tam.
536 1114 578 1173 II.
596 1135 627 1194 p.
644 1112 716 1176 142.
731 1111 793 1175 vel·
802 1115 829 1176 si
850 1115 922 1198 quis
938 1115 1101 1198 antliam,
1116 1117 1239 1200 piscem

60 1220 230 1282 latorem
250 1218 391 1282 aliorum
408 1219 662 1302 capiendorum,
678 1219 794 1284 fraude
810 1222 1058 1307 intercepisset,
1082 1225 1172 1307 cujus
1191 1227 1241 1288 rei

61 1326 159 1409 plum
180 1333 302 1390 exstat
321 1327 409 1410 apud
424 1326 570 1391 Plinium
586 1327 671 1388 Hist.
687 1328 764 1390 Nat.
782 1329 839 1392 IX.
854 1331 905 1394 59.
926 1332 1036 1395 Locus
1051 1331 1121 1414 ipse
1142 1331 1190 1396 ite
1205 1353 1240 1396 se

69 1459 78 1495 ε
105 1435 249 1498 Ferant
269 1435 441 1498 discordem
458 1438 573 1498 saes'am
592 1435 668 1498 dass·
681 1438 864 1500 maturatam
876 1441 989 1518 pulcre
1009 1448 1090 1512 noto,
1108 1439 1241 1521 cepisse

60 1544 196 1622 aalefica
214 1543 397 1604 voluntate.-
413 1545 556 1624 agnitam
574 1546 608 1604 s‘a
623 1544 752 1604 macella
765 1565 786 1604 a
801 1547 892 1616 socio,
908 1548 1000 1626 cajus
1017 1547 1138 1628 injuria
1154 1556 1240 1610 erate

60 1669 139 1709 aaa
160 1669 360 1710 naamam
374 1650 499 1722 editam,
516 1650 815 1731 condemnatumque
830 1652 1131 1728 addidicissemus
1147 1631 1251 1716 aesta·-¹

66 1759 126 1818 lite
141 1756 191 1836 1ί).
227 1753 346 1818 Claud.
364 1754 546 1820 chiffletius
570 1759 608 1818 da
632 1757 768 1831 secando
793 1762 894 1838 capite
918 1760 996 1839 legis
1017 1762 1132 1840 Aqas‘ll.
1159 1761 1241 1826 mm.

59 1865 192 1924 issaar.
200 1865 275 1944 jar.
285 1885 320 1946 p.
336 1862 408 1928 874.
421 1886 465 1946 sq.
483 1869 577 1954 putat
592 1863 634 1926 de
651 1879 746 1930 servo
764 1873 918 1947 corrupto
935 1865 1035 1934 fuisse
1053 1877 1161 1931 actum
1176 1868 1240 1932 hoc
1271 1943 1279 1957 .

60 1992 102 2052 e,
118 1970 228 2054 idque
246 1970 325 2032 ideo
342 1992 412 2033 esse
431 1972 643 2056 abrogatum,
660 1970 739 2056 quia
752 1981 870 2055 postea
892 1972 1085 2056 simpliciter
1098 1974 1242 2042 Praetor

59 2099 131 2140 ervo
150 2087 312 2163 corrupto
329 2079 441 2166 agenti
454 2077 587 2161 duplum
601 2077 814 2161 promisisset,
831 2099 929 2164 quum
945 2080 978 2141 in
994 2078 1073 2164 lege
1090 2081 1241 2165 Aquillia

58 2185 167 2270 splum
184 2186 318 2250 nonnisi
330 2194 468 2270 propter
480 2185 664 2268 improbam
680 2185 917 2248 inficiationem
929 2186 1025 2250 fieret
1041 2188 1242 2252 condemna-

59 2294 106 2355 Et
130 2315 212 2355 sane
235 2315 303 2356 non
325 2313 440 2378 parum
463 2292 658 2356 verosimilis
680 2299 731 2355 est
753 2292 837 2354 haec
861 2291 1052 2374 conjectura
1074 2294 1241 2360 chiffletii.

58 2425 64 2461 ι
84 2401 112 2463 Ι.
129 2401 274 2464 Praetor
297 2401 331 2463 in
355 2388 486 2465 actione
510 2400 552 2463 de
575 2421 670 2462 servo
693 2405 847 2482 corrupto
870 2399 1103 2462 constituenda
1123 2401 1239 2464 iisdem

57 2530 89 2570 re
113 2509 223 2572 verbis
244 2531 318 2572 usus
345 2517 410 2590 est,
434 2509 551 2594 quibus
572 2508 621 2572 uti
637 2505 723 2571 solet
744 2516 859 2572 auctor
873 2506 958 2590 legis
974 2507 1162 2594 Aquilliae:
1182 2526 1241 2585 Qut

57 2633 130 2696 auu,
150 2627 642 2696 saavnm,nu1auun1‚sumuanr
657 2632 836 2680 aucaarssn
845 2663 854 2698 ,
873 2631 1136 2682 raasussrssava
1157 2633 1241 2693 Quin

57 2739 186 2785 »icarus
203 2741 292 2788 nono
306 2741 410 2806 uano,
427 2741 495 2799 Quo
510 2741 592 2805 auu,
608 2741 678 2786 asu
696 2739 1090 2805 pernitiosissimum,
1107 2741 1143 2788 m
1158 2741 1241 2807 uum,

57 2849 119 2894 arr
137 2848 178 2893 aa
202 2847 263 2896 aas
281 2849 372 2914 anm,
391 2849 428 2895 m
450 2847 591 2894 nuruum
614 2846 776 2894 sunrcruu
793 2847 897 2894 nuso:
922 2835 956 2892 L.
974 2832 1003 2895 l.
1020 2837 1124 2914 prena.
1149 2831 1186 2892 l).
1203 2832 1243 2893 de

57 2961 91 3000 aa
108 2949 257 3022 corrupto.
279 2939 326 3005 Ut
346 2941 417 3003 fere
438 2938 516 3001 inde
535 2935 689 3020 colligas,
710 2938 905 3000 Praetorem
927 2937 1038 3022 legem
1056 2937 1241 3023 Aquilliam

57 3069 74 3110 e
92 3047 199 3110 oculos
214 3047 376 3130 habuisse,
393 3048 529 3131 ejusque
546 3053 644 3128 caput
660 3043 803 3108 voluisse
820 3025 1007 3109 emendare.
1029 3046 1074 3110 ΙΙ.
1095 3046 1148 3109 Ex
1162 3046 1241 3128 lege

57 3154 145 3218 uillia
170 3175 297 3240 quoque
328 3156 491 3219 actionem
520 3154 629 3218 datam
660 3152 703 3215 de
730 3173 824 3216 servo
852 3160 1026 3236 corrupto,
1055 3151 1243 3216 luculenter

57 3271 94 3325 zet
111 3285 151 3326 ex
168 3263 202 3325 L.
217 3263 245 3324 4.
261 3269 294 3326 cl
309 3270 344 3327 L.
366 3265 395 3325 5.
410 3263 438 3345 §.
458 3262 488 3324 2.
509 3263 574 3324 eod.
595 3260 652 3324 ubi
675 3258 776 3344 digna
800 3267 915 3324 notatu
936 3258 1090 3324 videntur
1105 3258 1242 3343 Ulpiani

57 3374 118 3434 ebu:
143 3371 226 3434 Haec
246 3376 325 3434 actio
348 3370 559 3450 (Praetoria,
584 3369 744 3432 deservo
768 3371 945 3450 corrupto)
971 3371 1064 3428 etiam
1089 3368 1242 3432 adversas

57 3488 149 3541 satem
161 3483 191 3540 s'a
200 3480 325 3560 duplam
336 3488 393 3552 est,
408 3481 548 3561 quumvis
559 3479 699 3560 Apas'lls'a
712 3480 904 3558 inficiantem
915 3475 1083 3536 damtoaat
1093 3481 1241 3535 coerceat.

57 3609 84 3649 ιο
104 3585 174 3648 loco
191 3585 363 3670 Ulpianum
386 3585 579 3665 discrimen,
600 3583 689 3668 quod
711 3583 799 3645 inter
819 3582 983 3646 actionem
1008 3601 1051 3643 ex
1065 3581 1103 3643 L.
1121 3578 1243 3664 Aquil-

57 3703 106 3756 et
119 3695 264 3756 actionem
286 3692 327 3755 de
344 3714 438 3757 servo
461 3701 615 3776 corrupto
632 3691 838 3755 Praetorium
858 3690 1053 3770 intercedit,
1071 3708 1241 3772 exponere

57 3802 148 3866 *luisse
162 3803 306 3866 videmus.
321 3803 384 3870 ΙΙΙ.
400 3803 534 3866 Diserte
550 3801 699 3864 Anianas
712 3804 911 3882 Interpretat.
927 3800 970 3860 ad
982 3799 1081 3860 Paals'
1089 3797 1242 3858 Senteatt.
1320 3857 1327 3868 ,

57 3921 147 3992 sceptt.
165 3909 243 3972 1.]3.
261 3924 282 3954 a
308 3910 336 3990 ἓ.
353 3907 383 3970 6.
412 3910 485 3970 Hae
510 3912 593 3971 duae
612 3909 783 3969 secandam
804 3910 902 3988 legam
923 3907 1092 3987 Aqas‘lls'am
1112 3903 1243 3964 similem

57 4040 138 4079 *saara
157 4017 271 4088 labent,
290 4014 489 4088 atramitis,
512 4037 591 4096 qaae
610 4020 713 4076 aar’mo
728 4017 778 4074 vel
795 4035 921 4096 corpore
936 4019 1161 4094 corruperant,
1180 4010 1243 4069 als’a

57 4129 124 4186 arlia
145 4127 279 4211 marsupia
299 4125 482 4206 hujusmodi
502 4133 739 4204 praecantatores
760 4124 931 4184 exsolvant.
960 4117 1028 4203 Ubi
1052 4115 1183 4202 quidem
1209 4113 1243 4176 in

57 4265 146 4274 -.--.

69 4373 72 4380 .
92 4333 120 4397 k)
138 4331 182 4384 Sed
196 4332 262 4384 illam
274 4331 358 4383 Plinii
377 4333 532 4384 locam-trac
549 4345 604 4382 nou
622 4328 764 4394 pertinere,
779 4328 927 4380 luculenter
946 4323 1063 4378 ostendit
1075 4325 1137 4376 Ger.
1152 4321 1245 4374 Noodt

57 4435 62 4466 a
77 4417 105 4468 Ι.
115 4415 197 4483 Aquill.
211 4415 266 4483 lp.
283 4419 341 4470 176.
359 4421 386 4468 et
405 4414 601 4481 Byukershoek
621 4411 767 4466 Observata
785 4412 956 4478 Ι.13.ρ.68.
972 4409 1005 4461 ld
1024 4409 1095 4460 euim
1113 4408 1243 4460 damnum

57 4520 67 4553 s
82 4500 155 4566 capite
169 4501 210 4554 111.
224 4507 254 4566 et¹
264 4502 285 4554 1.
303 4502 371 4567 legis
388 4500 526 4568 Aquillius
544 4500 610 4558 satis
629 4497 771 4551 commode
789 4487 921 4549 viridicsri
944 4491 1048 4559 potuit:
1068 4491 1101 4542 L.
1119 4493 1161 4542 27.
1179 4489 1200 4555 t.
1218 4491 1243 4542 ὁ.

57 4621 66 4638 ..
81 4591 116 4638 at.
130 4586 147 4652 l.
161 4585 200 4638 alt.
214 4586 241 4638 L.
256 4590 298 4639 22.
315 4603 359 4656 pr.
380 4586 413 4637 D.
432 4586 468 4638 ad
485 4587 549 4653 lep.
568 4583 667 4654 aquia.
685 4582 765 4635 Heia.
