3030 5160
116 2759 118 2766 ’
191 2781 194 2786 ·
239 2753 318 2819 Vid.
329 2755 441 2816 Oomm.
451 2759 549 2813 nostr.
565 2750 609 2810 od
615 2749 694 2833 Leg.
705 2749 768 2810 Jul.
783 2758 813 2813 et
824 2750 904 2834 Pop.
917 2752 1099 2837 Pmrpaeom
1114 2753 1155 2814 ΙΙ.
1165 2752 1218 2816 22.
1233 2775 1265 2835 p.
1276 2754 1349 2816 357.
1366 2754 1466 2818 Eadem
1503 2749 1504 2814 1

230 379 304 448 ros
601 367 677 436 ua
702 366 765 434 ιιι
789 365 871 435 ru.
896 364 990 435 vru.
1014 364 1131 450 (vn).

236 567 281 612 ex
298 545 395 608 bonis
409 543 569 606 liberti'
538 563 621 627 epus,
635 541 693 624 qui
708 538 897 605 sestertium
910 539 976 604 GM
992 539 1224 624 patrimonium
1243 539 1422 624 reliquerat,
1434 555 1465 606 ot

179 697 182 706 ι
238 655 424 741 pauciores,
439 671 539 734 quam
552 657 620 713 tres
633 649 772 730 liberos,
790 647 901 728 (sive'
892 668 920 709 rs
934 654 1133 710 testamento
1148 647 1291 728 sacto,
1266 669 1333 710 sive
1347 647 1466 712 intesta-

238 773 290 828 tus
305 767 451 822 mortuus
466 765 538 820 erat
539 759 567 836 ,)
581 755 686 820 virilis
697 775 772 840 pars
787 763 941 839 patrono,
957 755 1070 838 ejusve
1084 753 1200 818 liberis
1211 754 1368 836 masculis,
1379 737 1504 838 debe-i

237 878 338 948 retur,
354 865 404 930 sin
420 875 487 928 tres
502 863 627 926 liberos
641 862 793 943 haberet,
808 873 950 947 patrono
972 862 1008 924 in
1023 863 1094 946 eJus
1108 861 1296 942 hereditate
1313 861 1504 956 ribiljuis}

236 983 333 1040 esset
362 972 456 1056 (Gm.
469 971 534 1034 111.
549 970 619 1051 42)
652 969 712 1035 Sin
733 991 802 1034 non
819 968 961 1034 haberet
977 968 1162 1034 sestertium
1188 979 1332 1050 centum,
1350 949 1504 1032 liberam
1503 993 1504 1040 1

237 1085 376 1148 libertus
391 1080 532 1143 baberet
543 1075 689 1142 testandi
699 1073 903 1156 facultatem,
918 1087 954 1140 et
969 1098 997 1140 ss
986 1076 1147 1140 libertus
1162 1076 1289 1140 liberos
1305 1098 1372 1140 nou
1383 1076 1470 1140 babe-

239 1198 290 1256 ret
293 1189 389 1272 ,jure
405 1185 543 1269 antiquo
560 1183 693 1267 patroni
711 1203 867 1245 eorumve
882 1183 982 1246 liberi
999 1183 1135 1247 masculi
1148 1185 1190 1247 ab
1208 1183 1366 1270 intestato
1377 1207 1470 1246 succe

241 1299 376 1362 dorent:
402 1294 452 1356 sin
477 1290 602 1354 relictis
622 1289 736 1352 liberis
760 1285 952 1370 decederet,
973 1291 1159 1373 patronus'
1143 1311 1198 1374 Jus
1219 1267 1376 1354 nullum'
1368 1313 1397 1354 1n
1413 1293 1504 1376 ejus
1503 1335 1504 1404 p

240 1404 335 1470 bonis
347 1402 497 1464 haberet.
512 1398 597 1462 Nam
614 1419 735 1459 summa
749 1397 832 1460 haec
849 1420 910 1482 pro
930 1397 1095 1481 Augustei
1111 1418 1187 1460 aevr
1177 1397 1417 1482 opulentia'
1384 1420 1469 1460 mmor
1503 1409 1504 1458 1

240 1509 355 1598 procul
365 1507 466 1570 dubio
480 1505 657 1569 videbatur
658 1526 776 1588 ,quam
789 1514 827 1567 ut
841 1506 911 1589 ejus
924 1505 1088 1566 rationem
1098 1504 1261 1569 haberent
1272 1505 1379 1590 leges:
1372 1506 1468 1568 ·Peri-

240 1613 559 1684 mutuaenutuae
574 1613 660 1693 Lege
676 1611 786 1674 Vocon.
792 1634 825 1693 p.
836 1611 908 1674 171.
924 1610 977 1674 cf.
989 1612 1107 1676 Jacob.
1119 1611 1349 1676 Gothot'redus
1363 1614 1504 1701 adleg.

240 1727 322 1808 Pap.
338 1726 437 1806 Pupp
451 1742 478 1783 e.
492 1718 589 1800 esp
603 1715 676 1780 296.
689 1720 909 1782 etOmnment.
923 1729 1023 1783 nostr.
1042 1718 1188 1801 lamp.
1201 1719 1275 1783 350.
1289 1743 1336 1802 sq.
1503 1723 1504 1814 1

825 1892 855 1972 1·
870 1892 901 1954 8.

477 2006 563 2060 attat
578 2007 695 2078 similem
713 2005 777 2074 lepis
793 2015 874 2075 caput
891 2008 924 2059 de
941 2010 1102 2060 mecam
1120 2017 1262 2078 putrme.
1503 2019 1504 2066 t

324 2109 481 2193 Denique
497 2129 596 2193 quum
622 2107 819 2171 beneficium
841 2107 1021 2190 Praetoris,
1038 2109 1127 2192 quud
1149 2109 1178 2189 5.
1188 2109 1219 2172 3.
1244 2119 1280 2174 et
1302 2112 1333 2172 4.
1348 2110 1464 2193 descrip

162 2221 165 2228 ’
189 2293 193 2300 ,
241 2219 348 2300 simus,
373 2216 415 2281 ad
439 2216 528 2280 solos
552 2225 721 2300 patronos,
758 2235 826 2277 non
851 2215 930 2278 item
958 2223 1124 2299 patronas,
1150 2217 1352 2301 pertineret:
1373 2219 1466 2280 eaden
1503 2217 1504 2270 1

239 2328 296 2391 lex
311 2325 417 2410 Papia
428 2325 591 2408 Poppaea
606 2330 768 2406 patronae
784 2321 952 2406 ingenuae
972 2318 1066 2405 duos,
1085 2321 1266 2386 libertinae
1284 2333 1352 2389 tres
1365 2327 1466 2389 liberos

240 2436 371 2514 enixae,
386 2432 422 2494 id
437 2431 522 2515 juris
537 2429 642 2510 dedit,
658 2427 748 2513 quod
764 2437 921 2511 patronus
942 2428 1088 2494 habebat
1106 2450 1150 2492 ex
1166 2431 1290 2514 edicto,
1314 2442 1351 2497 ut
1363 2433 1467 2495 scilicet

239 2549 351 2626 posset
362 2539 525 2601 bonorum
538 2536 778 2620 possessionem
798 2545 913 2599 contra
922 2538 1053 2600 tabulas
1062 2538 1187 2620 liberti,
1203 2547 1261 2602 aut
1276 2540 1319 2602 ab
1335 2541 1466 2602 intestato
1503 2579 1504 2638 J

241 2657 354 2712 contra
377 2642 519 2708 heredes
542 2662 609 2705 non
628 2641 796 2706 naturales
815 2651 952 2727 petere:
975 2643 1113 2730 Ulpiani
1135 2647 1268 2728 Frogm.
1283 2648 1402 2708 XXIX.
1414 2647 1437 2706 5.
1445 2643 1466 2704 6.
1503 2653 1504 2744 1

240 2864 297 2928 lex
321 2859 427 2945 Papia
451 2855 568 2922 liberis
588 2864 748 2939 patronae
775 2857 941 2942 ingenuae
965 2861 1062 2922 trium
1088 2859 1271 2924 liberorum
1287 2861 1364 2945 jure
1385 2861 1467 2922 bono
1503 2819 1504 2868 i

241 2977 332 3032 ratae
347 2966 434 3029 idem
444 2963 500 3049 jus
518 2963 690 3046 concessit,
702 2965 791 3050 quod
802 2966 865 3050 ipsi
881 2974 1041 3048 patronae
1053 2969 1231 3032 tribuerat:
1246 2965 1467 3052 Ulpianustu

241 3095 272 3135 n.
288 3073 318 3136 7.
333 3071 372 3154 s).
396 3070 485 3136 Add.
504 3073 782 3135 emmanueli.
799 3072 850 3134 22.
863 3095 894 3153 p.
909 3072 982 3135 358.

828 3236 856 3317 g.
871 3235 901 3297 9.

417 3350 511 3412 Qualis
519 3349 613 3417 fiuerit
629 3351 755 3402 successio
773 3347 801 3402 in
819 3349 891 3403 bonis
917 3351 1093 3404 dedititiorum
1111 3361 1138 3404 et
1154 3353 1323 3406 Latinorttm.

325 3470 447 3534 Omnes
470 3490 550 3532 vero
574 3467 639 3531 bae
661 3468 755 3552 leges
780 3469 911 3533 nonnisi
929 3469 974 3532 de
1006 3469 1147 3552 libertis,
1170 3471 1298 3534 civibus
1323 3465 1465 3540 Romanis,

240 3579 429 3662 loquuntur.
462 3577 630 3662 Tempore
657 3575 743 3638 enim
774 3577 1031 3660 conscriptarum
1054 3577 1129 3641 XlI
1151 3577 1368 3659 Tabularum,
1389 3575 1427 3638 uti
1444 3577 1466 3632 et

241 3685 348 3749 libera
362 3685 543 3769 republica,
553 3706 666 3748 omnes
681 3683 830 3749 libertini
843 3685 885 3748 ad
899 3683 1065 3747 civitatem
1075 3683 1258 3778 itomanam
1272 3683 1466 3772 adspirabant·

241 3793 365 3856 Postea
385 3779 622 3876 sub'Augusto,
649 3813 715 3877 quo
734 3791 918 3874 imperante
937 3792 1035 3856 etiam
1054 3792 1111 3856 lex
1126 3791 1234 3876 Papia
1249 3791 1407 3877 Poppaea
1419 3790 1466 3852 lau

242 3907 302 3982 est,
322 3899 471 3963 libertini
497 3899 629 3983 quidam
656 3899 1050 3963 dedititiae‘conditionis
1075 3919 1146 3961 esse
1164 3911 1360 3984 coeperunt,
1379 3915 1467 3984 quen-

244 4008 419 4072 admodum
436 4003 642 4070 subTiberio
657 4005 793 4071 luniani
808 4007 920 4070 Latini
933 4007 998 4071 orti
1012 4014 1101 4070 sunt:
1121 4006 1215 4087 (vide
1227 3999 1325 4092 supra
1341 4009 1385 4068 ad
1393 3997 1466 4066 lsi-l·

249 4116 304 4178 Tit.
321 4113 377 4179 JV.
398 4114 433 4176 V.
449 4120 476 4189 §.
491 4111 541 4179 11.
557 4118 618 4196 sq.)
638 4122 723 4178 atne
737 4115 850 4178 Latini
860 4115 1005 4200 quidem,
1022 4113 1142 4177 nedum
1157 4113 1314 4195 dedititii,
1325 4112 1467 4176 habebant

125 4292 132 4319 ἱ
244 4216 627 4284 testamentitactionem'z
653 4221 690 4284 L.
709 4223 738 4284 1.
756 4243 807 4304 pr.
816 4223 862 4284 D.
884 4223 924 4284 de
943 4223 1017 4287 Suis
1041 4232 1071 4284 et
1092 4224 1176 4304 tegit.
1199 4223 1304 4282 bereti.
1327 4221 1386 4284 sed
1403 4220 1466 4279 bona

245 4347 368 4407 eorum,
384 4333 549 4412 tamquam
573 4347 738 4390 servorum
762 4325 903 4412 pec'ulia,
925 4329 1172 4392 manumissores
1197 4317 1465 4401 retinebanutl·

312 4532 342 4600 1)
363 4530 480 4584 Uberius
498 4547 555 4584 rem
573 4537 734 4596 prosecutus
752 4537 794 4586 cst
812 4534 872 4598 Gaj.
885 4533 934 4584 111.
953 4532 973 4597 ξ.
988 4535 1022 4584 50
1038 4561 1067 4570 --
1079 4535 1121 4584 bl.
1141 4531 1226 4585 Miill.
