3030 5160
255 417 309 486 Da
334 417 551 486 Fromcomu.
578 415 745 488 Usrvaas.
772 415 828 486 Er
853 416 997 489 Sanoua.
1024 429 1090 490 etc.
1230 425 1301 495 465

43 599 90 661 ita
117 591 339 659 declinandae
356 593 441 679 juris
462 593 700 658 testamentarii
719 595 892 682 subtiliori
915 604 1069 681 acceptus
1089 603 1138 660 est
1155 615 1228 662 usus
1243 617 1301 662 oo·
1352 651 1357 663 .

42 719 268 768 orornuonuu.
298 717 552 766 uonrcruuoauu
574 719 655 766 vero
676 723 760 766 vocs
789 701 872 766 nihil
898 703 1104 768 denotabant
1128 705 1217 769 aliud
1243 726 1302 770 ve-

39 821 151 894 teres,
175 831 273 896 quem
295 809 485 894 scripturam
505 811 677 895 quamdam
698 810 740 875 ad
759 812 842 875 alios
858 811 995 876 missam.
1018 811 1106 874 Hinc
1124 833 1225 897 saepe
1245 835 1302 876 co·-

41 920 178 984 dicillos
204 939 267 1003 pro
284 918 435 1003 epistolis
452 919 549 1002 ponit
570 918 690 983 Cicero
711 919 811 1001 Epist.
830 919 874 979 od
887 922 957 981 Dio.
975 921 1032 982 IV.
1049 919 1100 984 12.
1121 921 1173 983 VI.
1190 921 1240 985 18.
1260 923 1303 983 od
1326 939 1331 949 ’

40 1031 139 1090 Attio.
164 1027 241 1088 XII.
257 1025 297 1109 8.ι
310 1028 356 1088 ad
379 1026 483 1103 Quint.
505 1028 616 1090 Μὶν.
636 1029 677 1088 ΙΙ.
695 1025 744 1087 10.
774 1026 959 1111 Praecipue
978 1035 1090 1091 tamen
1120 1027 1153 1090 id
1179 1049 1300 1091 nomen

42 1135 256 1199 tribuebatur
277 1132 427 1217 epistolis
455 1132 497 1196 ad
513 1140 706 1217 praesentes
727 1133 841 1217 missis.
863 1134 963 1197 Unde
986 1135 1114 1199 Seneca
1133 1137 1234 1218 Epist.
1249 1137 1300 1198 55.

40 1248 70 1304 ia
82 1247 181 1324 fine:
201 1243 288 1302 valiso
307 1249 353 1312 ts,
368 1241 542 1314 ms'Lacili‚
560 1263 656 1323 qaum
670 1245 800 1304 mambre
816 1243 925 1304 audio.-
948 1243 1025 1304 adso
1046 1253 1146 1334 tecam
1165 1264 1251 1317 sam,
1266 1251 1304 1304 at

43 1351 196 1420 dubitem,
212 1368 254 1409 on
270 1351 414 1429 incipiam
429 1367 491 1408 nou
507 1351 668 1429 epistolas,
685 1349 742 1409 sed
755 1368 948 1410 corruisses
969 1350 1026 1411 libi
1036 1350 1181 1412 scribere.
1202 1349 1302 1413 Unde

42 1466 141 1519 recte
158 1453 317 1537 colligas,
334 1453 523 1531 codicillos,
540 1477 621 1541 quos
642 1453 764 1518 deinde
779 1455 1019 1539 Imperatores,
1040 1463 1204 1541 tamquam
1226 1456 1304 1519 ulti-

44 1585 114 1628 mae
145 1561 326 1626 voluntatis
346 1581 462 1646 genus,
482 1561 718 1646 adprobarunt,
737 1562 822 1625 nihil
837 1561 933 1626 aliud
950 1563 1059 1644 fuisse,
1078 1585 1173 1649 quam
1191 1569 1302 1646 episto·
1385 1577 1387 1582 ·

44 1673 88 1734 los
110 1675 254 1753 scriptas
274 1670 319 1730 ad
338 1669 468 1730 heredes
487 1671 527 1732 ds
550 1693 599 1748 co,
616 1673 699 1753 quod
717 1679 938 1754 postmortem
961 1691 1053 1733 suom
1071 1669 1238 1734 scribentes
1263 1673 1302 1734 cl

45 1780 214 1842 heredibus
224 1781 307 1859 fieri
322 1779 496 1858 vellem).-
514 1777 719 1843 Boebmerus
742 1781 829 1842 Dr’ss.
844 1779 1027 1841 ds'cods'cs'll.
1045 1783 1111 1842 sins
1127 1781 1227 1843 testib.
1247 1801 1313 1846 var

45 1889 95 1950 lid.
109 1909 140 1950 c.
155 1885 186 1948 1.
205 1887 234 1968 §
249 1883 279 1950 3.
293 1883 324 1946 4.
333 1906 367 1966 p.
382 1885 411 1945 5.
426 1884 457 1946 6.

648 2085 655 2101 .
677 2040 728 2106 12.

547 2040 707 2208 Eomsbdsm
725 2155 808 2223 oripo.

135 2271 261 2337 Primus
281 2272 445 2358 ejusmodi
468 2271 642 2339 codicillos
663 2272 705 2341 ad
727 2271 915 2356 Augustum
936 2269 1111 2352 scripserat
1124 2272 1163 2334 L.
1178 2273 1304 2336 Lentu-

46 2378 117 2460 lus,
144 2382 267 2462 (quem
286 2378 328 2442 A.
346 2379 388 2442 U.
408 2379 445 2444 C.
462 2398 571 2446 occul.
595 2402 668 2443 cum
691 2379 738 2442 M.
759 2378 899 2442 Valerio
918 2376 1099 2440 Messalino
1126 2376 1303 2440 Consulem

49 2486 168 2566 fuisse,
189 2505 233 2548 ex
250 2484 403 2574 lleinesii
421 2489 579 2570 inscripti.
602 2486 701 2549 Closs.
720 2488 761 2548 X.
777 2508 811 2568 p.
827 2483 903 2548 ¹597.
919 2507 950 2546 n.
966 2486 1026 2546 ΙΙΙ.
1050 2484 1224 2566 discimus)
1247 2484 1303 2570 qui

51 2593 179 2656 Romae
202 2593 329 2656 fecerat
351 2601 599 2678 testamentum,
620 2594 859 2678 ‹st-Augustum
881 2593 1049 2678 filiamque
1072 2591 1228 2656 beredem
1253 2593 1304 2654 in-

50 2702 218 2781 stituerat,
235 2701 357 2766 deiude
382 2701 549 2767 decedens
567 2703 601 2766 in
620 2702 753 2784 Allius,
775 2702 951 2786 scripserat
976 2701 1164 2777 codicillos,
1186 2702 1303 2785 quibus

53 2809 179 2893 aliquid
199 2809 240 2874 ab
260 2807 437 2880 heredibus
454 2809 525 2874 fieri
548 2811 701 2894 petierat.
723 2808 880 2886 Quamvis
899 2831 982 2873 vero
1001 2817 1077 2875 aute
1096 2829 1137 2872 ea
1153 2815 1304 2890 tempora
1380 2868 1387 2878 ,

51 2917 235 2981 inauditum
267 2924 370 2998 esset,
397 2937 459 3000 per
488 2915 662 3000 epistolam
688 2916 744 2983 vel
766 2914 938 2982 codicillos
964 2915 1081 2980 heredi
1103 2915 1304 3000 aliquidiu-

45 3025 163 3109 jungi,
188 3023 279 3108 quod
314 3023 346 3088 ei
365 3025 604 3102 necessitatem
626 3026 830 3108 imponeret,
851 3023 1002 3097 ,ultimam
1036 3023 1128 3086 illam
1156 3023 1304 3086 defuncti

51 3133 258 3197 voluntatem
282 3130 460 3214 implendi:
487 3134 626 3216 parebat
647 3139 756 3197 tamen
778 3131 947 3215 Augustus
968 3129 1304 3211 Lentulivcodicillis,

50 3223 189 3324 ipsaque
209 3238 368 3322 filia'ejus
392 3240 548 3325 exemplo
566 3241 688 3304 rubore
709 3238 827 3304 suffusa
850 3258 893 3302 ex
915 3238 954 3302 iis
972 3237 1087 3320 legata
1107 3239 1305 3320 praestabat.

53 3345 154 3424 Quod
173 3345 337 3430 Principis
355 3348 543 3433 exemplum
562 3347 660 3410 facile
680 3345 802 3410 imitati
818 3353 893 3409 sunt
911 3344 978 3408 alii.
1001 3343 1112 3422 Quare
1126 3344 1304 3430 Augustus,

54 3453 246 3526 conuocatis
265 3454 469 3538 sapientibus
488 3454 577 3537 viris,
596 3456 750 3537 interque
768 3473 829 3516 cos
845 3453 883 3518 C.
902 3451 1063 3518 Trebatio
1082 3451 1195 3532 Testa,
1215 3451 1304 3535 cujus

52 3571 119 3625 tum
138 3562 319 3636 auctoritas
333 3563 477 3626 maxima
495 3570 583 3644 erat,
598 3561 773 3647 quaesivit,
788 3583 829 3624 an
846 3560 953 3646 possit
969 3560 1089 3644 recipi,
1107 3581 1170 3624 nec
1187 3559 1305 3622 abbor-

53 3676 144 3732 reret
163 3691 182 3730 a
196 3669 280 3752 juris
295 3670 425 3734 ratione
441 3671 669 3734 codicillorum
685 3673 778 3732 usus?
793 3669 973 3733 Adnuente
996 3667 1156 3731 Trebatio
1174 3675 1208 3729 et
1223 3664 1305 3728 illud

54 3774 283 3840 codicillorum
295 3777 477 3842 institutum
494 3799 695 3862 magnopere
711 3779 886 3862 probante,
897 3776 1064 3860 Augustus
1076 3775 1305 3838 auctoritatem

53 3884 102 3948 illi
126 3884 402 3950 adcommodavit.
424 3885 507 3951 Post
529 3907 614 3970 quae
638 3894 805 3970 tempora,
821 3903 919 3967 quunr
942 3891 977 3948 et
993 3883 1156 3946 Antistius
1178 3882 1306 3961 Labeo,

57 3992 131 4075 (qui
153 3999 266 4056 tamen
279 3996 366 4069 missi,
382 3999 447 4056 nisi
460 3996 542 4076 quod
549 3989 676 4075 juuzml
696 4002 901 4074 serrarumque
916 4013 983 4054 esse
999 3995 1033 4054 s'n
1054 3991 1211 4051 Romanis.
1226 3991 1307 4049 anti·

124 4265 159 4331 q)
179 4261 253 4315 Hinc
271 4263 385 4316 codicilli
400 4264 481 4318 etiam
500 4265 623 4334 epistolas
641 4273 785 4319 vocantur:
804 4265 836 4320 L.
856 4269 897 4319 89.
914 4283 957 4334 pr.
971 4262 1005 4316 D.
1019 4261 1050 4314 sle
1063 4262 1155 4330 Lapat.
1170 4259 1210 4312 II.
1223 4260 1253 4310 Ι.
1266 4263 1309 4311 41.

54 4346 74 4412 i.
91 4350 118 4398 2.
137 4347 174 4398 D.
188 4348 219 4398 ds
231 4347 323 4416 Lepet.
335 4347 393 4402 III.
412 4351 447 4402 Et
462 4350 587 4418 quamvis
606 4353 687 4417 vulgo
705 4351 882 4405 diberentiam
901 4353 1020 4401 statuant
1037 4346 1106 4398 inter
1124 4345 1264 4398 codicillos
1282 4347 1309 4395 ct

55 4432 186 4496 epistolas
214 4431 490 4501 fideicommissariis,
508 4441 540 4488 ut
561 4436 627 4488 facit
643 4439 717 4490 Petr.
740 4437 876 4490 Milllerus
900 4435 936 4487 ad
954 4433 1042 4487 Struo.
1062 4431 1112 4482 Ex.
1133 4429 1248 4484 XXIV.
1266 4431 1308 4482 68.
1414 4432 1416 4436 ’

57 4531 110 4568 non
130 4531 202 4582 opus
221 4521 310 4570 umen
335 4535 395 4571 esse
413 4522 464 4572 hac
486 4519 635 4572 subtilitate
657 4522 795 4587 praeclare
817 4520 897 4573 evicit
920 4515 1122 4570 laudatissimus
1142 4516 1310 4566 Boclrmcrus

58 4603 127 4657 Diss.
147 4603 219 4654 laud.
240 4621 262 4656 c.
282 4604 473 4671 1.§.7.ets.
493 4605 572 4659 Hsin.
595 4660 599 4666 ,

1071 4683 1112 4746 30
