3062 5156
514 379 571 452 Da
594 381 851 452 Cuneronrsus.
1193 372 1200 388 “
1243 387 1313 455 rat

61 565 194 630 miniosa
210 558 459 650 quodammodo
480 565 551 624 erat
567 557 704 640 curatio,
723 564 759 621 et
773 557 914 642 proinde
930 557 1042 624 invitis
1060 558 1241 624 minoribus
1257 579 1314 624 cu·

60 684 180 738 ratores
208 693 278 735 non
301 666 505 734 obtrudebst
528 665 586 730 lex
607 667 781 746 Laetoria,
810 667 870 730 sed
885 667 1075 752 petentibus
1100 687 1176 749 eos,
1201 687 1314 732 caussa

61 780 201 864 cognita,
219 778 293 842 deri
303 777 454 864 jubebat.
475 772 634 850 Quamvis
648 773 736 836 enim
760 773 863 856 vulgo
880 794 923 838 ex
938 773 1016 838 loco
1031 774 1095 838 boc
1112 775 1197 839 Julii
1213 774 1315 858 Capi-

61 888 150 953 tolini
172 886 360 971 colligant,
385 883 465 966 lege
479 879 637 946 Laetoria
657 887 785 945 tautum
802 882 1046 946 adolescentibus
1071 884 1264 945 dementibus
1283 891 1315 944 ct

62 1001 177 1058 tascrbs'ss
191 995 295 1059 datos
313 1012 384 1056 esse
399 996 577 1069 curatores,
593 987 641 1052 uti
655 989 727 1072 ipse
744 1009 878 1073 quoque
894 992 928 1056 in
952 991 1226 1058 antecedentibus
1242 987 1316 1051 edi·

62 1103 202 1168 tionibus
228 1101 437 1185 scripseram:
452 1095 552 1162 facile
574 1101 685 1160 mmen
706 1103 817 1180 patet,
832 1097 880 1161 ita
899 1099 982 1162 nibil
1003 1101 1082 1163 nori
1103 1098 1249 1163 sanxisse
1263 1095 1315 1160 le-

62 1231 128 1294 gem
148 1209 365 1287 Laetorium,
385 1225 482 1290 quum
499 1205 569 1288 jam
594 1203 720 1287 pridem
739 1205 871 1269 furiosis
889 1213 924 1268 et
941 1207 1089 1291 prodigis
1104 1213 1314 1291 prospectum
1411 1201 1417 1218 ⁸
1494 1205 1497 1212 '

64 1327 142 1382 esset
154 1318 238 1381 XII
255 1313 405 1395 Tabulis,
422 1331 484 1376 nec
499 1312 646 1376 dubitari
660 1321 789 1397 posset,
806 1314 886 1397 quin
902 1313 1171 1377 adolescentibus
1184 1313 1316 1378 lascivis

60 1437 93 1489 et
107 1423 324 1489 dementibus
336 1419 523 1505 hujusmodi
539 1426 707 1484 curatores
720 1421 792 1484 dari
809 1421 990 1504 deberent,
1007 1443 1106 1506 quum
1125 1430 1160 1484 et
1173 1420 1317 1505 majores

63 1535 163 1598 XXV
176 1530 279 1596 annis
293 1529 329 1592 in
346 1528 518 1592 curatione
533 1527 616 1608 sint,
636 1527 664 1591 si
678 1527 851 1592 dementes
866 1528 922 1592 vel
941 1528 1057 1593 lascivi
1074 1548 1146 1592 esse
1161 1527 1317 1592 videren-

64 1650 117 1705 tur.
137 1643 266 1724 ltaque
288 1657 355 1700 non
373 1643 425 1700 cst
436 1635 491 1698 bic
506 1655 618 1700 sensus
628 1634 713 1699 Julii
731 1635 924 1720 Capitolini.
946 1635 1064 1700 Potius
1079 1637 1168 1702 inter
1186 1657 1221 1699 se
1236 1655 1318 1700 con·

64 1749 163 1813 tendit
171 1749 258 1832 jura
273 1745 316 1808 de
338 1743 527 1825 curatione,
543 1749 620 1808 ante
640 1742 846 1808 Antoninum
867 1751 1020 1828 recepta,
1038 1751 1073 1807 et
1087 1765 1173 1829 quae
1192 1744 1234 1808 ab
1252 1743 1318 1809 isto

67 1857 271 1941 Imperatore
286 1855 354 1916 sint
365 1851 507 1914 invecta.
531 1852 652 1927 Antea,
670 1850 797 1936 inquit,
817 1859 1002 1916 curatorum
1017 1870 1085 1915 non
1100 1852 1163 1916 nisi
1178 1854 1242 1916 tria
1257 1871 1319 1938 ge-

67 1969 272 2042 merserant,
287 1980 382 2043 quum
397 1979 462 2020 nors
479 1960 544 2022 nam
553 1971 594 2020 er
610 1959 681 2040 lege
696 1959 846 2023 Laetoria
866 1959 1045 2024 minoribus
1059 1962 1266 2044 petentibus,
1283 1969 1319 2024 et

67 2093 207 2135 caussam
224 2066 461 2154 probantibus,
476 2069 526 2127 aet
543 2065 689 2130 secundo
700 2076 830 2150 propter
845 2070 1005 2131 laromam
1022 2068 1182 2152 prodigis,
1198 2069 1318 2154 quibus

67 2180 205 2246 Praetor
226 2175 325 2240 bonis
347 2174 581 2254 interdixerat,
596 2174 646 2236 ael
660 2183 790 2255 propter
803 2176 988 2238 uenenorum
1003 2175 1134 2240 furiosis
1152 2185 1186 2240 et
1207 2184 1318 2240 mente

68 2287 161 2371 captis
178 2291 352 2348 curatores
368 2283 532 2344 darentur.
555 2279 646 2357 Quid
661 2297 742 2342 vero
758 2280 890 2344 Marcus
907 2281 1117 2346 Antoninus?
1138 2283 1171 2346 Is
1189 2287 1236 2344 s'to
1251 2293 1321 2346 sss-

67 2399 134 2469 tus't,
156 2401 196 2458 ut
218 2411 287 2455 non
303 2389 408 2454 solum
432 2395 606 2472 petentes,
629 2388 688 2450 sed
702 2408 808 2450 munes
827 2391 933 2451 adulti
950 2398 1113 2482 curatores
1132 2393 1321 2471 coeperest,

69 2507 153 2566 etium
162 2521 231 2564 uon
250 2499 381 2562 redditis
392 2501 522 2560 caussis.
539 2496 592 2560 Ex
605 2494 667 2558 hac
679 2493 808 2560 demum
824 2495 1016 2582 paraphrasi
1028 2497 1202 2582 perspicue
1215 2506 1320 2582 patet,

71 2611 142 2694 quid
163 2609 225 2672 lex
245 2605 421 2686 Laetoria,
445 2604 525 2690 quid
544 2604 591 2668 M.
606 2603 795 2666 Antoninus
817 2603 899 2688 Imp.
915 2605 1069 2690 jusserit,
1086 2605 1233 2691 quidque
1258 2605 1321 2670 sibi
1342 2620 1348 2630 ·

71 2717 146 2780 velit
159 2716 273 2782 Julius
290 2711 508 2796 Capitolinus.
523 2711 648 2798 [Quam
670 2710 697 2774 si
712 2710 849 2776 vidisset
865 2697 1009 2796 quidam,
1022 2734 1090 2794 non
1107 2713 1255 2799 dixisset,
1270 2722 1321 2780 sat

72 2824 143 2908 scio,
160 2844 213 2887 me
230 2843 300 2886 non
316 2820 498 2905 inspexisse
513 2819 622 2882 locum
640 2816 822 2902 Capitolini
837 2819 871 2882 in
888 2819 1029 2909 Marco]
1060 2826 1090 2903 ).

653 2973 682 3054 s.
703 2971 733 3034 a.

265 3090 311 3144 Ars
326 3108 360 3142 su
378 3107 408 3141 so
429 3099 548 3162 tempore
564 3097 701 3142 curatores
720 3089 807 3142 imao
825 3086 1032 3142 adolescentibus
1049 3089 1123 3142 dati?

148 3193 314 3258 Nimirum
335 3190 392 3253 lex
418 3189 577 3254 Laetoria
599 3188 679 3254 dare
701 3189 853 3256 voluerat
877 3198 1043 3254 curatores
1066 3188 1324 3256 adolescentulis

73 3302 259 3386 petentibus
282 3307 317 3376 et
332 3319 476 3362 caussam
490 3297 725 3381 probantibus3
741 3299 883 3362 Praetor
898 3319 932 3362 se
948 3296 1139 3382 petentibus
1155 3303 1324 3362 curatores

73 3412 263 3494 promiserat
284 3406 451 3487 daturum,
475 3405 603 3470 etiarnsi
625 3425 739 3468 caussa
764 3427 832 3470 non
853 3405 1001 3482 reddita;
1024 3406 1154 3469 Marcus
1178 3404 1324 3490 denique

75 3519 260 3583 Antoninus
279 3515 403 3592 statuit,
418 3521 456 3576 ut
470 3521 506 3577 et
520 3534 633 3579 omues
650 3512 849 3597 acciperent,
866 3535 929 3578 nec
944 3535 1078 3580 caussae
1093 3512 1324 3578 redderentur.

23 3679 30 3692 .
75 3627 175 3708 Atqui,
187 3623 332 3708 inquies,
349 3622 457 3686 adhuc
469 3619 648 3684 lastiniani
664 3642 748 3684 aevo
764 3626 857 3684 inuiti
865 3624 1076 3684 adolescentes
1087 3631 1249 3684 curatores
1263 3641 1326 3683 nors

75 3735 277 3816 acctpzbbarsts
296 3730 505 3813 §.2.Irsst.1s.
524 3738 545 3790 t.
559 3728 614 3791 An
625 3727 739 3814 itaque
751 3751 822 3792 cum
841 3729 1019 3794 Raevardo
1038 3729 1111 3790 Vur.
1130 3727 1216 3789 Ι.17.
1227 3727 1326 3790 insci-

79 3839 141 3903 tiae
152 3858 328 3926 arguemus
345 3825 583 3902 'l'iibonianum
593 3883 602 3917 ,
612 3836 667 3920 jus
690 3838 859 3924 antiquum
875 3860 936 3922 pro
952 3859 1040 3904 novo
1060 3844 1094 3898 et
1112 3844 1249 3920 recepto
1266 3821 1328 3897 ob-

24 3987 26 3993 =
75 3948 280 4012 tradentem?
294 3946 349 4010 An
366 3967 436 4010 cum
457 3945 594 4029 Vultejo
611 3945 653 4007 ad
670 3944 867 4026 d.§.2.lnst.
880 3947 909 4006 a
925 3956 947 4008 t.
966 3965 1040 4010 eum
1053 3943 1161 4010 locum
1178 3943 1326 4006 decure-

140 4146 172 4209 ιι)
193 4145 244 4197 Ge.
263 4143 347 4196 cour.
366 4141 457 4196 crusii
473 4143 535 4197 dus.
553 4143 590 4194 sd
606 4143 813 4202 soysstitrsts'osssm
833 4141 867 4194 D.
881 4141 973 4194 Marci
1002 4143 1034 4193 de
1058 4137 1225 4194 curatoribus
1245 4141 1329 4192 mriso-

76 4245 133 4279 rum
149 4231 263 4298 purisque
281 4237 308 4280 st
325 4229 415 4297 uiginti
431 4227 516 4280 annu.
537 4227 625 4293 Lugd.
646 4229 721 4279 1712.
738 4231 763 4278 8.
785 4231 813 4277 ct
830 4226 858 4277 in
876 4227 995 4279 Fellenb.
1004 4227 1122 4295 yisrs'spr.
1141 4226 1221 4294 antiq.
1239 4226 1271 4277 Τ.
1290 4227 1326 4280 11.

78 4327 103 4376 p.
121 4319 171 4368 576
182 4343 214 4354 -
223 4317 285 4367 589.
304 4313 383 4376 Quae
402 4314 454 4366 snb
471 4312 552 4364 tinem
564 4312 648 4378 hujus
662 4309 723 4378 §phi
735 4328 771 4362 ex
782 4311 824 4364 ed.
840 4311 992 4364 Genevcnsi
1007 4316 1180 4363 accesserunt
1192 4310 1329 4364 meientis
1379 4305 1382 4310 ’

79 4395 192 4463 inclusa,
211 4403 337 4465 spectent
360 4398 396 4450 ad
418 4396 537 4449 Ernestii
554 4396 671 4449 indicem
695 4397 786 4462 legum
804 4413 828 4449 v.
847 4397 982 4449 lastaria.
1005 4397 1049 4449 Dc
1068 4394 1129 4460 ipsa
1146 4393 1332 4448 controversia

80 4481 131 4535 rid.
148 4485 231 4550 lingo
251 4483 288 4536 R.
309 4485 343 4537 G.
361 4499 390 4549 p.
407 4487 467 4535 ³95.
486 4497 529 4549 sq.
548 4480 637 4536 Haud.
661 4482 733 4534 'lum
750 4497 825 4546 vcro,
842 4480 890 4549 qui
908 4495 992 4548 supra
1009 4479 1117 4547 allegati
1135 4483 1199 4532 sunt
1217 4477 1337 4548 scripto-

82 4581 123 4617 rcs
139 4569 173 4621 ad
189 4571 211 4638 ξ.
229 4574 256 4622 6.
275 4573 332 4621 not.
349 4583 379 4634 g.
397 4565 484 4621 Mitt.
572 4608 574 4616 ,
