3122 5162
461 404 516 476 lm
541 404 702 474 l'unnsors
727 403 893 475 Junrous.
958 413 959 418 ’
1011 461 1039 474 ..
1233 413 1306 488 718
1388 373 1392 380 ¹

58 597 194 650 morena
215 595 343 646 causes
361 595 540 646 mannos
561 585 727 644 cumnis?
750 579 869 646 Cicero
888 580 978 642 Orat.
995 601 1057 664 pra
1075 583 1164 648 ὼπιο
1181 551 1242 646 :aa
1262 585 1308 646 ari
1404 581 1410 592 '

57 693 196 771 Paatfia
214 711 241 752 c.
262 689 313 754 18.
336 697 372 753 et
392 688 443 752 19.
475 686 552 764 Quo
577 686 667 752 facto
690 688 830 771 populus
855 686 910 751 vel
932 686 1027 771 plebs
1057 689 1250 754 mittebatur
1270 690 1304 756 in

56 797 296 880 suffragia,.ita,
313 805 350 860 ut
370 793 521 880 singulae
544 795 713 858 centuriae
729 793 785 858 vel
804 795 907 860 tribus
929 815 992 879 per
1012 804 1132 880 pontes
1153 798 1187 861 in
1210 804 1305 881 septo

55 905 240 984 transirent,
257 910 292 966 et
314 903 355 966 od
371 910 491 988 pontes
509 900 651 966 tabellas
666 902 863 966 sententiam
886 923 975 966 suam
988 903 1179 987 complexas
1195 913 1306 969 custo-

55 1013 148 1077 dibus
175 1010 302 1076 darent.
323 1009 390 1087 Qui
413 1029 504 1072 reum
532 1008 784 1073 condemnatum
814 1009 989 1073 volebant:
1011 1010 1156 1074 tabularu
1183 1011 1306 1076 redde-

54 1126 143 1199 bant,
161 1118 215 1182 cui
235 1111 425 1200 inscriptum
447 1117 489 1182 U.
505 1117 565 1197 R.,
580 1117 614 1180 id
631 1125 698 1197 est,
720 1121 770 1180 uti
784 1137 889 1198 rogas.
913 1116 980 1194 Qui
995 1118 1180 1183 absolutum
1199 1120 1303 1184 mole-

53 1231 146 1294 bant:
168 1223 322 1305 alteram,
349 1225 382 1288 in
410 1245 474 1308 qua
501 1233 572 1287 erat
595 1224 655 1304 A.,
679 1223 786 1288 idest
811 1227 947 1304 antiquo.
968 1225 1126 1310 Denique
1149 1226 1304 1291 diremtio

52 1333 301 1416 numeratioque
321 1333 423 1396 fiebat
444 1332 688 1416 suffragiorum,
710 1328 827 1393 codem
850 1332 961 1412 modo,
970 1322 1074 1418 xquem
1099 1355 1196 1417 supra
1216 1334 1305 1399 in'ter
1378 1367 1380 1370 ·

52 1441 271 1527 legislationis
285 1439 366 1502 ritus
385 1439 628 1521 descripsimus:
651 1446 686 1502 et
700 1448 788 1520 tunc,
806 1439 895 1522 'quod
911 1438 1022 1523 plures
1044 1441 1215 1506 scivissent
1227 1463 1303 1506 cen-

52 1551 157 1616 turiae
173 1547 228 1611 vel
253 1548 366 1629 tribus,
387 1555 493 1610 ratum
508 1547 702 1636 habebatur,
725 1547 900 1630 statimque
917 1546 971 1611 vel
986 1548 1108 1614 mulcta
1124 1549 1177 1612 vel
1194 1571 1305 1633 poena

52 1679 143 1724 areo
163 1656 370 1739 exigebatur,
386 1654 440 1721 vel
461 1653 644 1736 absolutum
668 1652 760 1717 illum
785 1673 856 1716 esse
881 1656 1175 1736 pronunciabatur:
1190 1658 1304 1722 Livius

53 1765 172 1828 XLIII.
185 1763 238 1826 16.
260 1763 378 1826 Cicero
398 1763 489 1824 Orat.
505 1749 567 1844 pra
580 1762 668 1825 dama
683 1781 743 1824 aaa
757 1762 802 1823 ad
815 1761 959 1844 Poataflc.
974 1785 1000 1828 c.
1018 1763 1070 1830 30.

621 1927 650 2008 §-
670 1927 723 1990 45.
774 1918 781 1932 '

481 2043 565 2112 Lepet
580 2041 612 2094 de
621 2043 733 2112 judiciis
747 2039 867 2112 publicis.

138 2147 181 2208 Et
202 2145 285 2210 haec
307 2143 440 2229 quidem
464 2143 527 2205 fuit
549 2141 748 2226 judiciorum
771 2143 978 2225 publicorum
1003 2144 1185 2230 populique
1207 2147 1302 2209 ratio.

51 2255 126 2319 Janr
144 2253 226 2318 nihil
249 2259 407 2338 superest,
424 2272 519 2335 qnam
536 2258 571 2313 ut
592 2249 686 2332 leges
703 2248 745 2311 de
762 2247 896 2334 judiciis
912 2251 1070 2334 publicis,
1090 2274 1169 2336 quas
1191 2253 1303 2336 Impe-

50 2370 142 2426 rator
162 2361 225 2424 boc
251 2359 349 2423 titulo
371 2357 568 2442 explicavit,
585 2377 627 2418 ex
651 2355 902 2440 antiquitatibus
919 2356 1132 2440 illustremus,
1157 2361 1304 2444 quamvis

38 2469 83 2533 ‘id
100 2491 166 2532 non
189 2465 414 2553 perfunctorie
430 2466 501 2551 jam
518 2465 639 2529 sactum
656 2485 675 2526 a
691 2462 765 2552 Car.
781 2463 921 2548 Sigonio
938 2465 978 2528 de
995 2466 1125 2529 indiciis
1140 2469 1181 2528 II.
1196 2466 1246 2529 16.
1258 2489 1301 2551 sq.

43 2600 79 2660 r·
95 2577 166 2640 ⁵77·
182 2599 246 2662 ua·
740 2555 743 2566 Χ

629 2690 659 2771 ἓ.
674 2689 725 2754 46.

463 2806 569 2860 crimea
589 2805 676 2857 laesae
693 2807 837 2876 mqp'estotr's
851 2806 891 2872 l).

132 2911 313 2974 Maximum
338 2907 478 2989 crimen,
501 2904 590 2991 quod
606 2927 626 2968 a
641 2906 886 2984 civeRomano
910 2906 1038 2970 admitti
1061 2916 1208 2990 poterat,
1232 2917 1303 2974 erat

43 3034 268 3098 mntus‘rnrts,
285 3037 352 3101 quo
368 3017 500 3078 nornine
516 3014 674 3077 veniebat
691 3007 840 3094 quidquid
852 3014 1005 3077 aduersas
1021 3017 1172 3096 papulam
1185 3017 1304 3078 Itoma-

41 3150 125 3192 rmm
148 3135 206 3188 ant
226 3129 424 3188 securitatem
447 3126 516 3206 ejus
536 3125 731 3184 commissam
747 3120 879 3198 suerat:
901 3120 985 3182 1..1.
1008 3122 1036 3202 §.
1057 3121 1144 3185 LI).
1163 3125 1207 3184 od
1225 3124 1302 3204 Lag.

41 3237 112 3297 Jat.
130 3236 251 3314 majest.
273 3239 345 3310 ant,
369 3239 406 3295 ut
421 3231 539 3294 Cicero
561 3230 599 3292 :ie
620 3230 753 3290 Oratore
768 3228 809 3288 II.
824 3225 874 3288 39.
891 3227 1063 3292 describit:
1085 3233 1236 3311 majestas
1256 3239 1305 3292 est

40 3341 221 3424 amplitudo
239 3361 277 3400 ac
298 3341 436 3424 dignitas
454 3341 595 3399 civitatis.
619 3337 648 3396 Is
666 3359 735 3398 eam
753 3340 880 3426 minuit,
900 3340 956 3418 qni
974 3341 1144 3398 exercitum
1166 3337 1302 3400 hostibus

33 3450 159 3532 popuii
174 3447 313 3508 Romani
330 3447 469 3508 tradidit.
491 3445 536 3508 Et
558 3445 675 3505 Partit.
696 3445 820 3506 Orator.
835 3466 861 3506 c.
882 3441 933 3505 30.
952 3445 1101 3526 majestas
1127 3452 1175 3506 est
1193 3447 1226 3506 ia
1244 3447 1303 3506 im·

117 3653 144 3717 1)
165 3650 304 3704 Ferrsu'us
320 3650 389 3718 Epp.
410 3651 431 3702 1.
451 3654 491 3702 14.
518 3649 563 3702 Jo.
580 3663 634 3701 vau
649 3649 759 3700 Becker
777 3647 847 3700 Dies.
860 3649 891 3699 de
906 3649 1015 3700 camme
1026 3647 1177 3716 mrp'ettetis.
1189 3649 1303 3717 Franeq.

39 3741 127 3792 1⁷29.
146 3740 174 3788 4.
192 3742 220 3788 ct
237 3735 264 3788 in
283 3733 406 3786 Oelricbs
428 3732 503 3784 Iber.
524 3735 557 3787 N.
576 3732 1180 3800 DeaBetqq.Vol.11.n‘.1.p.⁷o-197.
1206 3734 1301 3786 Edito·
1394 3777 1397 3784 .

35 3823 81 3876 ris
104 3821 179 3872 Dias.
194 3819 219 3872 Ι.
240 3821 272 3870 da
290 3815 388 3885 lapibus
405 3817 547 3884 mrp'estati:
563 3819 656 3887 papali
675 3815 753 3869 Rom.
768 3816 829 3869 lati:
843 3825 903 3870 ante
916 3818 997 3886 tapam
1008 3818 1119 3871 Iuliam.
1139 3818 1214 3884 Lips.
1227 3823 1301 3874 1786.

34 3912 66 3960 4.
89 3903 137 3971 (in
157 3921 262 3971 opauco.
276 3897 313 3954 ’Τ.
332 3904 354 3955 l.
371 3917 398 3966 p.
416 3905 477 3952 53—
488 3905 561 3970 146.)
580 3905 665 3957 Henr.
685 3901 747 3954 Cbr.
771 3901 852 3954 Conr.
871 3902 1050 3956 Grtinebusclr
1069 3903 1120 3954 Pr.
1139 3902 1171 3953 rte
1189 3903 1298 3954 crimina

29 3988 241 4060 perduellionis
257 3993 335 4056 atque
352 3986 496 4056 majestatis
508 3989 580 4053 apud
592 3989 694 4055 priscos
707 3987 857 4047 Romanos,
876 3995 902 4039 et
915 3988 947 4038 de
959 4005 1006 4050 ea,
1021 3989 1092 4057 qaod
1111 3989 1182 4038 inter
1199 3996 1300 4039 amru-

35 4091 95 4144 qne
113 4073 181 4140 jam
207 4070 305 4125 liberae
333 4069 492 4138 reipublicae
525 4079 640 4138 tempor:
653 4073 730 4138 fnit,
760 4073 915 4124 discrimine.
953 4072 1035 4125 Cellis
1056 4077 1128 4126 1801.
1146 4078 1170 4126 4.
1189 4078 1215 4124 et
1230 4091 1255 4125 c.
1275 4087 1299 4124 n.

35 4158 153 4212 Christ.
168 4155 255 4209 Glieb.
266 4155 418 4220 Konopak;
433 4155 461 4208 in
474 4156 499 4209 d.
512 4155 612 4208 Arellio
624 4158 668 4208 des
680 4157 894 4210 Crimiaalreclits
903 4158 933 4207 T.
942 4155 976 4209 V.
992 4174 1066 4210 num.
1078 4163 1104 4211 6.
1116 4174 1142 4224 p.
1159 4162 1298 4211 121-141.

35 4241 234 4298 Grunehusch
255 4243 305 4296 Pr.
323 4240 426 4294 deloco
444 4242 513 4295 Liuii
530 4241 555 4293 I.
569 4245 612 4294 26.
631 4242 662 4292 de
675 4231 867 4308 perinallianis
876 4241 981 4309 judicio
1000 4239 1115 4296 claraco.
1134 4244 1207 4297 Cell.
1226 4247 1298 4297 1814.

32 4337 63 4386 4.
87 4330 215 4383 Schulze
239 4329 293 4379 Van
319 4327 379 4378 dan*
395 4325 698 4394 Vallisnersammlnnqan
717 4328 764 4378 der
777 4327 879 4378 Rb'mer
901 4326 1019 4378 Absebn.
1041 4328 1091 4380 Ill.
1110 4347 1134 4382 c.
1155 4335 1180 4382 2
1199 4345 1224 4395 p·
1242 4331 1300 4381 ³21.
1408 4323 1410 4326 ’

32 4430 83 4482 sq.
105 4411 241 4466 Roschirt
257 4408 399 4463 Leirlrnclr
418 4411 463 4463 das
484 4409 699 4462 Crimr'nalrerlrta
716 4411 737 4478 §.
758 4415 901 4466 tre—trs.
919 4427 945 4476 p.
957 4415 1103 4465 eeu-244.
1116 4413 1204 4468 Hand.
1222 4417 1252 4468 C.
1269 4415 1301 4465 F.

32 4499 140 4554 Dieck
165 4497 319 4552 Geacir'clrtc
338 4497 382 4548 des
399 4495 466 4548 rdnr.
486 4493 815 4563 illajastiitaaerbreclreas,
840 4496 869 4550 in
889 4495 941 4548 deu
959 4495 1131 4548 historischen
1156 4497 1301 4551 verneto:

30 4582 83 4636 iib.
106 4585 161 4637 das
183 4580 389 4640 Crimiaalrecltt
405 4582 454 4634 dar
469 4578 580 4634 Itlimer.
597 4581 679 4634 Helle
699 4584 774 4634 1822.
793 4598 821 4646 p.
840 4585 950 4634 1-180.
969 4580 1058 4635 Moti.
