2968 5154
205 325 275 390 ias
551 277 555 284 ’
677 315 753 382 us.
779 314 806 380 1.
831 313 910 379 'ns
936 315 978 380 x.

202 510 327 560 snmus
348 508 512 574 3330333,
532 507 676 554 nonium
697 506 895 553 nourrmru:
913 488 1053 572 Rupert
1079 489 1180 570 31331.
1195 487 1247 548 41.
1267 487 1312 548 ad
1329 487 1449 548 Raima
1481 449 1482 456 .

201 603 283 684 Lep.
297 600 369 662 156.
390 599 462 662 235.
479 599 556 663 237.
577 598 708 662 Gruter.
729 600 829 660 Inscr.
849 620 883 680 p.
907 597 1088 658 DXXCIV.
1103 595 1154 656 11.
1171 617 1204 676 p.
1222 595 1406 655 DOXVIII.
1422 594 1450 654 9.

197 733 232 793 p.
256 707 524 770 DCCCLXXIX.
547 706 577 768 7.
597 704 644 787 ¹²).
671 705 774 768 Plura
798 703 951 788 exempla
977 703 1071 766 dabit
1086 702 1129 766 V.
1146 701 1183 765 C.
1204 703 1276 766 Iac.
1301 701 1451 764 Perizon.

202 820 337 879 Brisari.
356 816 394 876 de
413 814 519 874 diuina
541 819 661 876 constet.
682 815 778 876 Deut.
796 835 822 874 c.
843 812 894 873 25.
912 833 940 873 u.
954 812 984 872 5.
1001 812 1031 874 6.
1054 812 1236 874 Ρ33313333
1255 809 1314 872 VI.
1331 829 1368 870 re
1387 809 1452 891 ipsa

202 930 402 1008 potestatem
420 941 574 983 summam
595 921 630 984 in
656 942 793 1001 uxores,
816 942 883 983 non
898 911 991 982 secus
1014 942 1052 982 ac
1080 918 1114 981 in
1128 901 1233 1000 filias,
1254 916 1453 983 exercebant

203 1031 321 1094 mariti.
343 1027 516 1113 Quidquid
532 1028 728 1112 adquirebat
747 1050 842 1109 uxor,
864 1029 982 1090 marito
999 1027 1206 1110 adquirebat.
1229 1027 1341 1087 Omm'a
1358 1025 1452 1107 enim,

204 1160 285 1224 quae
303 1139 371 1220 ejus
386 1147 494 1210 eram,
515 1141 579 1199 vr'rs'
589 1139 714 1218 fiebunt
737 1138 817 1199 dotis
831 1141 973 1198 aomrize:
993 1135 1060 1198 Cic.
1079 1135 1177 1216 ibpr'c.
1194 1134 1224 1195 4.
1245 1133 1305 1197 Jus
1322 1155 1452 1218 quoque

203 1248 293 1311 vitae
311 1252 345 1308 31
361 1245 450 1307 33313
466 1245 676 1328 competiisse
694 1243 818 1307 maritis
833 1244 867 1306 in
884 1265 1004 1306 uxores
1017 1243 1196 1325 adulterae,
1210 1242 1352 1324 vinosus,
1369 1242 1454 1304 aliis-

204 1375 269 1440 que
294 1374 329 1416 se
352 1352 531 1416 sceleribus
550 1352 761 1436 polluentes,
785 1361 897 1414 notum
928 1360 976 1414 est
1000 1373 1043 1414 ex
1061 1351 1199 1434 Dionys.
1221 1349 1331 1412 Halic.
1345 1350 1391 1410 II.
1406 1350 1454 1411 25.

205 1459 419 1527 (13111123.
443 1482 486 1548 eu
508 1460 626 1544 quibus
648 1469 757 1544 patet,
777 1461 910 1525 maritos
933 1460 1023 1523 domi
1045 1479 1122 1522 suae
1146 1467 1311 1542 tamquam
1324 1458 1455 1542 judices

205 1570 247 1633 de
265 1590 402 1633 uxorum
428 1567 616 1631 criminibus
637 1569 843 1653 cognovisse.
866 1568 1032 1651 Exempla
1051 1568 1129 1632 vide
1153 1567 1241 1652 apud
1263 1566 1350 1629 Plin.
1372 1567 1455 1642 Hist.

204 1680 281 1740 Nat.
296 1675 385 1737 XIV.
402 1675 451 1740 13.
476 1676 600 1739 Mansit
620 1677 718 1740 etiarn
739 1678 798 1741 sub
813 1677 1072 1760 Imperatoribus
1088 1675 1217 1760 pristini
1240 1673 1338 1736 moris
1355 1674 1458 1737 vesti-

205 1789 306 1872 gium,
322 1791 408 1847 teste
424 1783 586 1846 Suetonio
604 1783 665 1846 ltu.
682 1806 706 1845 o.
724 1784 775 1847 35.
793 1785 901 1848 Tacit.
916 1788 1000 1846 Aua.
1018 1786 1060 1845 II.
1077 1783 1106 1844 1.
1123 1783 1214 1844 XIII.
1232 1767 1284 1844 32.
1300 1783 1457 1866 Denique

206 1895 285 1958 Vll.
303 1914 346 1954 ex
366 1875 488 1976 insigni
510 1890 586 1953 loco
604 1890 689 1976 Gaji
712 1892 800 1975 apud
823 1894 1024 1954 Partirtorem
1046 1892 1112 1953 bu.
1135 1893 1215 1953 Mos.
1237 1900 1268 1952 et
1292 1889 1378 1950 Rom.
1401 1891 1458 1951 su.

207 2004 244 2064 X
245 2001 298 2062 VI.
317 2002 369 2080 (0.
384 1999 413 2061 2.
433 2001 461 2082 §.
476 1997 505 2062 3.
526 1999 665 2061 exedit.
688 1999 829 2082 Blumii‚
847 2010 881 2064 et
902 2001 977 2063 inst.
998 2007 1171 2063 comment.
1191 1998 1253 2060 Ill.
1269 1997 1338 2079 14.)
1353 2005 1459 2080 patet,

206 2115 323 2174 sororr's
342 2112 406 2170 Ioco
420 2109 524 2170 liberis
535 2108 642 2186 srcr'sse
663 2116 797 2170 matrem
819 2118 876 2170 aut
895 2129 1077 2180 nouercam,
1099 2129 1179 2190 quoe
1200 2125 1260 2187 per
1278 2109 1310 2168 iu
1331 2125 1462 2184 manum

206 2221 435 2282 conventionem
455 2217 543 2297 opud
560 2225 686 2297 putrem
708 2237 813 2278 eorum
835 2231 894 2280 JUS
916 2233 1029 2280 ululas
1055 2222 1244 2296 consequuta
1269 2216 1317 2276 sit.
1347 2211 1461 2289 Quare

206 2326 392 2412 negandum
417 2323 504 2386 haud
530 2322 678 2406 videtur,
709 2345 846 2406 uxores,
871 2345 956 2407 quae
982 2321 1249 2388 confarreatione
1271 2321 1306 2383 in
1330 2342 1462 2383 manum

107 2425 111 2442 ¹
206 2443 386 2517 venerant,
412 2433 446 2496 in
467 2439 635 2516 potestate
655 2433 843 2494 maritorum
866 2431 983 2494 fuisse:
1008 2431 1087 2496 Ger.
1111 2429 1236 2494 Noodt.
1260 2429 1397 2490 Probat.
1422 2430 1464 2488 II.

206 2545 236 2606 a.
255 2566 286 2625 p.
306 2541 406 2620 641).

276 2785 309 2852 a)
330 2783 405 2848 ouu
426 2783 536 2838 netues.
558 2785 645 2842 inser.
668 2785 707 2838 u.
724 2785 749 2839 ι.
766 2785 853 2840 inser.
873 2769 990 2842 xviii.
1015 2785 1042 2840 3
1062 2788 1101 2842 or.
1126 2789 1170 2840 rr.
1187 2788 1275 2841 333.
1292 2786 1335 2839 11.
1354 2786 1468 2853 30333

208 2873 332 2938 exempla
351 2884 478 2935 uxorum,
496 2876 554 2922 tum
573 2887 643 2938 quae
661 2870 819 2924 3333110333
839 2873 949 2926 nomina
966 2873 1166 2936 adsumserunt,
1186 2879 1243 2924 tum
1262 2887 1332 2940 3333
1350 2877 1468 2937 paterna

208 2958 392 3017 retinuerunt,
408 2970 524 3022 quarum
538 2953 600 3008 illae
616 2955 645 3009 in
663 2973 774 3010 manum
792 2964 985 3022 convenerant,
1004 2959 1055 3010 liae
1073 2974 1128 3010 nou
1146 2962 1335 3011 couvenerant.
1354 2957 1442 3008 Heia.

135 3027 137 3038 ¹
281 3042 305 3108 i)
326 3043 440 3094 Frustra
452 3041 513 3109 quis
532 3049 661 3109 quaerat:
679 3043 795 3096 tueritne
812 3043 986 3112 inpotestate
1000 3042 1233 3110 mancipiovesiri
1243 3040 1469 3107 materfamiliasi

207 3127 262 3182 nisi
280 3144 353 3190 cam,
372 3142 442 3194 quae
459 3127 570 3193 proprie
588 3129 663 3181 bisce
680 3130 750 3181 inest
767 3129 921 3188 vocabulis,
940 3129 1010 3194 vim,
1029 3146 1045 3181 a
1061 3130 1231 3195 generaliore
1252 3126 1300 3180 illa
1317 3127 1408 3192 probe
1427 3127 1482 3202 dig

208 3215 328 3280 stinguat
342 3211 547 3279 significatione,
562 3229 633 3281 quae
650 3212 805 3279 promiscue
822 3230 853 3265 ac
867 3215 1046 3268 communiter
1066 3214 1163 3266 iisdem
1182 3212 1264 3265 tribui
1284 3215 1364 3266 solet
1386 3212 1471 3280 (Vid.

208 3301 413 3370 TacitiAunaI.
428 3299 476 3350 IV.
498 3303 538 3350 16.
557 3297 620 3365 Gaji
638 3299 704 3350 Just.
724 3299 744 3351 l.
765 3303 822 3352 117.
847 3299 968 3352 Dirksen
990 3300 1113 3352 manuale
1132 3299 1225 3350 lotinr't.
1245 3299 1321 3366 font.
1330 3300 1396 3368 jur.
1420 3301 1471 3350 civ.

209 3385 288 3437 Rom.
307 3403 332 3438 v.
353 3401 446 3436 munus
457 3383 479 3450 §-
490 3387 515 3435 3.
527 3386 560 3436 Α.
576 3384 623 3450 Β.)
644 3383 763 3452 Proprie
778 3383 860 3450 igitur
877 3385 906 3437 in
926 3401 1022 3447 manu,
1035 3399 1090 3436 non
1109 3383 1137 3434 in
1155 3389 1289 3448 potestate
1303 3390 1363 3436 erat
1374 3383 1473 3437 mariti

209 3469 322 3532 mulier,
339 3485 428 3536 neque
446 3469 474 3520 iu
492 3469 553 3534 ipso
574 3475 680 3522 tantum
697 3471 831 3522 vocabulo
854 3470 945 3523 minus
970 3469 1057 3522 iuerat
1080 3468 1250 3534 asperitatis,
1268 3485 1363 3522 verum
1382 3470 1473 3521 etiam

209 3556 285 3608 33110
303 3557 433 3621 umquam
451 3558 573 3619 tempore
591 3555 648 3606 11331
666 3556 803 3622 potuisse,
817 3560 847 3608 ut
864 3553 912 3606 tali
930 3553 1074 3606 severitate
1090 3552 1180 3606 mariti
1197 3558 1337 3606 uterentur
1355 3553 1386 3606 iu
1406 3571 1473 3606 mu-

209 3640 301 3705 lieres,
321 3641 429 3708 qualem
448 3646 537 3701 patres
556 3637 618 3689 liliis
637 3637 778 3692 filiabusve
795 3639 911 3692 familias
931 3638 1070 3707 quondam
1085 3639 1213 3692 adbibere
1232 3637 1401 3702 consuerint,
1423 3640 1475 3693 vix

209 3732 259 3790 est,
279 3722 353 3793 quod
373 3721 536 3775 dubitemus.
547 3723 595 3788 (V.
612 3723 674 3790 Gaj.
690 3725 756 3776 lust.
769 3726 817 3776 111.
830 3729 872 3778 60.
885 3726 975 3777 Haase
994 3725 1101 3777 Guterr.
1119 3725 1167 3776 der
1187 3726 1338 3790 Ebegatteu
1351 3723 1375 3774 1.
1386 3725 1413 3790 ,3.
1427 3730 1474 3777 26.

210 3809 348 3862 Zimmern
360 3808 394 3859 R.
407 3807 439 3858 G.
452 3822 478 3873 p.
490 3809 577 3872 830.).
595 3808 631 3859 Et
649 3815 816 3876 quantopere
833 3825 930 3862 manus
949 3809 1054 3861 differat
1066 3826 1082 3861 a
1093 3815 1236 3875 potestate,
1252 3827 1287 3861 ex
1305 3824 1338 3861 eo
1351 3826 1476 3878 quoque

210 3895 323 3962 intelligi
338 3897 439 3958 potest,
458 3892 533 3959 quod
550 3909 643 3946 manus
660 3910 767 3959 semper
784 3894 919 3946 tribuatur
931 3895 1041 3958 marito,
1059 3909 1115 3946 non
1127 3893 1167 3957 ei,
1185 3895 1264 3962 cujus
1280 3895 1310 3947 in
1327 3900 1477 3963 potestate

209 3982 315 4034 illeest
329 3978 406 4045 (Gaj.
425 3977 475 4030 Ill.
486 3978 529 4043 3),
548 3993 632 4044 quum
651 3978 734 4044 patri,
754 3979 801 4050 qui
819 3979 878 4044 ipse
898 3979 1058 4046 subjiciatur
1075 3980 1217 4046 potestati,
1235 3979 1290 4031 nou
1309 3986 1477 4044 competere

210 4066 239 4118 in
258 4066 358 4118 liberos
377 4066 552 4130 potestatem,
571 4060 599 4112 in
616 4065 714 4129 vulgus
733 4070 827 4118 uotum
846 4064 889 4118 sit.
909 4063 1090 4134 Caeteroquiu
1109 4063 1206 4115 mulier
1222 4063 1251 4116 iu
1269 4059 1382 4116 manum
1402 4081 1477 4116 con-

211 4149 343 4203 veniendo
356 4148 451 4215 capitis
465 4146 676 4200 deminutionem
689 4149 840 4214 patiebatur
855 4149 931 4216 (Gaj.
943 4150 962 4201 l.
975 4149 1038 4214 162)
1055 4154 1137 4215 atque
1149 4147 1177 4199 in
1189 4148 1318 4200 familiam
1330 4151 1479 4203 transibat

211 4235 271 4300 viri,
289 4235 334 4288 cui
346 4236 416 4287 filiae
428 4240 486 4286 erat
498 4235 566 4296 1000,
579 4247 674 4284 303330
691 4239 790 4297 autem,
803 4235 881 4300 cujus
893 4233 922 4284 in
934 4237 1066 4298 potestate
1078 4231 1191 4284 maritus
1204 4237 1284 4297 esset,
1301 4234 1393 4299 neptis
1407 4239 1478 4289 loco

215 4320 290 4385 (Gaj.
308 4320 330 4372 Ι.
352 4325 407 4372 111.
426 4321 462 4372 11.
477 4322 534 4372 159.
549 4318 597 4369 111.
610 4321 635 4379 3,
655 4318 723 4370 Coll.
741 4319 823 4384 Legg.
843 4318 917 4370 Mos.
934 4322 961 4369 et
972 4319 1052 4369 Rom.
1065 4319 1145 4370 XVI.
1162 4319 1214 4384 2.).
1232 4319 1269 4370 At
1286 4318 1408 4372 mutatio
1430 4324 1478 4373 vel

213 4403 331 4454 maxime
349 4401 462 4469 insignis
481 4403 591 4456 Tiberio
612 4409 739 4468 regnante
756 4402 860 4462 accidit.
879 4403 950 4456 Nam
968 4419 1052 4469 quum
1070 4401 1098 4454 iu
1117 4401 1322 4455 desuetudinem
1342 4402 1403 4454 lere
1423 4407 1479 4457 ab·

213 4487 290 4540 iisset
307 4488 493 4540 confarreandi
506 4485 767 4560 31033333330313
780 4489 886 4539 adesset
898 4487 1075 4553 patrimorum
1090 4493 1116 4538 et
1129 4488 1317 4549 pistrimorum
1333 4489 1375 4554 (v.
1384 4491 1406 4555 ξ.
1418 4493 1479 4557 5.),
