3056 5154
215 411 289 480 sss
558 403 638 474 ιιι
663 403 728 472 ιιι.
753 401 839 472 τη.
862 401 976 472 ιιιιιι.
1002 401 1135 491 (xxi.)

216 589 304 648 mum
322 577 519 644 litterarium
535 577 732 659 constitisse,
746 585 881 662 putant,
897 577 988 662 quod
1002 575 1190 640 nominibus
1209 576 1258 638 ita
1278 573 1397 637 tabulis
1415 576 1467 638 in-

216 687 344 770 scriptis
366 685 510 770 obligati
526 685 652 750 inerim
674 684 845 748 debitores
864 705 933 746 non
956 685 1080 764 minus,
1095 703 1136 745 ac
1159 681 1188 745 si
1208 680 1393 764 stipulatio,
1413 681 1467 744 vel

170 843 177 852 -
216 793 308 862 aliud
322 793 489 858 vinculum
509 791 765 856 intercessisset:
780 790 936 875 Sigonius
951 791 991 852 de
997 792 1099 872 jads'e.
1113 792 1139 854 Ι.
1153 791 1185 852 5.
1195 811 1229 870 p.
1241 787 1316 850 ΑΒ.

799 939 880 1022 sa.

674 1058 754 1117 Quod
770 1066 858 1108 tamen
874 1055 1018 1123 refellitur.

298 1159 479 1222 Enimvero
490 1157 628 1221 hosrern
642 1179 703 1221 acu
714 1157 802 1221 hand
821 1156 984 1239 tetigisse,
1001 1153 1057 1218 vel
1070 1151 1148 1241 Gaji
1159 1153 1351 1240 fragmenta
1360 1143 1469 1218 osten-

215 1265 308 1348 dunt,
321 1265 355 1329 in
372 1265 490 1351 quibus
507 1284 674 1326 narraras
683 1269 767 1348 fleri
780 1263 902 1327 dicitur
917 1263 1071 1344 odligutsb,
1088 1273 1148 1325 aut
1161 1285 1182 1325 a
1196 1284 1231 1325 re
1245 1268 1279 1325 in
1290 1283 1469 1344 personam,

214 1383 273 1434 aut
296 1394 317 1434 a
332 1393 472 1454 persorm
493 1375 527 1433 in
539 1391 719 1453 personam.
740 1373 776 1432 A
793 1391 829 1432 rs
850 1373 884 1431 in
899 1391 1085 1451 personam,
1106 1371 1191 1430 uelat
1211 1375 1244 1431 si
1260 1371 1310 1442 id,
1331 1371 1415 1450 qnod
1432 1389 1470 1430 es·

214 1483 357 1551 emtione,
380 1487 440 1541 aut
457 1478 675 1551 conductione,
698 1487 756 1539 aut
775 1481 920 1540 societate
943 1477 1050 1547 debes,
1069 1478 1127 1536 alii
1138 1477 1263 1537 reddas.
1286 1478 1321 1536 A
1333 1496 1470 1557 persona

214 1588 248 1648 in
259 1606 441 1668 personans,
454 1587 554 1648 veluti
563 1588 596 1646 si
603 1585 645 1654 id,
660 1585 744 1664 quod
755 1585 834 1645 ruisi
845 1585 927 1646 alter
941 1583 1040 1656 dedet
1054 1584 1150 1643 altari
1155 1603 1312 1662 personas
1324 1584 1469 1663 delegem,

214 1701 251 1754 at
270 1693 403 1754 reddere
423 1693 550 1753 debeat:
566 1689 644 1774 Gaji
665 1692 743 1754 [nst.
763 1692 806 1752 ΙΙ.
820 1689 916 1752 9.12.
939 1687 1035 1764 Quae
1058 1687 1190 1752 tametsi
1211 1688 1252 1751 ab
1268 1689 1408 1752 Arriano
1425 1690 1470 1750 vi-

214 1797 357 1862 deantur
371 1805 544 1881 corrupta,
560 1798 607 1860 ita
618 1808 729 1860 tamon
745 1808 934 1881 comparata
956 1803 1046 1877 sunt,
1065 1802 1101 1857 ut
1115 1793 1159 1858 ad
1172 1795 1306 1858 nomina
1322 1795 1384 1858 illa
1399 1795 1470 1858 foe-

215 1913 404 1968 neratorum
434 1902 517 1966 nihil
546 1903 671 1966 faciant
684 1905 728 1984 b).
759 1903 1036 1988 Argentariorum
1059 1902 1180 1966 tabulis
1205 1901 1470 1966 inscribebantur

214 2011 348 2074 nomina
363 2010 563 2092 debitorum,
578 2010 635 2096 qui
649 2017 793 2074 mutuam
813 2018 1013 2094 acceperant
1031 2008 1222 2092 pecuniam:
1238 2009 1292 2072 hic
1309 2010 1469 2074 etiamen

215 2118 362 2182 emtione
378 2125 435 2182 aut
450 2117 671 2180 conductione
686 2127 742 2181 aut
759 2119 920 2182 societate
941 2115 1030 2178 nasci
1045 2114 1166 2179 dicitur
1178 2116 1364 2180 litterarum
1382 2117 1470 2178 obli-

215 2225 316 2310 gatio.
332 2225 385 2290 lbi
401 2223 489 2288 solus
500 2224 645 2306 debitor,
661 2225 751 2309 eujus
765 2245 887 2288 nomen
903 2224 1012 2286 fuerat
1026 2223 1228 2307 inscriptum,
1241 2223 1469 2309 obligabatur:

213 2332 267 2395 hic
290 2331 389 2394 etiam
412 2330 574 2416 quaedam
602 2329 791 2416 delegatio,
819 2340 876 2396 aut
898 2339 988 2392 certe
1011 2331 1148 2394 novatio
1166 2331 1280 2395 fiebat·
1307 2330 1414 2410 Quod
1437 2340 1470 2394 et

214 2439 313 2502 docet
328 2442 363 2500 L.
377 2459 451 2519 pen.
473 2437 506 2498 0.
527 2437 637 2498 Theoti.
656 2439 695 2498 ds
709 2438 854 2500 Denunc.
876 2439 934 2500 cel.
951 2438 1023 2500 eds't.
1046 2442 1188 2519 rescript.
1217 2438 1257 2499 Si
1275 2441 1344 2520 qais
1364 2439 1469 2510 dehis}

213 2548 297 2630 quod
311 2545 360 2606 oei
374 2544 568 2622 essaenore,
584 2545 634 2604 oet
645 2552 754 2606 mutuo
768 2546 864 2606 datae
870 2547 1027 2624 pecam'ae
1041 2550 1153 2606 samad
1167 2547 1344 2618 exordium,
1362 2548 1417 2605 ael
1430 2565 1469 2606 er

212 2654 274 2714 alio
292 2651 424 2732 quolibet
440 2649 540 2721 titulo,
556 2652 588 2708 in
604 2649 782 2710 litteramm
797 2650 1027 2732 obligationem,
1037 2651 1135 2729 sacta
1152 2657 1304 2725 cautione,
1327 2654 1468 2713 transla-

192 2766 280 2824 ,tum
298 2766 362 2829 est,
382 2762 445 2818 etc.
466 2754 558 2838 Ergo
574 2762 608 2820 et
622 2753 780 2818 hactenus
804 2755 881 2818 satis
904 2759 1077 2822 obscurum
1093 2764 1159 2840 est,
1181 2779 1345 2841 quaenam
1366 2758 1468 2821 fuerit

211 2861 395 2928 litterarum
411 2860 584 2944 obligatio.

799 2972 828 3054 §.
848 2972 879 3034 4.

293 3084 427 3153 Antiquae
445 3085 515 3138 illim
533 3085 683 3139 litterarum
700 3083 864 3154 obligationis
880 3096 978 3140 natura
997 3074 1147 3158 rapitantur
1165 3105 1199 3139 ex
1221 3087 1378 3157 theopisto.

293 3184 490 3270 Sequendus
515 3207 596 3272 ergo
616 3188 679 3251 hac
701 3189 735 3252 in
757 3208 794 3250 re
818 3187 951 3252 videtur
973 3185 1181 3274 Theophilus
1203 3189 1366 3272 Parapir.
1388 3192 1464 3252 Inst.

211 3294 272 3356 111.
285 3292 336 3357 21.
351 3292 408 3378 qui
420 3312 501 3358 unus
512 3293 648 3358 forsitan
659 3295 754 3359 nobis
769 3294 864 3378 hujus
879 3303 1066 3360 contractus
1081 3295 1230 3359 indolem
1245 3305 1464 3380 naturamque

209 3396 467 3464 luculentissime
484 3401 673 3487 explicavit.
695 3401 900 3485 Quamquam
922 3403 1061 3466 enimin
1084 3401 1278 3484 quibusdam
1294 3425 1362 3467 non
1379 3425 1464 3466 sem·
1525 3395 1526 3408 ¹

211 3526 272 3594 per
293 3527 361 3569 rem
385 3528 445 3572 acu
465 3515 604 3592 tangere
626 3509 712 3572 solet
734 3507 959 3592 Theophilus,
982 3507 1008 3570 si
1029 3509 1162 3592 quaudo
1180 3509 1288 3574 lucem
1313 3519 1462 3574 mutuare

204 3613 272 3700 juri
293 3614 429 3698 antiquo
452 3623 603 3679 conatur:
626 3614 659 3678 in
682 3613 747 3676 hoc
768 3623 879 3677 tamen
901 3615 1000 3679 titulo
1017 3637 1092 3678 eum
1115 3623 1209 3678 tanto
1225 3617 1327 3680 tutius
1343 3639 1463 3704 seque·

210 3739 290 3800 mur,
307 3727 430 3804 quanto
449 3722 568 3785 certius
584 3741 627 3784 ex
642 3721 701 3785 illo
717 3721 793 3806 Gaji
808 3721 885 3784 loco
901 3721 1098 3808 colligimus,
1109 3722 1213 3803 illum,
1232 3745 1461 3809 quaecumque

209 3823 251 3888 de
270 3825 453 3891 litterarum
480 3827 687 3914 obligatione
704 3829 831 3911 adfert,
855 3849 897 3893 ex
915 3828 990 3914 Gaji
1012 3829 1258 3893 Institutionum
1283 3831 1378 3894 libris
1398 3836 1461 3895 sin-

149 3961 152 3974 ·
208 3932 291 3996 ceris
309 3954 348 3998 ac
365 3933 534 4018 genuinis,
550 3935 606 3999 vel
620 3945 712 4000 certe
734 3958 778 3999 ex
797 3935 932 4000 alterius
948 3937 1068 4000 veteris
1084 3935 1309 4002 iureconsulti
1333 3939 1461 4022 scriptis

240 4169 247 4176 -
275 4139 308 4205 b)
327 4140 433 4192 Locum
450 4140 522 4192 hunc
538 4141 617 4194 foede
634 4156 696 4195 esse
706 4142 884 4207 depravatum
894 4157 912 4192 a
927 4139 1109 4207 Vismothauo
1124 4141 1307 4208 epitomatore
1318 4143 1378 4209 jam
1391 4142 1460 4194 inter
1523 4141 1524 4172 ³

206 4235 300 4276 omnes
316 4227 431 4276 constat.
450 4223 493 4276 De
511 4223 571 4291 ipsa
588 4225 733 4278 verborum
750 4226 779 4278 iu
796 4223 915 4291 epitoma
933 4226 1076 4279 obviorum
1093 4225 1209 4279 lectione
1226 4227 1260 4278 ct.
1278 4227 1458 4280 Wundertich

206 4305 278 4358 Dius.
295 4305 367 4382 lqsd.
390 4322 417 4372 p.
431 4311 471 4362 16,
485 4325 527 4377 sq.
544 4310 588 4362 De
604 4310 820 4376 argentariorum
838 4310 939 4362 tabulis
956 4327 1005 4362 neo
1022 4309 1050 4362 in
1067 4308 1194 4375 genuinis
1210 4310 1275 4376 Gaji
1292 4317 1458 4363 commenta·

205 4388 253 4440 riis
271 4390 417 4458 quicquum
428 4393 539 4460 legiam
557 4399 586 4446 at
602 4395 703 4448 frustm
720 4394 856 4447 indacum
870 4393 1017 4448 Heinecaio
1032 4394 1153 4460 colligas,
1165 4395 1337 4460 argentariae
1350 4411 1458 4448 mensae

205 4472 366 4538 scripturam
375 4475 491 4530 ahenam
499 4478 703 4532 iuissea'veteri
711 4479 757 4532 illa
768 4478 918 4532 litterarius
926 4478 1100 4545 obligatione.
1112 4476 1283 4532 Coenam
1296 4477 1456 4532 sensnum

207 4556 311 4611 invictis
326 4561 488 4626 argumentis
503 4563 646 4628 probatam
656 4562 788 4616 dederunt
799 4565 945 4631 scriptores
960 4557 1044 4629 supra
1058 4564 1129 4629 (not
1139 4563 1169 4627 a)
1186 4563 1298 4615 laudati.
1318 4561 1406 4616 rutil.

1518 4903 1522 5120 l
