3080 5154
447 391 502 460 lle
526 391 664 462 Parma
689 394 905 462 Porsennae.
1233 401 1299 468 111

65 567 230 653 Bynlrersb.
245 569 286 631 ds
300 569 380 632 lure
392 589 453 631 oce.
469 569 538 632 nrt.
553 568 606 630 VI.
616 591 650 651 p
664 568 736 632 177.
751 577 785 633 et
804 568 875 632 Cel.
888 569 1068 634 Thomasio
1087 571 1173 634 Diss.
1188 574 1228 635 de
1239 593 1304 636 use

61 687 148 760 prust.
172 682 218 739 tr't.
241 677 320 737 Ince
344 676 382 738 de
398 685 485 757 potr.
502 684 567 758 pot.
594 678 618 738 l.
642 676 796 740 Ceterum
821 699 861 740 ea
883 677 941 740 lex
965 677 1102 741 Romuli
1119 679 1259 762 primum
1282 703 1302 744 a

64 787 152 848 Numa
172 782 357 868 paullulum
384 783 535 848 restricta
562 792 629 865 est,
651 794 874 869 negatumque
896 787 1043 870 putribus
1056 786 1112 871 jus
1133 787 1302 852 vendendi

24 899 25 902 ’
64 893 133 955 filios
149 891 238 972 illos,
258 891 376 975 quibus
394 912 514 954 uxores
532 891 653 954 ducere
665 892 904 976 permisissentr
915 893 1054 978 Dionys.
1074 892 1185 957 Helie.
1194 895 1237 957 11.
1250 894 1302 958 27.

64 1002 171 1062 Postea
195 1021 236 1062 ea
258 999 292 1061 in
315 999 401 1082 ipsas
415 999 490 1062 XlI
505 998 634 1062 tabulas
650 1000 818 1083 migravit,
837 1002 893 1065 ubi
914 1001 965 1064 his
984 1000 1055 1064 fere
1071 1003 1181 1066 verbis
1202 1001 1300 1088 lege·
1400 1009 1403 1016 ’

64 1109 160 1171 batur:
180 1125 274 1172 ENDO
298 1123 430 1170 LlBtttttS
455 1123 569 1172 JUSTlS
591 1123 651 1172 JUS
675 1123 777 1170 VITAE
800 1124 899 1172 Nsscts
921 1125 1216 1185 vttNUntnANntQttu
1244 1127 1302 1173 PO-

64 1231 175 1280 rnsrus
195 1233 229 1278 ru
248 1230 344 1278 πετο.
364 1231 395 1279 S1
410 1231 521 1278 aurun
540 1233 658 1278 uturum
674 1233 741 1278 usn
760 1233 876 1279 vanum
899 1233 999 1297 num,
1018 1231 1169 1280 subtusa
1192 1233 1302 1280 rurus

64 1341 147 1387 iussn
162 1339 244 1388 usu:
264 1322 342 1406 Ulp.
355 1325 487 1403 Frugm.
501 1324 542 1383 X.
562 1321 591 1383 1.
616 1321 784 1408 [¹⁸³Codex
801 1324 916 1387 horum
936 1325 1225 1408 Fragmentorum,
1245 1325 1302 1388 ubi

63 1432 106 1493 hic
119 1431 210 1494 locus
231 1430 307 1494 XlI
325 1431 414 1494 tabb.
437 1438 592 1514 exparte
615 1429 744 1494 adlatus
757 1439 817 1512 est,
834 1453 895 1515 pro
913 1448 1030 1502 ventus
1046 1447 1130 1494 nour
1147 1431 1302 1494 distincte

65 1539 200 1602 exhibet:
217 1537 441 1622 manuducit]
465 1538 536 1600 Jac.
554 1536 709 1600 Gothofr.
730 1539 763 1601 in
784 1541 877 1616 Quot.
893 1539 978 1617 sont.
991 1541 1060 1622 jur.
1077 1544 1133 1604 cte.
1156 1541 1228 1602 Tol.
1247 1539 1303 1602 IV.

66 1647 124 1708 XII
135 1647 225 1709 Tull.
249 1645 411 1726 (Dirlrsen
427 1645 689 1730 Zwblltal'elges.
706 1669 738 1730 p.
752 1645 816 1709 278
827 1645 962 1727 -288.)

631 1814 659 1894 ρ.
681 1815 712 1876 7.

467 1928 519 1980 Jus
536 1929 695 1998 adquirendi
706 1946 760 1996 per
777 1927 880 1983 liberor.

135 2022 289 2106 Denique
313 2029 348 2082 et
367 2019 429 2082 ΙΠ.
454 2035 513 2084 tus
533 2037 747 2095 Anournnmnr
773 2043 833 2106 per
854 2021 978 2085 liberos
1001 2023 1109 2107 patria
1133 2027 1300 2106 potestate

66 2130 298 2194 continebatur:
312 2127 405 2190 Sext.
420 2127 543 2211 Empir.
555 2129 713 2209 Pyrrlon.
724 2131 915 2213 Hypotypos.
928 2131 986 2192 III.
999 2152 1023 2192 c.
1032 2129 1083 2192 24.
1098 2135 1136 2197 Ol
1147 2129 1303 2211 Ῥωμαίων

65 2242 221 2319 repulisse
237 2237 312 2311 τούς
325 2236 441 2310 παῖδας
460 2237 656 2333 ὑποχιιρίους
673 2239 724 2301 καὶ
743 2237 874 2312 δούλους
894 2241 954 2300 τῶν
970 2241 1108 2322 πατέριον
1129 2235 1303 2300 κελέυουοιυ

66 2343 138 2410 εἶναι·
155 2347 204 2412 sal
217 2347 274 2429 τῆς
290 2343 394 2418 οὐσίας
407 2347 469 2408 τῶν
482 2341 603 2408 παίδων
617 2341 658 2428 μὴ
673 2341 826 2426 κυριεύειν
842 2341 913 2418 τοὺς
924 2342 1046 2422 παῖδας,
1062 2340 1142 2406 ἀλλὰ
1154 2339 1225 2416 τοὺς
1240 2370 1303 2408 πα-

66 2457 153 2534 τέρος,
173 2460 227 2528 ἕως
253 2449 494 2534 οἷο-ἐλευθερίας
517 2455 545 2516 ol
573 2450 681 2524 παῖδες
709 2451 839 2536 τύχωσι,
864 2447 944 2515 κατὰ
968 2446 1038 2525 τούς
1064 2447 1301 2535 ἀργυρωνήτους.

68 2561 260 2622 Romanorum
278 2562 475 2642 legislatores
491 2559 601 2621 liberos
622 2561 679 2622 sul
694 2569 823 2640 potrum
833 2567 1006 2641 potestate,
1022 2568 1058 2621 et
1076 2579 1182 2620 eorum
1197 2577 1303 2620 servos

67 2688 123 2728 esse
135 2669 259 2749 jubent,
275 2676 306 2728 et
322 2667 433 2729 liberos
449 2687 577 2730 suorum
596 2668 744 2730 tonorum
763 2687 825 2728 ιιοη
845 2688 914 2729 esse
931 2668 1086 2739 dominos,
1108 2665 1166 2727 sed
1180 2673 1302 2746 potres,

69 2774 149 2836 lenes
165 2779 196 2836 ln
213 2777 387 2837 libertatem
399 2775 524 2836 odsertr’
530 2775 659 2852 fuere‘sst
676 2775 772 2846 liberi,
789 2775 894 2836 eodem
914 2774 1012 2847 modo,
1029 2795 1090 2856 quo
1106 2774 1144 2844 ct,
1161 2775 1218 2853 qur·
1230 2793 1304 2834 uere

67 2891 283 2962 comparantur,
293 2886 385 2945 seret.
407 2881 475 2944 Sed
494 2881 537 2944 de
553 2881 617 2944 hoc
621 2881 700 2965 jure
713 2880 798 2944 infra
812 2879 855 2944 ad
869 2881 937 2942 Lu.
948 2882 991 2942 ΙΙ.
1007 2881 1064 2944 111.
1074 2879 1133 2942 IX.
1149 2878 1303 2942 dicemus.

632 3051 661 3132 ρ.
683 3050 712 3112 s.

322 3165 375 3217 Jur
392 3166 458 3217 vitae
477 3172 502 3216 et
519 3167 589 3217 necis
607 3164 699 3236 quibus
714 3163 842 3234 prolibus
860 3162 1032 3217 obsoleverit?

137 3265 173 3327 ln
186 3265 236 3328 his
253 3264 404 3329 omnibus
421 3285 500 3328 vero
517 3265 634 3328 sensim
647 3266 785 3329 nonulla
800 3271 925 3329 mutata
936 3273 1010 3328 sunt
1027 3261 1220 3327 cultioribus
1237 3261 1304 3324 rei·
1410 3317 1415 3324 .

69 3371 206 3452 publicae
227 3373 449 3456 temporibus,
469 3374 610 3437 maxime
631 3395 728 3458 quum
746 3373 808 3437 ista
828 3357 1008 3437 domestica
1034 3371 1185 3462 majestas
1204 3367 1305 3433 statui

68 3482 260 3544 monarchico
289 3482 348 3543 sub
377 3481 638 3564 imperatoribus
664 3503 776 3565 parum
804 3489 1027 3544 consentanea
1054 3477 1232 3544 videretur.
1261 3479 1305 3543 Et

68 3588 308 3674 primoquidem
332 3588 422 3672 quod
441 3588 484 3678 acl
497 3589 553 3672 jus
581 3588 670 3653 vitae
697 3598 731 3651 et
752 3589 842 3652 necis
860 3589 998 3671 attinet,
1024 3611 1064 3652 ea
1082 3587 1221 3650 mutatio
1237 3607 1304 3662 non

68 3692 141 3757 facta
152 3697 221 3780 jam
238 3704 316 3760 unte
334 3705 469 3760 exactos
487 3717 596 3780 reges,
618 3703 656 3759 ut
669 3699 771 3760 visum
789 3695 969 3760 Raevardo
987 3697 1031 3757 od
1046 3697 1118 3756 XII
1130 3695 1220 3756 Tull.
1233 3715 1259 3756 c.
1274 3693 1305 3758 3.

69 3821 120 3864 nec
132 3811 278 3889 tempore
293 3803 448 3889 Augusti,
461 3813 560 3887 prout
577 3803 737 3867 creditum
750 3804 868 3867 Franc.
884 3803 1051 3866 Balduino
1065 3805 1108 3866 ad
1122 3805 1204 3883 legg.
1216 3801 1305 3864 Rom

69 3906 160 3971 XVII.
173 3933 204 3994 p.
220 3911 271 3974 24.
285 3932 347 3975 nec
370 3910 514 3996 denique
533 3912 592 3974 sub
608 3911 813 3976 Diocletiani
828 3919 995 3996 tempora,
1013 3911 1059 3974 uti
1078 3906 1305 3972 existimarunt

68 4011 183 4081 Theod.
200 4015 329 4082 Marcil.
349 4021 568 4102 Interpretom.
587 4021 649 4102 leg.
666 4019 741 4082 XII.
759 4020 848 4094 Tull.
867 4019 918 4082 24.
936 4019 989 4085 vet
1007 4019 1066 4082 sub
1084 4013 1305 4095 Constantini,

69 4122 108 4183 uti
123 4125 259 4190 credidit
281 4126 426 4210 Giphan.
443 4127 487 4188 ad
506 4127 543 4188 t.
562 4129 618 4190 ult.
637 4129 669 4189 0.
688 4127 727 4188 cle
751 4127 841 4188 Patr.
855 4137 968 4209 potest.
989 4124 1092 4188 multo
1116 4122 1221 4184 minus
1243 4122 1304 4184 sub

68 4226 299 4315 Valentiniani,
315 4233 469 4297 Valentis
494 4242 529 4297 et
550 4233 702 4296 Gratiani
723 4233 881 4316 imperio,
910 4252 994 4316 quae
1018 4229 1124 4313 Lipsii
1140 4229 1240 4308 Epist.
1263 4228 1308 4287 acl

71 4333 147 4418 Belg.
163 4341 187 4400 I.
202 4339 252 4402 85.
269 4339 432 4403 sententia
451 4346 517 4406 est:
534 4338 627 4402 seda
643 4341 846 4423 temporibus
859 4337 1007 4423 Trajani,
1023 4335 1081 4420 qui
1101 4334 1202 4397 lilium
1219 4333 1306 4397 male

71 4453 170 4508 contra
186 4447 346 4530 pietatem
365 4469 384 4510 a
402 4453 539 4531 parente
555 4446 720 4511 adlectum
745 4445 982 4530 emancipavit,
1002 4464 1064 4508 nec
1087 4462 1129 4506 eo
1148 4441 1306 4506 defuncto

70 4551 144 4629 putri
165 4555 324 4620 bonorum
345 4554 587 4638 possessionem
610 4555 786 4620 concessit:
805 4555 843 4617 Ιι.
862 4556 918 4618 ult.
938 4554 980 4614 Ι).
998 4551 1037 4615 Sl
1048 4572 1074 4644 ¹a
1089 4559 1223 4634 parente
1237 4553 1307 4631 qur'e
