3062 5156
197 371 268 438 164
481 365 559 432 lma.
586 363 615 432 l.
641 361 723 432 Trr.
746 361 844 430 Xlll.
871 361 991 448 Usque
1017 363 1071 450 Ap
1096 363 1174 432 XX.

196 539 349 625 Regibus
365 537 480 602 calatis
495 537 637 602 comitiis
651 542 851 600 testamenta
865 535 995 617 fierent,
1018 539 1171 622 adeoque
1189 535 1349 598 heredum
1366 541 1460 598 tuto·
1525 533 1526 538 ’

199 669 336 733 rumque
360 645 525 710 institutio
550 667 571 708 a
591 643 708 729 populi
729 644 833 727 magis
856 643 1011 726 arbitrio,
1035 665 1133 732 quam
1157 643 1331 710 voluntate
1354 647 1459 706 testa-

198 755 297 837 toris,
318 753 500 838 penderetr
524 757 681 838 mutatum
712 749 745 815 id
771 759 821 814 est
846 750 924 836 lege
944 751 1176 829 decemvirali,
1195 751 1458 835 permissumque

199 861 428 947 patrifamilias
441 859 555 942 cuivis,
571 859 614 922 de
630 857 736 922 tutela
750 859 959 943 pecuniaque
975 879 1052 923 suae
1067 859 1129 942 rei,
1144 858 1181 930 id
1197 867 1257 942 est,
1273 859 1459 922 liberorum

199 991 341 1052 suorum,
356 939 525 1032 liberrime
542 965 729 1049 disponere.

787 1080 816 1160 ς.
837 1080 868 1144 a.

593 1195 703 1249 linetae
722 1195 934 1248 testamentariae
950 1197 1060 1250 indoles.

284 1298 410 1384 Siquis
435 1319 515 1382 ergo
536 1295 775 1381 paterfamilias
793 1295 928 1378 liberis,
951 1318 1033 1381 quos
1053 1298 1087 1361 in
1112 1303 1280 1382 potestate
1296 1295 1458 1380 habebat,

199 1409 269 1472 sive
284 1407 421 1488 liberos,
437 1405 507 1469 sive
523 1424 635 1468 servos
653 1424 746 1484 suos,
762 1402 822 1466 hos
838 1413 947 1469 tamen
967 1427 1038 1468 cum
1057 1404 1232 1485 libertate,
1255 1411 1382 1468 tutores
1398 1405 1458 1468 de-

200 1517 296 1580 derat
309 1520 361 1597 0)=
388 1514 413 1577 ii
444 1514 516 1578 sine
548 1509 763 1576 satisdatione
801 1517 902 1596 atque
936 1511 1151 1597 inquisitione
1185 1512 1457 1594 admittebantur,
1527 1545 1528 1550 .

199 1624 355 1707 ipsosque
372 1620 597 1685 excludebant
606 1617 786 1704 legitimos,
803 1618 981 1682 dummodo
998 1627 1108 1692 essent
1123 1619 1221 1683 cives.
1243 1619 1330 1683 Nam
1344 1619 1458 1684 Latini

199 1731 222 1793 J
224 1729 347 1810 aniani,
363 1728 512 1813 quamvis
528 1748 600 1790 cum
621 1727 661 1789 iis
679 1735 766 1790 esset
782 1728 973 1792 testamenti
987 1727 1100 1810 factio,
1116 1733 1241 1792 tutores
1258 1734 1369 1791 tamen
1385 1727 1458 1790 dari

199 1858 267 1900 non
282 1842 440 1920 poterant
454 1856 516 1918 per
532 1833 644 1918 legem
658 1835 808 1898 Juniam:
824 1833 960 1918 Ulpian.
975 1837 1105 1917 B'rogm.
1122 1835 1180 1897 XI.
1195 1834 1246 1898 16.
1267 1833 1357 1912 Quin
1375 1856 1458 1898 vero

200 1943 447 2007 fundamentum
480 1943 575 2027 hujus
604 1940 730 2005 tutelae
763 1943 1029 2006 testamentariae
1060 1949 1134 2005 erat
1157 1941 1265 2025 patria
1293 1949 1457 2025 potestas:

200 2071 405 2136 consequens
422 2057 510 2130 erat,
527 2056 563 2111 ut
574 2055 612 2110 ‘ct
633 2047 822 2132 nepotibus,
839 2049 895 2133 qui
915 2049 949 2111 in
966 2047 1068 2133 patris
1082 2055 1281 2132 potestatem
1298 2049 1458 2112 defuncto

199 2182 263 2225 avo
286 2180 353 2222 non
370 2164 479 2220 essent
494 2156 656 2238 recasuri,
674 2163 708 2219 et
731 2154 941 2220 exheredatis
964 2155 1189 2242 impuberibus
1210 2163 1335 2221 tutores
1354 2165 1458 2220 testa-

198 2276 312 2330 mento
335 2263 490 2328 constitui
511 2271 656 2347 possent.
678 2262 756 2327 Vid.
778 2264 814 2326 L.
829 2265 859 2326 4.
877 2271 910 2326 et
927 2264 978 2328 26.
994 2266 1022 2347 §.
1037 2263 1067 2325 2.
1088 2271 1122 2326 et
1138 2264 1175 2325 E.
1190 2263 1241 2327 31.
1258 2267 1299 2326 Ι).
1314 2266 1353 2326 de
1376 2267 1457 2327 Test.

199 2384 258 2437 tut.
280 2373 325 2437 Et
347 2372 425 2435 inde
447 2371 542 2434 simul
562 2380 655 2455 patet
677 2371 779 2453 ratio,
800 2393 857 2435 cur
878 2381 985 2434 mater
1009 2379 1134 2436 tutores
1156 2379 1355 2436 testamento
1377 2373 1457 2436 dare

199 2503 267 2544 non
283 2488 409 2563 posset:
425 2479 463 2539 J..
478 2477 508 2540 2.
524 2480 564 2538 Ι).
579 2480 619 2539 de
642 2480 786 2560 Confirm.
804 2487 862 2541 tut.
876 2476 1023 2564 quamvis
1040 2485 1130 2542 tutor
1144 2481 1186 2543 ab
1206 2501 1247 2543 ea
1266 2480 1360 2544 datus
1377 2501 1459 2544 con-

200 2587 320 2652 firmari
334 2586 458 2649 soleret
473 2605 545 2646 cum
569 2585 800 2669 inquisitione,
816 2586 916 2648 modo
935 2606 975 2648 ea
996 2587 1158 2672 pupillum
1181 2585 1275 2650 simul
1297 2587 1457 2652 heredem
1529 2571 1530 2620 l

199 2692 407 2757 instituisset:
423 2690 461 2750 J..
477 2690 508 2753 4.
526 2692 567 2752 1).
579 2693 617 2754 dc
638 2694 717 2756 Test.
735 2701 791 2756 tut.
807 2692 844 2753 L.
860 2691 891 2752 4.
905 2692 946 2752 1).
959 2693 999 2752 de
1018 2693 1104 2772 Coos.
1117 2702 1174 2756 tut.
1187 2693 1223 2754 L.
1241 2693 1272 2754 7.
1290 2695 1319 2775 §.
1334 2695 1364 2756 1.
1379 2696 1417 2756 L.
1428 2697 1457 2757 8.

199 2803 241 2863 D.
260 2801 326 2862 eod.
351 2798 446 2877 Quae
476 2798 680 2862 confirmatio
707 2807 741 2862 et
757 2799 838 2861 'aliis
865 2800 991 2862 casibus
999 2846 1009 2881 ,
1037 2800 1155 2884 quibus
1183 2801 1299 2864 tutoris
1327 2802 1456 2887 dationi

76 2909 80 2918 '
198 2906 271 2970 vitii
301 2905 381 2989 quid
407 2905 515 2968 inesse
537 2904 731 2988 videbatur,
756 2905 921 2969 adcedere
944 2905 1091 2990 solebat,
1120 2928 1182 2971 ceu
1204 2907 1283 2998 JCti
1306 2908 1456 2992 pluribus

199 3013 373 3078 docentia
392 3011 517 3076 libellis
539 3012 614 3077 suis.

784 3121 813 3201 §-
835 3121 865 3182 4.

376 3237 427 3289 Tit.
447 3235 513 3290 XV.
530 3237 589 3288 Lex
608 3235 675 3288 XII
694 3232 776 3288 Tobd.
794 3236 826 3288 de
849 3234 944 3286 strela
963 3236 1139 3303 adpnatorum
1157 3236 1281 3305 lepttr'mo.

283 3329 391 3408 Quum
408 3349 487 3393 vero
505 3330 699 3414 contingere
721 3338 844 3412 posset,
859 3335 895 3393 ut
908 3327 1092 3411 intestatus,
1108 3330 1224 3394 saltem
1240 3329 1330 3414 quod
1345 3330 1390 3393 ad
1404 3337 1455 3392 tu-

200 3435 313 3516 telam,
325 3435 507 3499 decederet
517 3435 771 3519 paterfamilias:
782 3434 898 3498 iisdem
915 3434 1045 3518 legibus
1060 3435 1334 3500 decemviralibus
1346 3436 1454 3502 fuerat

200 3543 430 3607 constitutum:
452 3560 499 3606 Ar
519 3559 550 3608 sl
570 3559 762 3607 lurnsraro
779 3559 943 3624 mom'rmt,
960 3560 1016 3607 cm
1034 3559 1119 3609 suus
1138 3559 1328 3608 nunus-Nnc
1346 3561 1453 3626 Escrr,

108 3641 110 3648 ’
198 3649 381 3715 arcuatus
402 3665 575 3714 raoxlmus
593 3665 756 3714 cursuum
775 3666 973 3715 aamercort:
994 3649 1193 3714 Gothofred.
1218 3653 1263 3713 od
1277 3652 1350 3712 XII
1363 3653 1454 3713 tbtb.

204 3759 240 3820 V.
255 3759 284 3818 4.
308 3756 403 3836 (Vid.
419 3765 531 3820 tamen
550 3777 635 3840 quae
658 3757 786 3821 monuit
798 3756 963 3840 Schilling
984 3759 1071 3819 Bem.
1090 3759 1138 3819 rib.
1159 3758 1199 3817 R.
1218 3759 1256 3819 G.
1269 3779 1304 3838 p.
1320 3759 1392 3839 55).
1410 3759 1455 3821 Et

195 3867 239 3928 ab
261 3863 323 3926 hac
347 3862 424 3947 lege
446 3879 610 3928 LEGITIM
636 3864 725 3931 dicta
749 3874 799 3929 est
821 3864 945 3947 tutela,
968 3865 1126 3948 adquam
1155 3864 1292 3948 adgnati
1317 3866 1359 3928 ab
1383 3865 1453 3948 ipsa

196 3971 275 4056 lege
294 3973 508 4036 vocabantur.

782 4081 811 4160 g.
833 4058 864 4140 e.
973 4129 978 4137 ,

678 4195 760 4263 Oripo
778 4194 857 4264 bujscr
875 4193 979 4246 tutelae.

281 4293 452 4372 Quaenam
469 4293 511 4358 sit
526 4295 620 4380 hujus
641 4311 826 4359 nummula
846 4311 1004 4359 'suranae
1026 4294 1133 4378 origo,
1154 4291 1290 4357 eruditis
1306 4291 1448 4356 nondum

264 4459 294 4524 e)
314 4457 476 4521 Formntas,
495 4456 594 4525 quibus
618 4455 646 4509 in
671 4458 837 4510 testamntis
864 4458 908 4509 usi
932 4458 1067 4524 Romani,
1086 4459 1110 4513 si
1135 4463 1238 4511 tutores
1260 4458 1325 4510 dare
1344 4459 1448 4516 vellent,
1472 4455 1476 4462 '

195 4543 304 4609 collegit
323 4543 445 4596 Brisson.
465 4542 496 4593 de
513 4542 604 4594 Form.
630 4540 689 4594 VII.
704 4560 733 4610 p.
752 4546 811 4595 616.
829 4542 908 4596 Heia.
