<?xml version="1.0" encoding="UTF-8"?>
<!DOCTYPE html PUBLIC "-//W3C//DTD XHTML 1.0 Transitional//EN"
    "http://www.w3.org/TR/xhtml1/DTD/xhtml1-transitional.dtd">
<html xmlns="http://www.w3.org/1999/xhtml" xml:lang="en" lang="en">
 <head>
  <title>
</title>
<meta http-equiv="Content-Type" content="text/html;charset=utf-8" />
  <meta name='ocr-system' content='tesseract 3.04.00' />
  <meta name='ocr-capabilities' content='ocr_page ocr_carea ocr_par ocr_line ocrx_word'/>
</head>
<body>
  <div class='ocr_page' id='page_1' title='image "./jogottliebheine00haubgoog_0367.png"; bbox 0 0 3062 5164; ppageno 0'>
   <div class='ocr_carea' id='block_1_1' title="bbox 212 383 1097 465">
    <p class='ocr_par' dir='ltr' id='par_1_1' title="bbox 212 383 1097 465">
     <span class='ocr_line' id='line_1_1' title="bbox 212 383 1097 465; baseline -0.016 -1"><span class='ocrx_word' id='word_1_1' title='bbox 212 397 284 465; x_wconf 79' lang='lat'><strong>326</strong></span> <span class='ocrx_word' id='word_1_2' title='bbox 584 387 767 454; x_wconf 73' lang='lat' dir='ltr'><strong>durannus</strong></span> <span class='ocrx_word' id='word_1_3' title='bbox 792 385 870 454; x_wconf 81' lang='lat' dir='ltr'><strong>Lus.</strong></span> <span class='ocrx_word' id='word_1_4' title='bbox 891 385 917 452; x_wconf 89' lang='lat'><strong>1.</strong></span> <span class='ocrx_word' id='word_1_5' title='bbox 942 383 1028 452; x_wconf 79' lang='lat' dir='ltr'><strong>Cre.</strong></span> <span class='ocrx_word' id='word_1_6' title='bbox 1055 383 1097 450; x_wconf 82' lang='lat' dir='ltr'><strong>V.</strong></span> 
     </span>
    </p>
   </div>
   <div class='ocr_carea' id='block_1_2' title="bbox 80 533 1452 651">
    <p class='ocr_par' dir='ltr' id='par_1_2' title="bbox 80 533 1452 651">
     <span class='ocr_line' id='line_1_2' title="bbox 80 533 1452 651; baseline -0.008 -20"><span class='ocrx_word' id='word_1_7' title='bbox 80 557 85 562; x_wconf 43' lang='lat'>¹</span> <span class='ocrx_word' id='word_1_8' title='bbox 189 577 193 582; x_wconf 85' lang='grc'><strong>’</strong></span> <span class='ocrx_word' id='word_1_9' title='bbox 213 566 313 651; x_wconf 90' lang='lat' dir='ltr'><strong>injus</strong></span> <span class='ocrx_word' id='word_1_10' title='bbox 334 533 549 630; x_wconf 74' lang='lat' dir='ltr'><strong>colonias-ium</strong></span> <span class='ocrx_word' id='word_1_11' title='bbox 566 563 683 627; x_wconf 90' lang='lat' dir='ltr'><strong>mutari</strong></span> <span class='ocrx_word' id='word_1_12' title='bbox 702 561 922 647; x_wconf 86' lang='lat' dir='ltr'><strong>gestivissent</strong></span> <span class='ocrx_word' id='word_1_13' title='bbox 944 560 1100 624; x_wconf 83' lang='lat' dir='ltr'><strong>Ceterum</strong></span> <span class='ocrx_word' id='word_1_14' title='bbox 1117 559 1234 623; x_wconf 89' lang='lat' dir='ltr'><strong>iisdem</strong></span> <span class='ocrx_word' id='word_1_15' title='bbox 1252 579 1370 643; x_wconf 88' lang='lat' dir='ltr'><strong>paene,</strong></span> <span class='ocrx_word' id='word_1_16' title='bbox 1388 559 1452 642; x_wconf 91' lang='lat' dir='ltr'><strong>qui-</strong></span> 
     </span>
    </p>
   </div>
   <div class='ocr_carea' id='block_1_3' title="bbox 215 665 1458 1617">
    <p class='ocr_par' dir='ltr' id='par_1_3' title="bbox 215 665 1458 1617">
     <span class='ocr_line' id='line_1_3' title="bbox 215 665 1452 756; baseline -0.006 -20"><span class='ocrx_word' id='word_1_17' title='bbox 215 675 276 739; x_wconf 92' lang='lat' dir='ltr'><strong>bus</strong></span> <span class='ocrx_word' id='word_1_18' title='bbox 297 674 490 756; x_wconf 92' lang='lat' dir='ltr'><strong>municipia,</strong></span> <span class='ocrx_word' id='word_1_19' title='bbox 507 673 606 735; x_wconf 91' lang='lat' dir='ltr'><strong>etiam</strong></span> <span class='ocrx_word' id='word_1_20' title='bbox 625 671 777 734; x_wconf 89' lang='lat' dir='ltr'><strong>coloniae</strong></span> <span class='ocrx_word' id='word_1_21' title='bbox 797 670 989 754; x_wconf 84' lang='lat' dir='ltr'><strong>gaudebant</strong></span> <span class='ocrx_word' id='word_1_22' title='bbox 1005 668 1256 752; x_wconf 87' lang='lat' dir='ltr'><strong>magistratibus.</strong></span> <span class='ocrx_word' id='word_1_23' title='bbox 1288 665 1452 729; x_wconf 89' lang='lat' dir='ltr'><strong>Publicum</strong></span> 
     </span>
     <span class='ocr_line' id='line_1_4' title="bbox 216 751 1454 862; baseline -0.006 -18"><span class='ocrx_word' id='word_1_24' title='bbox 216 751 384 844; x_wconf 83' lang='lat' dir='ltr'><strong>habebanl</strong></span> <span class='ocrx_word' id='word_1_25' title='bbox 401 781 625 844; x_wconf 91' lang='lat' dir='ltr'><strong>Decurionum</strong></span> <span class='ocrx_word' id='word_1_26' title='bbox 644 779 832 860; x_wconf 88' lang='lat' dir='ltr'><strong>consilium,</strong></span> <span class='ocrx_word' id='word_1_27' title='bbox 850 777 999 862; x_wconf 85' lang='lat' dir='ltr'>nihilque</span> <span class='ocrx_word' id='word_1_28' title='bbox 1020 778 1054 840; x_wconf 92' lang='lat' dir='ltr'><strong>in</strong></span> <span class='ocrx_word' id='word_1_29' title='bbox 1069 776 1237 860; x_wconf 78' lang='lat' dir='ltr'>lapidibus</span> <span class='ocrx_word' id='word_1_30' title='bbox 1260 775 1454 860; x_wconf 86' lang='lat' dir='ltr'><strong>frequentius</strong></span> 
     </span>
     <span class='ocr_line' id='line_1_5' title="bbox 219 883 1456 974; baseline -0.007 -21"><span class='ocrx_word' id='word_1_31' title='bbox 219 899 270 954; x_wconf 88' lang='lat' dir='ltr'><strong>est</strong></span> <span class='ocrx_word' id='word_1_32' title='bbox 291 890 382 974; x_wconf 81' lang='lat' dir='ltr'>siglis</span> <span class='ocrx_word' id='word_1_33' title='bbox 398 907 472 952; x_wconf 76' lang='lat' dir='ltr'><strong>nuc.</strong></span> <span class='ocrx_word' id='word_1_34' title='bbox 488 906 562 950; x_wconf 76' lang='lat' dir='ltr'><strong>con.</strong></span> <span class='ocrx_word' id='word_1_35' title='bbox 580 887 855 971; x_wconf 82' lang='lat' dir='ltr'><strong>quemadmodum</strong></span> <span class='ocrx_word' id='word_1_36' title='bbox 875 887 909 950; x_wconf 91' lang='lat' dir='ltr'><strong>in</strong></span> <span class='ocrx_word' id='word_1_37' title='bbox 929 883 1045 948; x_wconf 90' lang='lat' dir='ltr'><strong>iisdem</strong></span> <span class='ocrx_word' id='word_1_38' title='bbox 1063 884 1276 948; x_wconf 86' lang='lat' dir='ltr'><strong>marmoribus</strong></span> <span class='ocrx_word' id='word_1_39' title='bbox 1292 885 1391 946; x_wconf 90' lang='lat' dir='ltr'><strong>etiam</strong></span> <span class='ocrx_word' id='word_1_40' title='bbox 1408 899 1456 946; x_wconf 80' lang='lat' dir='ltr'><strong>ss-</strong></span> 
     </span>
     <span class='ocr_line' id='line_1_6' title="bbox 219 991 1456 1078; baseline -0.008 -15"><span class='ocrx_word' id='word_1_41' title='bbox 219 1013 374 1064; x_wconf 77' lang='lat' dir='ltr'><strong>nsrosuss</strong></span> <span class='ocrx_word' id='word_1_42' title='bbox 388 1011 610 1060; x_wconf 73' lang='lat' dir='ltr'><strong>oononrnrum</strong></span> <span class='ocrx_word' id='word_1_43' title='bbox 626 1004 799 1058; x_wconf 87' lang='lat' dir='ltr'><strong>occurrunt</strong></span> <span class='ocrx_word' id='word_1_44' title='bbox 819 994 907 1078; x_wconf 90' lang='lat' dir='ltr'><strong>apud</strong></span> <span class='ocrx_word' id='word_1_45' title='bbox 928 993 1063 1056; x_wconf 80' lang='lat' dir='ltr'><strong>Reines.</strong></span> <span class='ocrx_word' id='word_1_46' title='bbox 1085 993 1242 1073; x_wconf 70' lang='lat' dir='ltr'><strong>Inscripta</strong></span> <span class='ocrx_word' id='word_1_47' title='bbox 1254 1015 1287 1074; x_wconf 90' lang='lat' dir='ltr'><strong>p.</strong></span> <span class='ocrx_word' id='word_1_48' title='bbox 1302 991 1375 1055; x_wconf 73' lang='lat'><strong>132</strong></span> <span class='ocrx_word' id='word_1_49' title='bbox 1388 1002 1456 1054; x_wconf 79' lang='lat' dir='ltr'><strong>extr.</strong></span> 
     </span>
     <span class='ocr_line' id='line_1_7' title="bbox 220 1099 1457 1184; baseline -0.007 -15"><span class='ocrx_word' id='word_1_50' title='bbox 220 1107 325 1170; x_wconf 88' lang='lat' dir='ltr'><strong>Erant</strong></span> <span class='ocrx_word' id='word_1_51' title='bbox 348 1113 382 1168; x_wconf 90' lang='lat' dir='ltr'><strong>et</strong></span> <span class='ocrx_word' id='word_1_52' title='bbox 408 1104 442 1166; x_wconf 89' lang='lat' dir='ltr'><strong>in</strong></span> <span class='ocrx_word' id='word_1_53' title='bbox 471 1102 610 1167; x_wconf 92' lang='lat' dir='ltr'><strong>coloniis</strong></span> <span class='ocrx_word' id='word_1_54' title='bbox 634 1102 826 1184; x_wconf 87' lang='lat' dir='ltr'><strong>Duumviri,</strong></span> <span class='ocrx_word' id='word_1_55' title='bbox 856 1101 1014 1182; x_wconf 83' lang='lat' dir='ltr'><strong>Aediles,</strong></span> <span class='ocrx_word' id='word_1_56' title='bbox 1043 1100 1264 1182; x_wconf 77' lang='lat' dir='ltr'><strong>Quaestor-es,</strong></span> <span class='ocrx_word' id='word_1_57' title='bbox 1296 1099 1457 1164; x_wconf 85' lang='lat' dir='ltr'><strong>Censores</strong></span> 
     </span>
     <span class='ocr_line' id='line_1_8' title="bbox 220 1207 1457 1296; baseline -0.007 -19"><span class='ocrx_word' id='word_1_58' title='bbox 220 1215 326 1278; x_wconf 82' lang='lat' dir='ltr'><strong>Erant</strong></span> <span class='ocrx_word' id='word_1_59' title='bbox 348 1211 550 1293; x_wconf 80' lang='lat' dir='ltr'><strong>sacerdotes,</strong></span> <span class='ocrx_word' id='word_1_60' title='bbox 572 1210 744 1296; x_wconf 81' lang='lat' dir='ltr'><strong>Augures,</strong></span> <span class='ocrx_word' id='word_1_61' title='bbox 765 1211 962 1274; x_wconf 85' lang='lat' dir='ltr'><strong>Pontifices:</strong></span> <span class='ocrx_word' id='word_1_62' title='bbox 987 1209 1057 1272; x_wconf 84' lang='lat' dir='ltr'><strong>Cic.</strong></span> <span class='ocrx_word' id='word_1_63' title='bbox 1070 1212 1193 1292; x_wconf 78' lang='lat' dir='ltr'><strong>Agrar.</strong></span> <span class='ocrx_word' id='word_1_64' title='bbox 1207 1209 1251 1272; x_wconf 91' lang='lat' dir='ltr'><strong>II.</strong></span> <span class='ocrx_word' id='word_1_65' title='bbox 1265 1209 1319 1272; x_wconf 74' lang='lat'><strong>85.</strong></span> <span class='ocrx_word' id='word_1_66' title='bbox 1334 1215 1372 1272; x_wconf 89' lang='lat' dir='ltr'><strong>ut</strong></span> <span class='ocrx_word' id='word_1_67' title='bbox 1386 1207 1457 1272; x_wconf 85' lang='lat' dir='ltr'><strong>adeo</strong></span> 
     </span>
     <span class='ocr_line' id='line_1_9' title="bbox 221 1318 1458 1401; baseline -0.009 -16"><span class='ocrx_word' id='word_1_68' title='bbox 221 1341 289 1387; x_wconf 91' lang='lat' dir='ltr'><strong>non</strong></span> <span class='ocrx_word' id='word_1_69' title='bbox 307 1323 365 1384; x_wconf 90' lang='lat' dir='ltr'><strong>abs</strong></span> <span class='ocrx_word' id='word_1_70' title='bbox 384 1342 421 1384; x_wconf 91' lang='lat' dir='ltr'><strong>re</strong></span> <span class='ocrx_word' id='word_1_71' title='bbox 443 1318 572 1382; x_wconf 86' lang='lat' dir='ltr'><strong>Gellius</strong></span> <span class='ocrx_word' id='word_1_72' title='bbox 587 1323 608 1380; x_wconf 87' lang='lat' dir='ltr'><strong>l.</strong></span> <span class='ocrx_word' id='word_1_73' title='bbox 628 1342 654 1381; x_wconf 91' lang='lat' dir='ltr'><strong>c.</strong></span> <span class='ocrx_word' id='word_1_74' title='bbox 675 1318 823 1382; x_wconf 91' lang='lat' dir='ltr'><strong>colonias</strong></span> <span class='ocrx_word' id='word_1_75' title='bbox 845 1323 939 1400; x_wconf 75' lang='lat' dir='ltr'><strong>quast</strong></span> <span class='ocrx_word' id='word_1_76' title='bbox 954 1319 1075 1401; x_wconf 75' lang='lat' dir='ltr'><strong>effigrbs</strong></span> <span class='ocrx_word' id='word_1_77' title='bbox 1087 1337 1223 1400; x_wconf 82' lang='lat' dir='ltr'><strong>parvas,</strong></span> <span class='ocrx_word' id='word_1_78' title='bbox 1245 1325 1281 1379; x_wconf 83' lang='lat' dir='ltr'><strong>et</strong></span> <span class='ocrx_word' id='word_1_79' title='bbox 1300 1319 1458 1380; x_wconf 52' lang='lat' dir='ltr'><strong>&amp;malam</strong></span> 
     </span>
     <span class='ocr_line' id='line_1_10' title="bbox 220 1423 1458 1512; baseline -0.006 -20"><span class='ocrx_word' id='word_1_80' title='bbox 220 1432 394 1512; x_wconf 80' lang='lat' dir='ltr'><strong>nrajestatr&#39;a</strong></span> <span class='ocrx_word' id='word_1_81' title='bbox 414 1431 526 1510; x_wconf 73' lang='lat' dir='ltr'><strong>populi</strong></span> <span class='ocrx_word' id='word_1_82' title='bbox 536 1427 674 1489; x_wconf 76' lang='lat' dir='ltr'><strong>Romam·</strong></span> <span class='ocrx_word' id='word_1_83' title='bbox 691 1427 849 1511; x_wconf 89' lang='lat' dir='ltr'><strong>adpellet.</strong></span> <span class='ocrx_word' id='word_1_84' title='bbox 872 1425 1024 1490; x_wconf 88' lang='lat' dir='ltr'><strong>Addatur</strong></span> <span class='ocrx_word' id='word_1_85' title='bbox 1044 1423 1118 1488; x_wconf 89' lang='lat' dir='ltr'><strong>Car.</strong></span> <span class='ocrx_word' id='word_1_86' title='bbox 1134 1425 1248 1509; x_wconf 85' lang='lat' dir='ltr'><strong>Sigon.</strong></span> <span class='ocrx_word' id='word_1_87' title='bbox 1266 1427 1306 1487; x_wconf 87' lang='lat' dir='ltr'><strong>dc</strong></span> <span class='ocrx_word' id='word_1_88' title='bbox 1321 1433 1388 1486; x_wconf 82' lang='lat' dir='ltr'><strong>ant.</strong></span> <span class='ocrx_word' id='word_1_89' title='bbox 1396 1426 1458 1503; x_wconf 73' lang='lat' dir='ltr'><strong>jure</strong></span> 
     </span>
     <span class='ocr_line' id='line_1_11' title="bbox 221 1533 588 1617; baseline -0.008 -19"><span class='ocrx_word' id='word_1_90' title='bbox 221 1539 293 1598; x_wconf 86' lang='lat' dir='ltr'><strong>Ital.</strong></span> <span class='ocrx_word' id='word_1_91' title='bbox 309 1537 352 1598; x_wconf 89' lang='grc' dir='ltr'><strong>ΙΙ.</strong></span> <span class='ocrx_word' id='word_1_92' title='bbox 366 1534 396 1599; x_wconf 83' lang='grc'><strong>4.</strong></span> <span class='ocrx_word' id='word_1_93' title='bbox 408 1555 441 1617; x_wconf 86' lang='lat' dir='ltr'><strong>p.</strong></span> <span class='ocrx_word' id='word_1_94' title='bbox 456 1533 528 1598; x_wconf 87' lang='grc'><strong>666.</strong></span> <span class='ocrx_word' id='word_1_95' title='bbox 537 1538 588 1616; x_wconf 76' lang='lat' dir='ltr'><strong>sq.</strong></span> 
     </span>
    </p>
   </div>
   <div class='ocr_carea' id='block_1_4' title="bbox 785 1721 907 1804">
    <p class='ocr_par' dir='ltr' id='par_1_4' title="bbox 785 1721 907 1804">
     <span class='ocr_line' id='line_1_12' title="bbox 785 1721 907 1804; baseline 0 -22"><span class='ocrx_word' id='word_1_96' title='bbox 785 1723 814 1804; x_wconf 66' lang='grc' dir='ltr'><strong>ς,</strong></span> <span class='ocrx_word' id='word_1_97' title='bbox 836 1721 907 1783; x_wconf 79' lang='lat' dir='ltr'><strong>raa</strong></span> 
     </span>
    </p>
   </div>
   <div class='ocr_carea' id='block_1_5' title="bbox 705 1838 996 1904">
    <p class='ocr_par' dir='ltr' id='par_1_5' title="bbox 705 1838 996 1904">
     <span class='ocr_line' id='line_1_13' title="bbox 705 1838 996 1904; baseline -0.007 -16"><span class='ocrx_word' id='word_1_98' title='bbox 705 1838 778 1895; x_wconf 73' lang='lat' dir='ltr'><strong>Quid</strong></span> <span class='ocrx_word' id='word_1_99' title='bbox 791 1839 996 1904; x_wconf 68' lang='lat' dir='ltr'><strong>praelecturac?</strong></span> 
     </span>
    </p>
   </div>
   <div class='ocr_carea' id='block_1_6' title="bbox 222 1953 1461 2145">
    <p class='ocr_par' dir='ltr' id='par_1_6' title="bbox 222 1953 1461 2145">
     <span class='ocr_line' id='line_1_14' title="bbox 305 1953 1460 2039; baseline -0.004 -23"><span class='ocrx_word' id='word_1_100' title='bbox 305 1954 483 2017; x_wconf 86' lang='lat' dir='ltr'><strong>Proximae</strong></span> <span class='ocrx_word' id='word_1_101' title='bbox 499 1961 573 2016; x_wconf 89' lang='lat' dir='ltr'><strong>sunt</strong></span> <span class='ocrx_word' id='word_1_102' title='bbox 588 1969 866 2032; x_wconf 73' lang='lat' dir='ltr'><strong>PRAEFEOTURAE,</strong></span> <span class='ocrx_word' id='word_1_103' title='bbox 884 1975 1018 2039; x_wconf 89' lang='lat' dir='ltr'><strong>quarum</strong></span> <span class='ocrx_word' id='word_1_104' title='bbox 1040 1954 1142 2037; x_wconf 89' lang='lat' dir='ltr'><strong>longe</strong></span> <span class='ocrx_word' id='word_1_105' title='bbox 1158 1953 1282 2034; x_wconf 91' lang='lat' dir='ltr'><strong>durior,</strong></span> <span class='ocrx_word' id='word_1_106' title='bbox 1307 1973 1395 2037; x_wconf 86' lang='lat' dir='ltr'><strong>quarn</strong></span> <span class='ocrx_word' id='word_1_107' title='bbox 1409 1973 1460 2013; x_wconf 92' lang='lat' dir='ltr'><strong>co-</strong></span> 
     </span>
     <span class='ocr_line' id='line_1_15' title="bbox 222 2059 1461 2145; baseline -0.006 -17"><span class='ocrx_word' id='word_1_108' title='bbox 222 2063 397 2144; x_wconf 85' lang='lat' dir='ltr'><strong>loniarum,</strong></span> <span class='ocrx_word' id='word_1_109' title='bbox 414 2070 485 2124; x_wconf 85' lang='lat' dir='ltr'><strong>erat</strong></span> <span class='ocrx_word' id='word_1_110' title='bbox 500 2061 658 2124; x_wconf 91' lang='lat' dir='ltr'><strong>conditio.</strong></span> <span class='ocrx_word' id='word_1_111' title='bbox 679 2061 779 2125; x_wconf 91' lang='lat' dir='ltr'><strong>Unde</strong></span> <span class='ocrx_word' id='word_1_112' title='bbox 795 2071 831 2125; x_wconf 93' lang='lat' dir='ltr'><strong>et</strong></span> <span class='ocrx_word' id='word_1_113' title='bbox 846 2084 907 2127; x_wconf 90' lang='lat' dir='ltr'><strong>eae</strong></span> <span class='ocrx_word' id='word_1_114' title='bbox 924 2063 1054 2126; x_wconf 89' lang='lat' dir='ltr'><strong>demum</strong></span> <span class='ocrx_word' id='word_1_115' title='bbox 1071 2061 1221 2126; x_wconf 90' lang='lat' dir='ltr'><strong>civitates</strong></span> <span class='ocrx_word' id='word_1_116' title='bbox 1237 2062 1271 2125; x_wconf 93' lang='lat' dir='ltr'><strong>in</strong></span> <span class='ocrx_word' id='word_1_117' title='bbox 1289 2059 1461 2145; x_wconf 86' lang='lat' dir='ltr'><strong>praefectu-</strong></span> 
     </span>
    </p>
   </div>
   <div class='ocr_carea' id='block_1_7' title="bbox 223 2167 1522 2256">
    <p class='ocr_par' dir='ltr' id='par_1_7' title="bbox 223 2167 1522 2256">
     <span class='ocr_line' id='line_1_16' title="bbox 223 2167 1522 2256; baseline -0.004 -22"><span class='ocrx_word' id='word_1_118' title='bbox 223 2179 281 2234; x_wconf 89' lang='lat' dir='ltr'><strong>rae</strong></span> <span class='ocrx_word' id='word_1_119' title='bbox 298 2169 436 2234; x_wconf 90' lang='lat' dir='ltr'><strong>formam</strong></span> <span class='ocrx_word' id='word_1_120' title='bbox 458 2169 707 2254; x_wconf 81' lang='lat' dir='ltr'><strong>redigebantur,</strong></span> <span class='ocrx_word' id='word_1_121' title='bbox 724 2193 809 2254; x_wconf 88' lang='lat' dir='ltr'><strong>quac</strong></span> <span class='ocrx_word' id='word_1_122' title='bbox 825 2172 959 2256; x_wconf 88' lang='lat' dir='ltr'><strong>iniquae</strong></span> <span class='ocrx_word' id='word_1_123' title='bbox 979 2171 1198 2254; x_wconf 90' lang='lat' dir='ltr'><strong>ingrataeque</strong></span> <span class='ocrx_word' id='word_1_124' title='bbox 1220 2191 1302 2254; x_wconf 89' lang='lat' dir='ltr'><strong>erga</strong></span> <span class='ocrx_word' id='word_1_125' title='bbox 1316 2167 1461 2254; x_wconf 89' lang='lat' dir='ltr'><strong>populum</strong></span> <span class='ocrx_word' id='word_1_126' title='bbox 1521 2199 1522 2220; x_wconf 59' lang='lat'>1</span> 
     </span>
    </p>
   </div>
   <div class='ocr_carea' id='block_1_8' title="bbox 223 2273 1463 2686">
    <p class='ocr_par' dir='ltr' id='par_1_8' title="bbox 223 2273 1463 2686">
     <span class='ocr_line' id='line_1_17' title="bbox 223 2273 1462 2364; baseline -0.006 -22"><span class='ocrx_word' id='word_1_127' title='bbox 223 2278 408 2342; x_wconf 90' lang='lat' dir='ltr'><strong>Romanum</strong></span> <span class='ocrx_word' id='word_1_128' title='bbox 424 2278 571 2359; x_wconf 90' lang='lat' dir='ltr'><strong>fueraut,</strong></span> <span class='ocrx_word' id='word_1_129' title='bbox 587 2275 752 2362; x_wconf 84' lang='lat' dir='ltr'><strong>fidemque</strong></span> <span class='ocrx_word' id='word_1_130' title='bbox 769 2278 871 2342; x_wconf 89' lang='lat' dir='ltr'><strong>semel</strong></span> <span class='ocrx_word' id='word_1_131' title='bbox 887 2288 986 2364; x_wconf 88' lang='lat' dir='ltr'><strong>atque</strong></span> <span class='ocrx_word' id='word_1_132' title='bbox 1002 2280 1121 2342; x_wconf 89' lang='lat' dir='ltr'><strong>iterum</strong></span> <span class='ocrx_word' id='word_1_133' title='bbox 1137 2278 1343 2358; x_wconf 84' lang='lat' dir='ltr'><strong>fefellerant,</strong></span> <span class='ocrx_word' id='word_1_134' title='bbox 1359 2277 1407 2339; x_wconf 94' lang='lat' dir='ltr'><strong>uti</strong></span> <span class='ocrx_word' id='word_1_135' title='bbox 1419 2273 1462 2338; x_wconf 83' lang='lat' dir='ltr'><strong>vel</strong></span> 
     </span>
     <span class='ocr_line' id='line_1_18' title="bbox 225 2383 1463 2472; baseline -0.004 -24"><span class='ocrx_word' id='word_1_136' title='bbox 225 2407 268 2448; x_wconf 85' lang='lat' dir='ltr'><strong>ex</strong></span> <span class='ocrx_word' id='word_1_137' title='bbox 284 2406 393 2448; x_wconf 90' lang='lat' dir='ltr'><strong>earum</strong></span> <span class='ocrx_word' id='word_1_138' title='bbox 410 2387 539 2470; x_wconf 87' lang='lat' dir='ltr'><strong>origine</strong></span> <span class='ocrx_word' id='word_1_139' title='bbox 560 2385 647 2468; x_wconf 89' lang='lat' dir='ltr'><strong>apud</strong></span> <span class='ocrx_word' id='word_1_140' title='bbox 662 2384 735 2448; x_wconf 88' lang='lat' dir='ltr'><strong>Liv.</strong></span> <span class='ocrx_word' id='word_1_141' title='bbox 753 2387 779 2448; x_wconf 89' lang='grc' dir='ltr'><strong>Ι.</strong></span> <span class='ocrx_word' id='word_1_142' title='bbox 795 2385 846 2450; x_wconf 84' lang='lat'><strong>38.</strong></span> <span class='ocrx_word' id='word_1_143' title='bbox 861 2389 980 2472; x_wconf 87' lang='lat' dir='ltr'><strong>juncto</strong></span> <span class='ocrx_word' id='word_1_144' title='bbox 999 2387 1075 2450; x_wconf 93' lang='lat' dir='ltr'><strong>loco</strong></span> <span class='ocrx_word' id='word_1_145' title='bbox 1091 2385 1230 2469; x_wconf 87' lang='lat' dir='ltr'><strong>Dionys.</strong></span> <span class='ocrx_word' id='word_1_146' title='bbox 1249 2384 1331 2447; x_wconf 89' lang='lat' dir='ltr'><strong>Hal.</strong></span> <span class='ocrx_word' id='word_1_147' title='bbox 1353 2385 1412 2444; x_wconf 85' lang='lat' dir='ltr'><em>III.</em></span> <span class='ocrx_word' id='word_1_148' title='bbox 1424 2383 1463 2444; x_wconf 79' lang='lat'><strong>50.</strong></span> 
     </span>
     <span class='ocr_line' id='line_1_19' title="bbox 224 2492 1463 2576; baseline -0.003 -19"><span class='ocrx_word' id='word_1_149' title='bbox 224 2494 374 2576; x_wconf 89' lang='lat' dir='ltr'><strong>adparet.</strong></span> <span class='ocrx_word' id='word_1_150' title='bbox 395 2493 515 2556; x_wconf 91' lang='lat' dir='ltr'><strong>Parum</strong></span> <span class='ocrx_word' id='word_1_151' title='bbox 539 2513 619 2557; x_wconf 87' lang='lat' dir='ltr'><strong>vero</strong></span> <span class='ocrx_word' id='word_1_152' title='bbox 635 2515 655 2555; x_wconf 89' lang='lat' dir='ltr'><strong>a</strong></span> <span class='ocrx_word' id='word_1_153' title='bbox 673 2493 915 2576; x_wconf 89' lang='lat' dir='ltr'><strong>provinciarum</strong></span> <span class='ocrx_word' id='word_1_154' title='bbox 940 2494 1046 2558; x_wconf 91' lang='lat' dir='ltr'><strong>forma</strong></span> <span class='ocrx_word' id='word_1_155' title='bbox 1062 2493 1239 2557; x_wconf 89' lang='lat' dir='ltr'><strong>differebat</strong></span> <span class='ocrx_word' id='word_1_156' title='bbox 1257 2492 1369 2564; x_wconf 86' lang='lat' dir='ltr'><strong>forma</strong></span> <span class='ocrx_word' id='word_1_157' title='bbox 1383 2512 1463 2575; x_wconf 88' lang='lat' dir='ltr'><strong>prae-</strong></span> 
     </span>
     <span class='ocr_line' id='line_1_20' title="bbox 225 2598 1461 2686; baseline -0.003 -24"><span class='ocrx_word' id='word_1_158' title='bbox 225 2600 434 2662; x_wconf 88' lang='lat' dir='ltr'><strong>fecturarum.</strong></span> <span class='ocrx_word' id='word_1_159' title='bbox 456 2598 741 2677; x_wconf 84' lang='lat' dir='ltr'><strong>Quemadmodum</strong></span> <span class='ocrx_word' id='word_1_160' title='bbox 757 2601 843 2662; x_wconf 89' lang='lat' dir='ltr'><strong>enim</strong></span> <span class='ocrx_word' id='word_1_161' title='bbox 859 2602 894 2664; x_wconf 93' lang='lat' dir='ltr'><strong>in</strong></span> <span class='ocrx_word' id='word_1_162' title='bbox 914 2602 1005 2666; x_wconf 89' lang='lat' dir='ltr'><strong>illam</strong></span> <span class='ocrx_word' id='word_1_163' title='bbox 1030 2601 1206 2686; x_wconf 90' lang='lat' dir='ltr'><strong>quotannis</strong></span> <span class='ocrx_word' id='word_1_164' title='bbox 1221 2599 1415 2664; x_wconf 86' lang='lat' dir='ltr'><strong>Praesides:</strong></span> <span class='ocrx_word' id='word_1_165' title='bbox 1426 2598 1461 2660; x_wconf 89' lang='lat' dir='ltr'><strong>ita</strong></span> 
     </span>
    </p>
   </div>
   <div class='ocr_carea' id='block_1_9' title="bbox 225 2705 1522 2900">
    <p class='ocr_par' dir='ltr' id='par_1_9' title="bbox 225 2705 1522 2902">
     <span class='ocr_line' id='line_1_21' title="bbox 225 2705 1522 2796; baseline -0.005 -23"><span class='ocrx_word' id='word_1_166' title='bbox 225 2707 260 2773; x_wconf 90' lang='lat' dir='ltr'><strong>in</strong></span> <span class='ocrx_word' id='word_1_167' title='bbox 278 2706 502 2792; x_wconf 86' lang='lat' dir='ltr'><strong>praefecturas</strong></span> <span class='ocrx_word' id='word_1_168' title='bbox 517 2710 681 2788; x_wconf 76' lang='lat' dir='ltr'><strong>Praefecti</strong></span> <span class='ocrx_word' id='word_1_169' title='bbox 699 2709 933 2790; x_wconf 85' lang='lat' dir='ltr'><strong>mittebantur,</strong></span> <span class='ocrx_word' id='word_1_170' title='bbox 949 2709 1007 2793; x_wconf 93' lang='lat' dir='ltr'><strong>qui</strong></span> <span class='ocrx_word' id='word_1_171' title='bbox 1027 2718 1137 2774; x_wconf 91' lang='lat' dir='ltr'><strong>tamen</strong></span> <span class='ocrx_word' id='word_1_172' title='bbox 1158 2717 1296 2773; x_wconf 89' lang='lat' dir='ltr'><strong>eatenus</strong></span> <span class='ocrx_word' id='word_1_173' title='bbox 1311 2731 1332 2772; x_wconf 91' lang='lat' dir='ltr'><strong>a</strong></span> <span class='ocrx_word' id='word_1_174' title='bbox 1347 2705 1464 2770; x_wconf 88' lang='lat' dir='ltr'><strong>Praesi-</strong></span> <span class='ocrx_word' id='word_1_175' title='bbox 1521 2779 1522 2796; x_wconf 45' lang='lat'><strong>,</strong></span> 
     </span>
     <span class='ocr_line' id='line_1_22' title="bbox 227 2814 1464 2900; baseline -0.005 -22"><span class='ocrx_word' id='word_1_176' title='bbox 227 2814 323 2878; x_wconf 89' lang='lat' dir='ltr'><strong>dibus</strong></span> <span class='ocrx_word' id='word_1_177' title='bbox 345 2814 563 2897; x_wconf 87' lang='lat' dir='ltr'><strong>differebant,</strong></span> <span class='ocrx_word' id='word_1_178' title='bbox 585 2815 675 2898; x_wconf 92' lang='lat' dir='ltr'><strong>quod</strong></span> <span class='ocrx_word' id='word_1_179' title='bbox 696 2815 783 2879; x_wconf 90' lang='lat' dir='ltr'><strong>illia</strong></span> <span class='ocrx_word' id='word_1_180' title='bbox 802 2816 947 2900; x_wconf 92' lang='lat' dir='ltr'><strong>populo,</strong></span> <span class='ocrx_word' id='word_1_181' title='bbox 964 2817 1019 2880; x_wconf 90' lang='lat' dir='ltr'><strong>vel</strong></span> <span class='ocrx_word' id='word_1_182' title='bbox 1042 2841 1061 2880; x_wconf 91' lang='lat' dir='ltr'><strong>a</strong></span> <span class='ocrx_word' id='word_1_183' title='bbox 1076 2817 1220 2899; x_wconf 88' lang='lat' dir='ltr'><strong>Senatu,</strong></span> <span class='ocrx_word' id='word_1_184' title='bbox 1239 2815 1352 2880; x_wconf 87' lang='lat' dir='ltr'><strong>libera</strong></span> <span class='ocrx_word' id='word_1_185' title='bbox 1374 2814 1464 2880; x_wconf 86' lang='lat' dir='ltr'><strong>adhuc</strong></span> 
     </span>
    </p>
   </div>
   <div class='ocr_carea' id='block_1_10' title="bbox 226 2922 1465 3012">
    <p class='ocr_par' dir='ltr' id='par_1_10' title="bbox 226 2922 1465 3012">
     <span class='ocr_line' id='line_1_23' title="bbox 226 2922 1465 3012; baseline -0.003 -23"><span class='ocrx_word' id='word_1_186' title='bbox 226 2922 409 3006; x_wconf 83' lang='lat' dir='ltr'><strong>republica,</strong></span> <span class='ocrx_word' id='word_1_187' title='bbox 426 2922 666 3012; x_wconf 81' lang='lat' dir='ltr'><strong>deligerentur:</strong></span> <span class='ocrx_word' id='word_1_188' title='bbox 681 2922 715 2986; x_wconf 94' lang='lat' dir='ltr'><strong>hi</strong></span> <span class='ocrx_word' id='word_1_189' title='bbox 730 2925 851 3007; x_wconf 90' lang='lat' dir='ltr'><strong>partim</strong></span> <span class='ocrx_word' id='word_1_190' title='bbox 867 2947 887 2988; x_wconf 94' lang='lat' dir='ltr'><strong>a</strong></span> <span class='ocrx_word' id='word_1_191' title='bbox 901 2924 1039 3008; x_wconf 94' lang='lat' dir='ltr'><strong>populo,</strong></span> <span class='ocrx_word' id='word_1_192' title='bbox 1054 2926 1173 3009; x_wconf 88' lang='lat' dir='ltr'><strong>partim</strong></span> <span class='ocrx_word' id='word_1_193' title='bbox 1189 2948 1209 2988; x_wconf 90' lang='lat' dir='ltr'><strong>a</strong></span> <span class='ocrx_word' id='word_1_194' title='bbox 1223 2925 1401 2988; x_wconf 87' lang='lat' dir='ltr'><strong>Praetore.</strong></span> <span class='ocrx_word' id='word_1_195' title='bbox 1414 2923 1465 2986; x_wconf 87' lang='lat' dir='ltr'><strong>Fc-</strong></span> 
     </span>
    </p>
   </div>
   <div class='ocr_carea' id='block_1_11' title="bbox 227 3019 1522 3230">
    <p class='ocr_par' dir='ltr' id='par_1_11' title="bbox 227 3019 1522 3230">
     <span class='ocr_line' id='line_1_24' title="bbox 227 3019 1522 3117; baseline -0.002 -24"><span class='ocrx_word' id='word_1_196' title='bbox 227 3037 293 3093; x_wconf 90' lang='lat' dir='ltr'><strong>stus</strong></span> <span class='ocrx_word' id='word_1_197' title='bbox 319 3031 378 3092; x_wconf 93' lang='lat' dir='ltr'><strong>sub</strong></span> <span class='ocrx_word' id='word_1_198' title='bbox 400 3052 484 3093; x_wconf 89' lang='lat' dir='ltr'><strong>voce</strong></span> <span class='ocrx_word' id='word_1_199' title='bbox 500 3034 726 3113; x_wconf 83' lang='lat' dir='ltr'><strong>praefecturae</strong></span> <span class='ocrx_word' id='word_1_200' title='bbox 746 3053 781 3113; x_wconf 90' lang='lat' dir='ltr'><strong>p.</strong></span> <span class='ocrx_word' id='word_1_201' title='bbox 801 3031 874 3096; x_wconf 77' lang='lat'><strong>374.</strong></span> <span class='ocrx_word' id='word_1_202' title='bbox 902 3032 1140 3096; x_wconf 89' lang='lat' dir='ltr'><strong>Praefecturae</strong></span> <span class='ocrx_word' id='word_1_203' title='bbox 1166 3055 1246 3116; x_wconf 87' lang='lat' dir='ltr'><strong>ergo</strong></span> <span class='ocrx_word' id='word_1_204' title='bbox 1273 3053 1387 3117; x_wconf 90' lang='lat' dir='ltr'><strong>neque</strong></span> <span class='ocrx_word' id='word_1_205' title='bbox 1403 3033 1466 3117; x_wconf 86' lang='lat' dir='ltr'><strong>jure</strong></span> <span class='ocrx_word' id='word_1_206' title='bbox 1521 3019 1522 3048; x_wconf 60' lang='lat'>¹</span> 
     </span>
     <span class='ocr_line' id='line_1_25' title="bbox 229 3137 1522 3230; baseline -0.002 -30"><span class='ocrx_word' id='word_1_207' title='bbox 229 3137 380 3219; x_wconf 91' lang='lat' dir='ltr'><strong>civitatis,</strong></span> <span class='ocrx_word' id='word_1_208' title='bbox 396 3157 505 3222; x_wconf 89' lang='lat' dir='ltr'><strong>neque</strong></span> <span class='ocrx_word' id='word_1_209' title='bbox 522 3138 625 3220; x_wconf 90' lang='lat' dir='ltr'><strong>Latii,</strong></span> <span class='ocrx_word' id='word_1_210' title='bbox 640 3159 750 3222; x_wconf 88' lang='lat' dir='ltr'><strong>neque</strong></span> <span class='ocrx_word' id='word_1_211' title='bbox 766 3138 885 3201; x_wconf 92' lang='lat' dir='ltr'><strong>Italico</strong></span> <span class='ocrx_word' id='word_1_212' title='bbox 899 3139 1100 3224; x_wconf 87' lang='lat' dir='ltr'><strong>gaudebant,</strong></span> <span class='ocrx_word' id='word_1_213' title='bbox 1113 3139 1170 3202; x_wconf 92' lang='lat' dir='ltr'><strong>sed</strong></span> <span class='ocrx_word' id='word_1_214' title='bbox 1185 3140 1352 3223; x_wconf 88' lang='lat' dir='ltr'><strong>privatum</strong></span> <span class='ocrx_word' id='word_1_215' title='bbox 1368 3159 1465 3202; x_wconf 87' lang='lat' dir='ltr'><strong>eorum</strong></span> <span class='ocrx_word' id='word_1_216' title='bbox 1521 3219 1522 3230; x_wconf 14' lang='grc' dir='ltr'><strong>ἶ</strong></span> 
     </span>
    </p>
   </div>
   <div class='ocr_carea' id='block_1_12' title="bbox 154 3245 1474 4624">
    <p class='ocr_par' dir='ltr' id='par_1_12' title="bbox 154 3245 1474 4624">
     <span class='ocr_line' id='line_1_26' title="bbox 221 3245 1464 3330; baseline -0.004 -20"><span class='ocrx_word' id='word_1_217' title='bbox 221 3246 277 3330; x_wconf 89' lang='lat' dir='ltr'><strong>jus</strong></span> <span class='ocrx_word' id='word_1_218' title='bbox 293 3267 390 3309; x_wconf 87' lang='lat' dir='ltr'><strong>omne</strong></span> <span class='ocrx_word' id='word_1_219' title='bbox 407 3245 448 3308; x_wconf 88' lang='lat' dir='ltr'><strong>ab</strong></span> <span class='ocrx_word' id='word_1_220' title='bbox 467 3245 585 3309; x_wconf 90' lang='lat' dir='ltr'><strong>edictis</strong></span> <span class='ocrx_word' id='word_1_221' title='bbox 601 3246 861 3328; x_wconf 90' lang='lat' dir='ltr'><strong>Praefectomm,</strong></span> <span class='ocrx_word' id='word_1_222' title='bbox 874 3246 1040 3330; x_wconf 91' lang='lat' dir='ltr'><strong>publicum</strong></span> <span class='ocrx_word' id='word_1_223' title='bbox 1058 3246 1213 3310; x_wconf 88' lang='lat' dir='ltr'><strong>aSenatu</strong></span> <span class='ocrx_word' id='word_1_224' title='bbox 1228 3246 1385 3311; x_wconf 91' lang='lat' dir='ltr'><strong>Romano</strong></span> <span class='ocrx_word' id='word_1_225' title='bbox 1399 3265 1464 3330; x_wconf 80' lang='lat' dir='ltr'><strong>pm</strong></span> 
     </span>
     <span class='ocr_line' id='line_1_27' title="bbox 227 3352 1467 3439; baseline -0.002 -22"><span class='ocrx_word' id='word_1_226' title='bbox 227 3352 446 3434; x_wconf 89' lang='lat' dir='ltr'><strong>ficiscebatur,</strong></span> <span class='ocrx_word' id='word_1_227' title='bbox 462 3355 519 3437; x_wconf 93' lang='lat' dir='ltr'><strong>qui</strong></span> <span class='ocrx_word' id='word_1_228' title='bbox 540 3354 580 3416; x_wconf 91' lang='lat' dir='ltr'><strong>iis</strong></span> <span class='ocrx_word' id='word_1_229' title='bbox 597 3375 656 3438; x_wconf 90' lang='lat' dir='ltr'><strong>pro</strong></span> <span class='ocrx_word' id='word_1_230' title='bbox 672 3352 779 3417; x_wconf 90' lang='lat' dir='ltr'><strong>lubitu</strong></span> <span class='ocrx_word' id='word_1_231' title='bbox 794 3355 934 3436; x_wconf 89' lang='lat' dir='ltr'><strong>tributa,</strong></span> <span class='ocrx_word' id='word_1_232' title='bbox 954 3354 1151 3439; x_wconf 89' lang='lat' dir='ltr'><strong>vectigalia,</strong></span> <span class='ocrx_word' id='word_1_233' title='bbox 1171 3354 1323 3418; x_wconf 88' lang='lat' dir='ltr'><strong>militiam</strong></span> <span class='ocrx_word' id='word_1_234' title='bbox 1341 3356 1467 3438; x_wconf 89' lang='lat' dir='ltr'><strong>impera-</strong></span> 
     </span>
     <span class='ocr_line' id='line_1_28' title="bbox 228 3450 1467 3545; baseline -0.002 -23"><span class='ocrx_word' id='word_1_235' title='bbox 228 3460 296 3522; x_wconf 91' lang='lat' dir='ltr'><strong>bat.</strong></span> <span class='ocrx_word' id='word_1_236' title='bbox 310 3461 420 3523; x_wconf 85' lang='lat' dir='ltr'><strong>Fuere</strong></span> <span class='ocrx_word' id='word_1_237' title='bbox 436 3469 546 3524; x_wconf 89' lang='lat' dir='ltr'><strong>tamen</strong></span> <span class='ocrx_word' id='word_1_238' title='bbox 558 3460 787 3545; x_wconf 84' lang='lat' dir='ltr'><strong>praefecturae</strong></span> <span class='ocrx_word' id='word_1_239' title='bbox 804 3462 891 3526; x_wconf 88' lang='lat' dir='ltr'><strong>aliae</strong></span> <span class='ocrx_word' id='word_1_240' title='bbox 907 3463 980 3525; x_wconf 87' lang='lat' dir='ltr'><strong>aliis</strong></span> <span class='ocrx_word' id='word_1_241' title='bbox 995 3450 1178 3526; x_wconf 80' lang='lat' dir='ltr'><strong>liberiores.</strong></span> <span class='ocrx_word' id='word_1_242' title='bbox 1193 3462 1467 3539; x_wconf 83' lang='lat' dir='ltr'><strong>Quemadmodum</strong></span> 
     </span>
     <span class='ocr_line' id='line_1_29' title="bbox 229 3567 1470 3653; baseline 0.001 -23"><span class='ocrx_word' id='word_1_243' title='bbox 229 3567 317 3630; x_wconf 90' lang='lat' dir='ltr'><strong>enim</strong></span> <span class='ocrx_word' id='word_1_244' title='bbox 334 3567 448 3652; x_wconf 87' lang='lat' dir='ltr'><strong>Capua</strong></span> <span class='ocrx_word' id='word_1_245' title='bbox 461 3569 500 3631; x_wconf 51' lang='lat' dir='ltr'><strong>in*</strong></span> <span class='ocrx_word' id='word_1_246' title='bbox 514 3568 743 3652; x_wconf 84' lang='lat' dir='ltr'><strong>praefecturae</strong></span> <span class='ocrx_word' id='word_1_247' title='bbox 764 3571 901 3634; x_wconf 90' lang='lat' dir='ltr'><strong>formam</strong></span> <span class='ocrx_word' id='word_1_248' title='bbox 916 3569 1069 3653; x_wconf 89' lang='lat' dir='ltr'><strong>redacta,</strong></span> <span class='ocrx_word' id='word_1_249' title='bbox 1085 3571 1210 3634; x_wconf 92' lang='lat' dir='ltr'><strong>nullum</strong></span> <span class='ocrx_word' id='word_1_250' title='bbox 1225 3571 1261 3633; x_wconf 91' lang='lat' dir='ltr'><strong>in</strong></span> <span class='ocrx_word' id='word_1_251' title='bbox 1277 3570 1361 3632; x_wconf 88' lang='lat' dir='ltr'><strong>urbe</strong></span> <span class='ocrx_word' id='word_1_252' title='bbox 1377 3591 1470 3632; x_wconf 89' lang='lat' dir='ltr'><strong>rema-</strong></span> 
     </span>
     <span class='ocr_line' id='line_1_30' title="bbox 230 3675 1469 3764; baseline -0.001 -26"><span class='ocrx_word' id='word_1_253' title='bbox 230 3675 333 3738; x_wconf 87' lang='lat' dir='ltr'><strong>nebat</strong></span> <span class='ocrx_word' id='word_1_254' title='bbox 352 3695 469 3760; x_wconf 86' lang='lat' dir='ltr'><strong>corpus</strong></span> <span class='ocrx_word' id='word_1_255' title='bbox 492 3676 649 3757; x_wconf 88' lang='lat' dir='ltr'><strong>civitatis,</strong></span> <span class='ocrx_word' id='word_1_256' title='bbox 673 3677 781 3764; x_wconf 90' lang='lat' dir='ltr'><strong>nullus</strong></span> <span class='ocrx_word' id='word_1_257' title='bbox 801 3678 962 3761; x_wconf 87' lang='lat' dir='ltr'><strong>Senatus,</strong></span> <span class='ocrx_word' id='word_1_258' title='bbox 984 3701 1057 3742; x_wconf 59' lang='lat' dir='ltr'><strong>nec*</strong></span> <span class='ocrx_word' id='word_1_259' title='bbox 1068 3678 1177 3763; x_wconf 91' lang='lat' dir='ltr'><strong>plebis</strong></span> <span class='ocrx_word' id='word_1_260' title='bbox 1202 3677 1400 3760; x_wconf 89' lang='lat' dir='ltr'><strong>concilium,</strong></span> <span class='ocrx_word' id='word_1_261' title='bbox 1420 3696 1469 3740; x_wconf 86' lang='lat' dir='ltr'><strong>nec</strong></span> 
     </span>
     <span class='ocr_line' id='line_1_31' title="bbox 160 3784 1470 3871; baseline -0.002 -24"><span class='ocrx_word' id='word_1_262' title='bbox 160 3867 163 3871; x_wconf 17' lang='grc' dir='ltr'>Ι</span> <span class='ocrx_word' id='word_1_263' title='bbox 229 3784 454 3868; x_wconf 86' lang='lat' dir='ltr'><strong>magistratus,</strong></span> <span class='ocrx_word' id='word_1_264' title='bbox 475 3790 560 3847; x_wconf 90' lang='lat' dir='ltr'><strong>teste</strong></span> <span class='ocrx_word' id='word_1_265' title='bbox 582 3784 680 3849; x_wconf 82' lang='lat' dir='ltr'><strong>Livio</strong></span> <span class='ocrx_word' id='word_1_266' title='bbox 698 3787 820 3848; x_wconf 85' lang='lat' dir='ltr'><em>XXVI.</em></span> <span class='ocrx_word' id='word_1_267' title='bbox 836 3787 886 3850; x_wconf 83' lang='grc'><strong>16</strong></span> <span class='ocrx_word' id='word_1_268' title='bbox 908 3788 955 3850; x_wconf 91' lang='lat' dir='ltr'><strong>ita</strong></span> <span class='ocrx_word' id='word_1_269' title='bbox 975 3787 1010 3850; x_wconf 93' lang='lat' dir='ltr'><strong>in</strong></span> <span class='ocrx_word' id='word_1_270' title='bbox 1031 3787 1104 3850; x_wconf 91' lang='lat' dir='ltr'><strong>aliis</strong></span> <span class='ocrx_word' id='word_1_271' title='bbox 1125 3785 1362 3871; x_wconf 87' lang='lat' dir='ltr'><strong>praefecturis,</strong></span> <span class='ocrx_word' id='word_1_272' title='bbox 1381 3787 1470 3848; x_wconf 87' lang='lat' dir='ltr'><strong>Festo</strong></span> 
     </span>
     <span class='ocr_line' id='line_1_32' title="bbox 181 3891 1472 3978; baseline 0.001 -24"><span class='ocrx_word' id='word_1_273' title='bbox 181 3899 184 3904; x_wconf 86' lang='lat'>&#39;</span> <span class='ocrx_word' id='word_1_274' title='bbox 229 3898 383 3972; x_wconf 88' lang='lat' dir='ltr'><strong>auctore,</strong></span> <span class='ocrx_word' id='word_1_275' title='bbox 402 3891 465 3954; x_wconf 89' lang='lat' dir='ltr'><strong>fuit</strong></span> <span class='ocrx_word' id='word_1_276' title='bbox 487 3893 642 3972; x_wconf 82' lang='lat' dir='ltr'><strong>quaedam</strong></span> <span class='ocrx_word' id='word_1_277' title='bbox 657 3896 849 3975; x_wconf 74' lang='lat' dir='ltr'><strong>respublica,</strong></span> <span class='ocrx_word' id='word_1_278' title='bbox 868 3900 1009 3978; x_wconf 76' lang='lat' dir='ltr'><strong>quamvis</strong></span> <span class='ocrx_word' id='word_1_279' title='bbox 1026 3899 1233 3978; x_wconf 71' lang='lat' dir='ltr'><strong>maganutus</strong></span> <span class='ocrx_word' id='word_1_280' title='bbox 1250 3915 1325 3956; x_wconf 83' lang='lat' dir='ltr'><strong>suas</strong></span> <span class='ocrx_word' id='word_1_281' title='bbox 1347 3914 1411 3956; x_wconf 79' lang='lat' dir='ltr'><strong>non</strong></span> <span class='ocrx_word' id='word_1_282' title='bbox 1427 3894 1472 3954; x_wconf 79' lang='lat' dir='ltr'><strong>ta-</strong></span> 
     </span>
     <span class='ocr_line' id='line_1_33' title="bbox 229 3985 1472 4085; baseline 0.002 -26"><span class='ocrx_word' id='word_1_283' title='bbox 229 3997 346 4072; x_wconf 80' lang='lat' dir='ltr'><strong>berent.</strong></span> <span class='ocrx_word' id='word_1_284' title='bbox 369 3998 457 4062; x_wconf 87' lang='lat' dir='ltr'><strong>Sane</strong></span> <span class='ocrx_word' id='word_1_285' title='bbox 479 3998 542 4061; x_wconf 91' lang='lat' dir='ltr'><strong>fuit</strong></span> <span class='ocrx_word' id='word_1_286' title='bbox 561 3999 594 4062; x_wconf 92' lang='lat' dir='ltr'><strong>in</strong></span> <span class='ocrx_word' id='word_1_287' title='bbox 619 4000 755 4085; x_wconf 89' lang='lat' dir='ltr'><strong>reliquis</strong></span> <span class='ocrx_word' id='word_1_288' title='bbox 777 4003 993 4085; x_wconf 87' lang='lat' dir='ltr'><strong>praefecturis</strong></span> <span class='ocrx_word' id='word_1_289' title='bbox 1018 3985 1157 4068; x_wconf 83' lang='lat' dir='ltr'><strong>Senatus</strong></span> <span class='ocrx_word' id='word_1_290' title='bbox 1176 4000 1404 4083; x_wconf 90' lang='lat' dir='ltr'><strong>simulacrum,</strong></span> <span class='ocrx_word' id='word_1_291' title='bbox 1426 3998 1472 4084; x_wconf 90' lang='lat' dir='ltr'><strong>qui</strong></span> 
     </span>
     <span class='ocr_line' id='line_1_34' title="bbox 154 4104 1472 4196; baseline 0.004 -31"><span class='ocrx_word' id='word_1_292' title='bbox 154 4136 159 4150; x_wconf 52' lang='grc' dir='ltr'>ι</span> <span class='ocrx_word' id='word_1_293' title='bbox 233 4114 415 4169; x_wconf 88' lang='lat' dir='ltr'><strong>conventus</strong></span> <span class='ocrx_word' id='word_1_294' title='bbox 435 4104 501 4168; x_wconf 90' lang='lat' dir='ltr'><strong>dici</strong></span> <span class='ocrx_word' id='word_1_295' title='bbox 525 4106 672 4189; x_wconf 87' lang='lat' dir='ltr'><strong>solebat,</strong></span> <span class='ocrx_word' id='word_1_296' title='bbox 698 4109 830 4194; x_wconf 90' lang='lat' dir='ltr'><strong>qualem</strong></span> <span class='ocrx_word' id='word_1_297' title='bbox 857 4112 955 4174; x_wconf 89' lang='lat' dir='ltr'><strong>etiam</strong></span> <span class='ocrx_word' id='word_1_298' title='bbox 985 4121 1117 4196; x_wconf 87' lang='lat' dir='ltr'><strong>postea,</strong></span> <span class='ocrx_word' id='word_1_299' title='bbox 1140 4116 1283 4194; x_wconf 89' lang='lat' dir='ltr'><strong>patrono</strong></span> <span class='ocrx_word' id='word_1_300' title='bbox 1306 4109 1472 4186; x_wconf 86' lang='lat' dir='ltr'><strong>Cicerone,</strong></span> 
     </span>
     <span class='ocr_line' id='line_1_35' title="bbox 232 4211 1472 4302; baseline 0.001 -27"><span class='ocrx_word' id='word_1_301' title='bbox 232 4211 382 4296; x_wconf 82' lang='lat' dir='ltr'><strong>Capuani</strong></span> <span class='ocrx_word' id='word_1_302' title='bbox 399 4213 631 4297; x_wconf 90' lang='lat' dir='ltr'><strong>impetrarunt:</strong></span> <span class='ocrx_word' id='word_1_303' title='bbox 653 4217 721 4281; x_wconf 87' lang='lat' dir='ltr'><strong>Gic.</strong></span> <span class='ocrx_word' id='word_1_304' title='bbox 733 4239 797 4300; x_wconf 89' lang='lat' dir='ltr'><strong>pro</strong></span> <span class='ocrx_word' id='word_1_305' title='bbox 812 4219 897 4280; x_wconf 78' lang='lat' dir='ltr'><strong>Sacc.</strong></span> <span class='ocrx_word' id='word_1_306' title='bbox 914 4243 939 4282; x_wconf 88' lang='lat' dir='ltr'><strong>c.</strong></span> <span class='ocrx_word' id='word_1_307' title='bbox 952 4221 982 4281; x_wconf 84' lang='grc'><strong>4.</strong></span> <span class='ocrx_word' id='word_1_308' title='bbox 1006 4221 1069 4283; x_wconf 93' lang='lat' dir='ltr'><strong>fuit</strong></span> <span class='ocrx_word' id='word_1_309' title='bbox 1087 4218 1170 4282; x_wconf 92' lang='lat' dir='ltr'><strong>ordo</strong></span> <span class='ocrx_word' id='word_1_310' title='bbox 1192 4217 1366 4302; x_wconf 87' lang='lat' dir='ltr'><strong>equestris,</strong></span> <span class='ocrx_word' id='word_1_311' title='bbox 1380 4217 1472 4294; x_wconf 88' lang='lat' dir='ltr'><strong>fuere,</strong></span> 
     </span>
     <span class='ocr_line' id='line_1_36' title="bbox 232 4319 1474 4407; baseline 0.002 -24"><span class='ocrx_word' id='word_1_312' title='bbox 232 4319 289 4403; x_wconf 92' lang='lat' dir='ltr'><strong>qui</strong></span> <span class='ocrx_word' id='word_1_313' title='bbox 307 4320 471 4404; x_wconf 89' lang='lat' dir='ltr'><strong>publicam</strong></span> <span class='ocrx_word' id='word_1_314' title='bbox 490 4346 558 4388; x_wconf 89' lang='lat' dir='ltr'><strong>rem</strong></span> <span class='ocrx_word' id='word_1_315' title='bbox 583 4333 752 4407; x_wconf 90' lang='lat' dir='ltr'><strong>curarent,</strong></span> <span class='ocrx_word' id='word_1_316' title='bbox 767 4325 907 4390; x_wconf 87' lang='lat' dir='ltr'><strong>Aediles</strong></span> <span class='ocrx_word' id='word_1_317' title='bbox 927 4335 962 4390; x_wconf 91' lang='lat' dir='ltr'><strong>et</strong></span> <span class='ocrx_word' id='word_1_318' title='bbox 982 4327 1193 4404; x_wconf 84' lang='lat' dir='ltr'><strong>Quaestores.</strong></span> <span class='ocrx_word' id='word_1_319' title='bbox 1215 4323 1283 4388; x_wconf 88' lang='lat' dir='ltr'><strong>Sed</strong></span> <span class='ocrx_word' id='word_1_320' title='bbox 1305 4325 1356 4388; x_wconf 91' lang='lat' dir='ltr'><strong>his</strong></span> <span class='ocrx_word' id='word_1_321' title='bbox 1378 4323 1474 4388; x_wconf 92' lang='lat' dir='ltr'><strong>omni-</strong></span> 
     </span>
     <span class='ocr_line' id='line_1_37' title="bbox 231 4424 1473 4518; baseline 0.004 -31"><span class='ocrx_word' id='word_1_322' title='bbox 231 4424 292 4490; x_wconf 90' lang='lat' dir='ltr'><strong>bus</strong></span> <span class='ocrx_word' id='word_1_323' title='bbox 312 4439 505 4515; x_wconf 87' lang='lat' dir='ltr'><strong>praeerant,</strong></span> <span class='ocrx_word' id='word_1_324' title='bbox 529 4433 585 4517; x_wconf 92' lang='lat' dir='ltr'><strong>qui</strong></span> <span class='ocrx_word' id='word_1_325' title='bbox 598 4434 683 4518; x_wconf 90' lang='lat' dir='ltr'><strong>juris</strong></span> <span class='ocrx_word' id='word_1_326' title='bbox 703 4433 837 4498; x_wconf 91' lang='lat' dir='ltr'><strong>dicundi</strong></span> <span class='ocrx_word' id='word_1_327' title='bbox 860 4455 972 4500; x_wconf 90' lang='lat' dir='ltr'><strong>caussa</strong></span> <span class='ocrx_word' id='word_1_328' title='bbox 993 4435 1103 4499; x_wconf 87' lang='lat' dir='ltr'><strong>Roma</strong></span> <span class='ocrx_word' id='word_1_329' title='bbox 1124 4432 1355 4516; x_wconf 86' lang='lat' dir='ltr'><strong>mittebantur,</strong></span> <span class='ocrx_word' id='word_1_330' title='bbox 1380 4435 1473 4498; x_wconf 87' lang='lat' dir='ltr'><strong>Prae-</strong></span> 
     </span>
     <span class='ocr_line' id='line_1_38' title="bbox 231 4533 1473 4624; baseline 0.004 -30"><span class='ocrx_word' id='word_1_331' title='bbox 231 4533 327 4618; x_wconf 90' lang='lat' dir='ltr'><strong>fecti,</strong></span> <span class='ocrx_word' id='word_1_332' title='bbox 346 4559 428 4622; x_wconf 90' lang='lat' dir='ltr'><strong>quos</strong></span> <span class='ocrx_word' id='word_1_333' title='bbox 440 4537 557 4604; x_wconf 87' lang='lat' dir='ltr'><strong>Festus</strong></span> <span class='ocrx_word' id='word_1_334' title='bbox 577 4542 771 4623; x_wconf 91' lang='lat' dir='ltr'><strong>(dummodo</strong></span> <span class='ocrx_word' id='word_1_335' title='bbox 789 4563 832 4606; x_wconf 89' lang='lat' dir='ltr'><strong>ne</strong></span> <span class='ocrx_word' id='word_1_336' title='bbox 847 4543 882 4606; x_wconf 90' lang='lat' dir='ltr'><strong>in</strong></span> <span class='ocrx_word' id='word_1_337' title='bbox 898 4544 1020 4607; x_wconf 90' lang='lat' dir='ltr'><strong>mendo</strong></span> <span class='ocrx_word' id='word_1_338' title='bbox 1040 4545 1140 4608; x_wconf 86' lang='lat' dir='ltr'><strong>cubet</strong></span> <span class='ocrx_word' id='word_1_339' title='bbox 1151 4541 1261 4624; x_wconf 92' lang='lat' dir='ltr'><strong>locus)</strong></span> <span class='ocrx_word' id='word_1_340' title='bbox 1283 4542 1427 4604; x_wconf 68' lang='lat' dir='ltr'><strong>Secvrrm</strong></span> <span class='ocrx_word' id='word_1_341' title='bbox 1445 4545 1473 4600; x_wconf 85' lang='lat' dir='ltr'><strong>ct</strong></span> 
     </span>
    </p>
   </div>
   <div class='ocr_carea' id='block_1_13' title="bbox 0 0 1551 5164">
    <p class='ocr_par' dir='ltr' id='par_1_13' title="bbox 0 0 1551 5164">
     <span class='ocr_line' id='line_1_39' title="bbox 0 0 1551 5164; baseline 0 0"><span class='ocrx_word' id='word_1_342' title='bbox 0 0 1551 5164; x_wconf 95' lang='lat' dir='ltr'><strong> </strong></span> 
     </span>
    </p>
   </div>
  </div>
 </body>
</html>
