3122 5162
402 409 404 426 ¹
494 386 550 459 m
573 385 736 458 Prsarum
759 385 924 466 donnaus.
1267 394 1339 462 777

84 563 145 628 sub
162 561 281 629 eodem
296 561 361 630 hoc
377 581 482 645 genus
504 561 687 629 calumniae
710 582 752 628 eo
774 571 997 646 processerat,
1018 571 1054 628 ut
1076 563 1219 648 capitale
1242 572 1340 648 esset,

85 671 175 736 circe
188 668 335 753 Augusti
348 667 553 735 simulacrum
568 691 697 734 servum
714 670 891 752 cecidisse,
914 679 1040 734 vestem
1056 678 1216 752 mutasse,
1240 693 1339 736 numo

84 775 140 840 vel
164 775 287 842 annulo
309 776 498 859 impressam
518 777 682 861 Principis
705 779 848 863 effigiem
870 778 1012 844 latrinae
1033 786 1090 842 sut
1111 777 1263 860 lupanari
1287 779 1340 844 in·-

81 882 218 964 tulisse,
249 881 339 946 dicto
370 882 440 946 ullo
463 884 620 971 factoque
652 887 722 970 ejus
752 885 1031 950 existimationem
1059 884 1204 950 laesisse.
1231 886 1339 950 Periit

82 991 232 1074 denique
248 999 282 1054 et
297 992 347 1072 is,
370 990 426 1074 qui
448 991 591 1056 honores
613 995 648 1056 in
670 979 804 1058 colonia
825 1014 883 1056 sua
906 993 1024 1056 eodem
1047 992 1102 1056 die
1125 993 1260 1056 decerni
1276 995 1339 1058 sibi

80 1119 198 1182 passus
220 1106 311 1178 erat,
334 1119 399 1182 quo
423 1096 549 1164 decreti
572 1109 607 1164 et
627 1100 781 1185 Augusto
804 1099 884 1164 olim
907 1108 1013 1163 erant:
1036 1101 1214 1167 Suetonius
1240 1103 1339 1166 mter.

80 1227 109 1268 c.
123 1205 175 1270 53.
195 1206 267 1270 Imo
283 1226 345 1268 nec
366 1227 476 1289 poena
486 1185 534 1272 ‘ab
549 1207 701 1292 Augusto
719 1215 840 1277 statuta
855 1207 932 1272 satis
948 1228 1064 1291 magna
1082 1208 1150 1272 visa
1166 1218 1216 1274 est
1231 1209 1339 1274 immi-

80 1312 223 1376 tioribus
245 1311 465 1396 Principibus.
489 1313 589 1379 Unde
613 1315 654 1378 de
676 1303 734 1379 sua
750 1321 861 1379 aetate
878 1314 999 1379 Paulus
1022 1315 1177 1380 Seniensi.
1197 1317 1338 1399 Recepti.

80 1419 127 1505 [*
146 1419 181 1481 V.
195 1417 314 1504 29.1.]
329 1419 425 1482 Nunc
440 1423 616 1487 lumsls'ores
639 1425 742 1488 testie
758 1401 969 1505 'adjicientum
990 1425 1041 1484 oel
1060 1425 1123 1485 uici
1140 1435 1338 1499 caorunture

80 1530 273 1591 honestiores
295 1528 395 1610 cupite
411 1533 602 1611 puniuntur.

680 1726 687 1740 .
709 1679 759 1742 50.

516 1794 605 1847 Novae
625 1679 810 1866 desmajeetase
829 1794 908 1864 lepor.

17 1905 18 1912 ³
166 1895 341 1958 Postremo
363 1893 525 1958 Arcadius
548 1904 583 1959 et
606 1897 791 1977 Honorius,
820 1896 981 1982 Augusti,
1010 1895 1199 1960 incredibili
1221 1895 1336 1962 Rufini

87 2012 118 2066 ·=t
140 2002 292 2086 Eutropii
315 2001 396 2064 moti
418 2002 613 2086 tyrannide,
643 2025 740 2088 quam
768 2003 801 2066 in
831 2004 920 2087 ipsos
943 2004 1115 2088 Principes
1144 2004 1332 2070 adfectare·

85 2130 121 2172 ra
149 2110 373 2192 *majestatis
389 2109 498 2194 legem
522 2132 588 2173 non
611 2109 716 2174 solum
739 2113 781 2176 ad
804 2112 967 2176 factiones
987 2113 1159 2196 ipsumque
1182 2121 1335 2175 conatum

80 2225 182 2302 protu
235 2225 310 2299 unt,
327 2216 385 2279 sed
407 2225 442 2280 et
463 2238 605 2302 poenam
629 2239 724 2302 quam
747 2219 889 2282 maxime
908 2220 1158 2282 exacerbarunt.
1180 2219 1337 2282 Praeter-

15 2393 16 2400 ,
80 2347 180 2410 quarn
203 2325 309 2405 enim,
339 2325 428 2409 quod
452 2325 631 2408 majestatis
659 2345 734 2388 reos
763 2325 878 2410 gladio
905 2325 997 2388 feriri
1020 2327 1204 2410 jusserunt,
1236 2326 1334 2389 etiam

78 2434 169 2495 bona
194 2431 424 2517 adjudicarunt
446 2433 525 2496 fisco
546 2437 586 2512 ²),
610 2441 644 2496 et
667 2433 753 2498 lilios
776 2457 795 2498 a
817 2443 983 2515 materna,
1001 2433 1106 2513 evita,
1122 2431 1334 2515 omniumque
1358 2435 1360 2439 ’

37 2539 39 2544 ’
76 2541 305 2626 proximorum
333 2539 520 2604 hereditate
542 2541 770 2624 excluserunt,
802 2563 912 2628 neque
937 2539 1115 2626 quidquem
1139 2559 1196 2601 eos
1219 2559 1262 2600 ex
1285 2546 1336 2602 te-

76 2655 245 2712 stamento
262 2653 495 2712 extraneorum
511 2669 630 2734 capere
647 2648 701 2713 vel
719 2651 760 2714 ad
782 2649 926 2714 honores
948 2647 1034 2712 ullos
1058 2647 1226 2732 adspirare
1249 2649 1335 2731 passi
1421 2683 1426 2698 ι

75 2763 174 2838 sunt,
205 2743 339 2838 utens,
371 2764 533 2840 perpetuo
565 2767 723 2843 egentes,
754 2766 789 2822 et
817 2778 1001 2842 pauperes,
1030 2756 1166 2820 infamia
1195 2764 1335 2839 paterna

74 2883 213 2946 semper
227 2863 457 2962 comitaretug,
474 2872 649 2949 essentque
664 2864 769 2945 tales,
791 2874 827 2927 ut
841 2865 881 2928 iis
897 2873 931 2928 et
948 2885 1033 2928 mors
1049 2864 1188 2944 solatio,
1212 2870 1247 2966 et
1262 2863 1335 2928 vita

74 2971 246 3056 supplicio
269 2978 364 3033 esset.
396 2970 451 3033 Sic
472 2991 582 3053 poena
604 2979 744 3055 paterna
773 2981 807 3034 et
827 2971 861 3033 in
890 2971 1015 3034 liberos
1035 2970 1219 3051 redundat,
1245 2969 1334 3054 quod

73 3079 231 3164 alioquin
249 3103 266 3143 a
283 3079 452 3164 principiis
462 3077 546 3164 juris
563 3077 724 3161 alienum,
748 3086 781 3142 et
796 3077 944 3144 barbaris
965 3077 1132 3162 proprium
1155 3085 1220 3157 est,
1244 3075 1334 3162 quod

72 3189 124 3252 ob
150 3185 285 3250 crimina
307 3207 373 3250 non
397 3185 496 3250 modo
518 3186 661 3266 liberos,
689 3187 748 3252 sed
776 3196 810 3251 et
832 3207 962 3250 omnem
991 3185 1147 3250 familiam
1170 3184 1332 3268 supplicio

71 3295 263 3371 adfecisse,
279 3294 409 3357 erudite
424 3293 524 3357 docet
538 3295 609 3356 Em.
624 3293 788 3357 Merillius
809 3295 984 3356 Obscraott.
1001 3293 1058 3353 IV.
1073 3292 1103 3355 3.
1118 3293 1236 3355 Omnia
1251 3292 1334 3354 baec

69 3401 229 3489 pluribus
257 3401 401 3465 inculcat
429 3402 467 3465 L.
492 3403 637 3482 Quisquis
665 3403 694 3462 5.
720 3404 752 3464 0.
776 3403 819 3463 od
846 3405 919 3484 Leg.
941 3402 1003 3463 Jul.
1026 3402 1150 3482 Mojest.
1172 3399 1206 3463 in
1236 3421 1332 3484 quam

68 3508 268 3574 luculentus
284 3518 391 3574 exstat
408 3508 660 3596 commentarius
675 3509 797 3574 Jacobi
813 3508 1033 3590 Gothofredi‚
1058 3508 1164 3573 editus
1190 3509 1333 3570 Genevae

68 3617 174 3682 1654.
195 3618 225 3678 4.
249 3615 290 3701 [*
313 3617 403 3680 etin
426 3638 493 3698 opp.
509 3619 634 3698 joridd.
653 3623 726 3682 min.
743 3641 776 3700 p.
792 3618 905 3688 1-‚59.
929 3617 980 3680 ed.
997 3615 1131 3702 Tmtm]
1154 3617 1334 3681 Praeterea

69 3723 341 3805 observandum,
375 3723 565 3806 perduelles
595 3745 703 3809 aeque
733 3745 770 3788 ac
792 3725 904 3787 hostes
933 3711 1040 3809 lugeri
1062 3745 1153 3788 more
1176 3725 1329 3810 majorum

68 3973 106 4028 id
128 3986 177 4036 per
194 3965 443 4034 interpretationem
466 3969 502 4022 ad
520 3970 592 4024 dioto
609 3978 740 4038 tractum,
766 3977 798 4024 ut
815 3973 954 4038 praeclare
971 3972 1051 4026 docet
1068 3972 1112 4025 Jo.
1131 3955 1204 4024 Frid.
1223 3971 1330 4023 Grono-

67 4057 143 4112 vius
161 4055 198 4108 ad
218 4053 304 4106 Taciti
320 4052 418 4106 Arnai.
437 4053 462 4106 Ι.
480 4058 524 4108 72.
547 4055 627 4110 Heia.

151 4139 177 4203 t)
198 4139 331 4190 Fecerunt
348 4137 376 4190 id
396 4139 576 4204 Imperatores
594 4143 629 4194 I).
647 4142 737 4196 Marci
755 4141 931 4208 Imperatoris
949 4141 1091 4208 exemplo,
1110 4137 1156 4207 qui
1169 4138 1325 4202 Druncisni,

69 4223 240 4284 senatoris,
266 4227 293 4274 et
310 4221 434 4276 Cassiani
452 4223 552 4278 furoris
578 4226 660 4289 socii,
691 4228 762 4282 bona
781 4233 975 4292 postmortem
999 4230 1066 4280 fisco
1084 4223 1280 4285 vindicaverat,
1305 4221 1329 4276 si

68 4325 146 4366 vere
164 4307 273 4373 scripsit
291 4309 394 4360 Paulus
413 4310 445 4360 L.
461 4314 486 4362 7.
508 4309 536 4361 0.
550 4311 586 4362 od
601 4312 665 4378 Lep.
677 4312 733 4363 Jut.
751 4314 852 4381 majest.
873 4314 959 4379 (Nam
977 4311 1032 4364 Jul.
1051 4307 1221 4373 Capitolinus
1238 4307 1329 4361 invita

69 4397 121 4452 M.
147 4395 246 4448 Aaron.
271 4393 429 4462 Philosophi
456 4391 489 4463 [⁴¹
503 4413 525 4447 c.
551 4393 610 4465 ll.]
648 4402 675 4448 et
698 4397 804 4450 Vulc'at.
830 4397 986 4453 Gallicanus
1011 4392 1040 4448 in
1064 4394 1117 4446 aito
1142 4393 1231 4446 Auidii
1249 4391 1331 4444 Cossi

70 4482 113 4550 [*
127 4478 195 4549 s.7.]
208 4480 237 4532 id
252 4480 354 4532 tectum
368 4494 428 4534 esse
442 4479 564 4545 nesam.)
579 4481 683 4532 Postea
697 4479 769 4534 idem
781 4482 979 4535 constituerunt
994 4481 1110 4534 Severus
1126 4483 1153 4530 et
1167 4475 1329 4542 Antoninus,

70 4570 151 4620 teste
162 4562 307 4618 Muenna
319 4565 352 4618 l..
365 4568 390 4618 8.
397 4567 487 4633 princ.
502 4563 531 4618 0.
542 4567 600 4620 eod.
611 4567 690 4622 nate
702 4571 791 4621 tauron
805 4565 949 4634 (injuciam
969 4563 1115 4622 Otreroott.
1126 4561 1183 4616 ΙΙΙ.
1193 4565 1232 4618 10.
1248 4561 1329 4622 Heia.
