3130 5148
210 381 260 447 48
453 361 456 366 ’
687 372 761 439 Lna
787 372 815 438 1.
840 371 920 438 Tin.
946 371 990 437 ll.
1201 367 1211 404 ¹

211 549 316 612 multo
338 557 415 632 post
433 549 522 610 enim
541 567 628 611 anno
651 544 693 608 U.
712 545 750 608 C.
769 544 986 610 ccccxvl.
1010 546 1132 628 primus
1153 566 1173 609 e
1197 547 1298 630 plebe
1320 547 1469 612 Praetor

211 665 340 721 creatus
355 664 406 719 est
424 654 467 733 Q.
483 654 649 718 Publilius
664 652 782 715 Philo:
798 652 872 715 Liv.
887 654 972 714 Hor.
986 652 1074 713 VIII.
1086 652 1138 714 15.
1154 653 1223 716 Sub
1238 654 1321 717 belli
1338 654 1467 718 deinde

209 763 329 828 Punici
344 763 442 847 primi
456 771 609 846 tempora
625 761 693 824 duo
709 759 784 822 fieri
801 767 986 843 coeperunt
1003 760 1195 843 Praetores,
1220 783 1359 847 quorum
1377 763 1470 828 alter

110 853 113 858 Ι
211 873 378 951 arbanam,
397 869 484 934 alter
496 872 702 951 peregrinam
723 867 926 930 sortiebatur
947 866 1214 950 jurisdictionem
1229 873 1280 949 ³):
1302 872 1468 952 aptam

210 979 302 1042 XIX.
327 977 427 1041 Unde
448 976 503 1038 hic
519 984 657 1040 vocatur
675 990 841 1054 esseron,
863 990 922 1049 Qui
951 991 1057 1038 rurus
1076 992 1170 1040 cives
1197 994 1242 1038 nr
1255 994 1469 1043 nauscantes

209 1101 387 1165 1118111011,
402 1084 490 1167 apud
504 1082 641 1145 Reines.
654 1083 815 1163 Inscrrptt.
830 1082 930 1144 Class.
951 1081 1075 1144 ΜΝ.
1086 1083 1129 1144 X.
1147 1091 1182 1146 et
1197 1091 1473 1153 ΣἹῬΑΤΗΓΟΣ

210 1199 300 1256 ΕΠΙ
317 1198 422 1256 ΤΩΝ
439 1193 603 1260 Sanun
629 1188 717 1272 apud
739 1187 833 1251 Grut.
851 1190 1011 1270 lnaenptt.
1030 1211 1066 1271 p.
1085 1191 1183 1251 DIII.
1206 1189 1467 1274 Insequentibus

211 1297 415 1380 temporibus
425 1297 480 1359 hic
498 1317 651 1359 numerus
664 1317 732 1357 non
751 1293 854 1357 semel
870 1302 984 1357 auctus
999 1303 1061 1376 est,
1085 1295 1248 1380 siquidem
1271 1297 1370 1361 initio
1381 1321 1466 1384 qua-

210 1414 297 1485 tuor,
316 1405 405 1484 (Liv.
418 1405 548 1466 XXIII.
558 1403 626 1482 30.)
646 1411 715 1466 tum
729 1424 799 1483 sex,
819 1401 1136 1484 (Liv.XXXII.27.)
1154 1413 1273 1488 postea
1286 1415 1375 1490 octo,
1384 1429 1468 1469 mox

211 1514 338 1592 decem,
354 1511 439 1590 (Dio
449 1510 554 1571 XLII.
564 1507 631 1590 57.)
646 1509 723 1572 hinc
738 1530 838 1593 porro
855 1507 1042 1592 duodecim,
1062 1511 1130 1592 imo
1148 1519 1182 1574 et
1201 1514 1467 1596 quatuordecim,

210 1643 249 1684 ac
266 1619 412 1704 denique
434 1617 589 1698 sedecim,
618 1638 638 1679 a
650 1615 744 1680 Iulio
763 1615 906 1679 Caesare
931 1617 1046 1699 creati,
1065 1617 1244 1680 Praetores
1260 1621 1315 1704 jus
1333 1621 1466 1704 dixere,

209 1730 278 1792 Dio
294 1728 363 1789 Ia‘b.
386 1725 506 1787 XLIII.
525 1724 576 1786 47.
596 1733 630 1786 at
645 1724 696 1785 49.
728 1722 805 1800 Quo
823 1722 956 1805 factum,
973 1732 1011 1786 ut
1034 1731 1163 1808 patrem
1191 1725 1337 1791 imitatus
1361 1729 1466 1793 etiam

208 1838 378 1921 Augustus
398 1832 541 1896 sedecim
564 1830 718 1915 expleret
743 1852 925 1913 numerum,
946 1851 1023 1894 mox
1041 1831 1084 1894 ad
1103 1831 1179 1896 XII
1193 1834 1344 1897 eumdem
1361 1836 1466 1900 redu-

210 1952 313 2024 ceret,
325 1961 424 2026 quem
443 1945 562 2002 se'non
575 1959 795 2019 excessurum,
815 1936 971 2000 Tiberius
978 1938 1197 2023 jurejurando
1213 1941 1381 2023 pollicitus
1395 1952 1466 2008 est:
1554 2001 1555 2008 ,

209 2052 279 2115 Dio
298 2049 387 2112 Cass.
403 2047 471 2110 aa.
489 2047 577 2107 LVI.
592 2045 644 2108 25.
666 2045 774 2108 Tacit.
790 2047 909 2107 Annal.
927 2046 953 2105 Ι.
968 2043 1018 2106 14.
1041 2047 1188 2130 quamvis
1214 2049 1284 2132 ejus
1304 2049 1367 2113 sibi
1385 2073 1475 2136 gra--

209 2160 289 2222 tiam
310 2156 429 2219 fecisse
450 2153 604 2216 videatur
630 2153 785 2237 princeps
805 2173 918 2235 parum
943 2152 1130 2237 religiosus,
1153 2154 1316 2238 siquidem
1338 2166 1373 2220 et
1399 2159 1465 2222 illo

208 2267 396 2350 imperante
413 2260 513 2324 modo
526 2259 609 2341 XV,
626 2259 726 2322 modo
739 2259 831 2322 XVI
848 2261 1027 2322 Praetores
1041 2269 1170 2324 creatos
1185 2243 1355 2328 novimusz'
1365 2264 1465 2330 Idem

208 2369 415 2436 11111111.
430 2368 481 2429 20.
510 2365 668 2430 Claudius
705 2387 806 2450 porro
830 2367 1098 2451 jurisdictionem
1124 2367 1166 2430 de
1191 2368 1465 2458 fideicommissis,

209 2477 387 2565 quotannis
406 2484 442 2540 et
459 2483 586 2539 tantum
602 2474 637 2536 in
652 2473 735 2536 urbe
754 2473 905 2556 delegari
918 2475 1163 2558 magistratibus
1179 2475 1320 2562 solitam,
1334 2480 1369 2543 in
1383 2503 1465 2566 per-

208 2596 355 2672 petuum,
367 2592 469 2668 atque
483 2581 582 2644 etiam
597 2581 631 2643 in
646 2581 826 2663 provinciis
842 2581 1063 2663 potestatibus
1079 2582 1305 2650 demandavit:
1324 2587 1464 2654 Sueton.

211 2694 322 2756 claud.
337 2714 363 2754 c.
378 2688 429 2754 23.
453 2708 624 2771 novosque
651 2688 777 2750 creavit
797 2689 968 2751 Praetores
985 2691 1294 2772 fideicommissorum
1307 2702 1339 2776 1),
1362 2696 1464 2760 duos:

208 2799 331 2880 1125.
344 2796 395 2860 32.
424 2796 465 2856 Ι).
484 2796 524 2857 dc
539 2793 624 2856 0.J.
648 2815 692 2858 ex
712 2795 830 2879 quibus
850 2803 961 2858 tamen
984 2813 1084 2859 unum
1112 2797 1259 2866 detraxit
1279 2801 1375 2866 Titus
1393 2805 1425 2865 d.
1440 2807 1464 2866 l.

208 2905 364 2970 Adcessit
389 2902 448 2964 sub
468 2900 582 2964 Nerva
596 2903 736 2965 Praetor
743 2904 887 2984 fiscalis:
905 2904 975 2965 ibid.
999 2925 1062 2966 nec
1081 2925 1149 2967 non
1165 2907 1304 2968 Praetor
1316 2904 1465 2966 tutelone

208 3015 268 3078 sub
284 3013 331 3075 Μ.
345 3009 520 3074 Antonino
533 3009 757 3093 Philosopho:
778 3009 846 3073 Jul.
860 3010 1040 3094 Capitolin.
1053 3016 1105 3074 or't.
1120 3012 1228 3075 Marci
1242 3016 1358 3075 Antan.
1374 3032 1401 3072 c.
1408 3009 1463 3072 10.

209 3121 246 3182 L.
261 3119 291 3182 6.
304 3119 333 3201 §.
348 3117 399 3180 13.
417 3119 459 3179 D.
479 3117 647 3179 dediscas.
664 3126 722 3180 tat.
760 3135 765 3140 ’

786 3251 816 3330 §-
836 3250 888 3316 ee.

549 3375 554 3386 ¹
602 3365 744 3418 Praetoris
760 3364 858 3418 urbani
869 3367 1067 3435 praeroyativa.
1133 3353 1137 3360 ⁴

291 3468 344 3530 Ex
363 3466 414 3529 his
430 3464 646 3529 Praetoribus
671 3465 799 3548 iisdem,
827 3467 944 3551 quibus
970 3467 1142 3550 Consules,
1166 3466 1318 3551 auspiciis
1338 3466 1462 3532 creatis
1553 3495 1554 3500 ¹

209 3577 351 3640 urbanus
374 3573 521 3658 reliquos
546 3572 705 3636 anteibat.
734 3574 825 3637 Hinc
851 3575 1040 3660 consulibus
1067 3576 1170 3640 instar
1194 3574 1346 3660 collegae
1370 3585 1462 3640 erat:

182 3747 185 3752 ,
209 3681 409 3747 Geleoctt.
423 3683 489 3743 Aa.
501 3680 658 3744 XIII.15.
672 3680 890 3763 PlinPaneg.
903 3681 1120 3743 LXXVIII.
1134 3682 1241 3766 iisque
1256 3681 1462 3767 absentibus,

278 3936 312 4004 q)
332 3936 448 3988 Praetor
464 3933 622 4001 peregrinus
640 3935 745 4001 primus
762 3939 869 3986 creatm
887 3939 929 3986 est
945 3949 972 3986 a.
989 3934 1023 3988 U.
1038 3933 1071 3988 c.
1082 3935 1174 3990 DVll.
1193 3936 1241 3990 Io.
1256 3937 1384 3990 Laurent
1402 3937 1464 4005 Ly-

208 4020 260 4074 dus
279 4020 319 4074 de.
331 4017 451 4085 magistr.
469 4019 585 4087 reipubl.
603 4022 684 4073 Rom.
703 4018 764 4071 Lib.
782 4018 804 4069 1.
823 4036 847 4070 o.
865 4023 909 4072 38.
927 4024 955 4072 et
969 4023 1013 4074 46.
1032 4017 1120 4072 msa.

281 4106 310 4173 r)
328 4105 361 4156 In
378 4105 559 4159 marmoribus
572 4104 653 4156 etiam
666 4102 768 4156 mentio
780 4102 811 4154 tt
821 4117 863 4156 nn.
876 4119 912 4156 ns
922 4116 1107 4158 rubricosum.
1119 4106 1193 4171 apud
1205 4107 1312 4160 Gruter.
1322 4107 1464 4176 Inscripta.

204 4205 235 4257 p.
249 4188 437 4242 coaxans
448 4195 475 4243 a.
494 4189 566 4244 nna
584 4188 739 4241 adamam
760 4203 796 4240 ει
813 4171 989 4250 omasum.
1007 4188 1094 4242 ruse.
1114 4189 1193 4244 ora.
1205 4191 1264 4244 111.
1276 4197 1302 4246 a.
1319 4192 1464 4246 nassam-

208 4273 361 4328 missariam
382 4273 599 4341 jurisdictionem
624 4271 663 4323 ia
680 4271 795 4324 divisam
812 4287 873 4324 esse
890 4272 960 4326 iuter
978 4276 1136 4328 Praetorem
1153 4280 1181 4328 et
1198 4277 1347 4342 Consules,
1365 4282 1397 4329 ut
1414 4277 1465 4331 ille

208 4357 245 4410 ed
262 4362 362 4412 certam
380 4373 522 4422 summam,
540 4356 568 4409 hi
587 4357 620 4408 de
637 4351 741 4420 majore
752 4363 958 4422 cognoscerent.
972 4358 1052 4412 Unde
1066 4360 1154 4412 lucem
1170 4359 1244 4426 capit
1255 4363 1331 4414 locus
1348 4361 1464 4428 Ulpiani

209 4448 237 4496 ta
260 4443 369 4511 Frapm.
396 4443 494 4496 XXV.
521 4444 560 4494 12.
595 4439 729 4494 Videatur
752 4442 846 4508 Gujac.
875 4441 950 4496 Oba.
970 4443 1058 4498 XXI.
1081 4448 1125 4498 ³4.
1152 4444 1255 4500 Metili.
1273 4445 1341 4500 Oba.
1361 4447 1395 4498 V.
1416 4451 1463 4500 36.

209 4540 236 4592 p·
257 4530 315 4579 112.
334 4526 413 4578 Heia.
