3056 5154
416 381 470 450 ns
495 382 596 456 555
622 354 831 469 nasama
1168 391 1240 458 arr

98 559 272 640 datum,
300 556 335 620 id
360 567 426 640 est,
453 557 534 620 dolo
557 558 612 622 vel
639 559 738 643 culpa
760 560 910 622 nocentis
935 559 1118 623 admissum.
1140 559 1240 624 Unde

63 675 110 729 et
129 664 322 746 infantes,
344 666 379 728 in
395 685 477 750 quos
491 665 589 749 culpa
609 665 729 730 cadere
747 687 815 730 non
833 666 976 748 videtur,
993 665 1071 751 lege
1089 665 1241 752 Aquillia

63 781 231 836 uentura
253 772 297 834 L.
307 775 337 833 5.
351 772 421 853 §.2
438 775 480 834 D.
496 774 525 833 a.
538 782 560 835 t.
582 773 672 836 Hinc
688 782 723 837 et
739 775 797 858 qui
815 773 984 837 occiderat
1000 774 1239 859 adgressum,

63 901 98 942 rs
131 899 258 964 quem
284 899 319 941 se
339 878 409 942 telo
432 879 647 961 defenderat,
671 901 733 943 nec
751 882 862 965 justae
885 881 1097 946 defensionis
1107 883 1239 948 modum

63 994 166 1068 erat,
184 987 358 1050 incidisse
371 985 460 1050 haud
478 986 654 1050 videbatur
668 989 702 1050 in
720 987 916 1073 Aquilliam,
933 989 1012 1073 quia
1026 1009 1093 1052 non
1107 989 1240 1074 injuria,

63 1094 252 1178 luigente
271 1095 349 1178 jure
366 1099 520 1174 naturae,
537 1094 722 1159 occiderat:
738 1095 777 1157 1..
794 1095 845 1160 45.
860 1096 888 1178 5.
909 1097 940 1160 4.
959 1097 1026 1159 eod.
1048 1095 1121 1160 Nec
1135 1099 1252 1181 magis·

63 1224 126 1282 m,
155 1221 248 1264 casu
276 1200 405 1283 datum,
420 1199 482 1264 hac
504 1199 582 1284 lege
604 1202 848 1267 vindicabatur=
869 1203 898 1283 §.
919 1202 950 1264 4.
971 1204 1144 1267 et5.1ast.
1165 1207 1193 1267 a
1216 1211 1239 1268 t.

63 1308 139 1370 udo
169 1329 214 1370 se
233 1307 313 1392 quis
334 1307 421 1372 intra
436 1309 536 1373 officii
554 1309 676 1372 limites
692 1309 911 1392 continuerit,
932 1330 995 1374 nec
1015 1311 1101 1375 inre
1119 1311 1240 1376 illicita

63 1437 98 1478 re
116 1415 338 1480 inconsueto
354 1416 396 1479 sit
411 1424 567 1479 versatus.
589 1414 666 1493 Quo
690 1417 837 1500 pertinet
853 1430 944 1481 casus
960 1416 1119 1482 mirabilis
1132 1418 1171 1481 L.
1186 1417 1238 1480 11.

63 1525 113 1585 D.
137 1525 283 1604 1551).
307 1521 413 1606 Culpa
437 1543 517 1587 vero
541 1523 596 1586 hic
618 1523 847 1606 praestabatur
868 1524 992 1604 omnis,
1014 1524 1114 1588 stiam
1136 1524 1239 1588 levis-

69 1630 175 1714 quod
202 1651 304 1692 secus
325 1629 359 1692 in
381 1629 455 1692 aliis
475 1629 627 1716 delictis,
651 1653 737 1716 quae
756 1631 888 1695 nonnisi
914 1641 1131 1696 concurrente
1157 1631 1238 1696 dolo

62 1745 199 1800 santur:
219 1738 252 1818 ς.
268 1735 298 1799 3.
315 1739 392 1800 Inst.
408 1739 437 1801 ll.
453 1746 474 1801 t.

568 1889 599 1968 §-
617 1887 648 1950 7.

280 2002 343 2061 Qua
357 2002 387 2054 a'a
403 2017 434 2053 ra
452 2001 576 2054 555555
594 2003 684 2056 datam
702 2021 757 2056 essa
775 2004 941 2073 oportuerit?

63 2105 226 2166 Damnum
250 2089 357 2186 porro¹
372 2103 443 2164 hoc.
462 2111 560 2186 caput
581 2103 745 2184 vindicat,
768 2102 859 2187 quod
880 2104 1015 2166 domino
1030 2104 1063 2186 ¹¹)
1085 2103 1236 2187 infertur,

63 2229 90 2293 3,
111 2227 284 2287 5555555,
305 2225 631 2290 snrsno,s1.1nrlsvu
655 2209 781 2271 occisis.
802 2209 888 2271 Nam
905 2218 940 2272 et
961 2210 1047 2273 servi
1069 2218 1235 2295 tamquam

63 2317 218 2381 adebant
242 2318 301 2380 sub
324 2316 523 2398 dominium,
547 2315 719 2400 adeoque,
735 2315 775 2378 iis
797 2315 931 2397 occisis,
948 2316 1110 2400 quaedam
1134 2315 1237 2380 fiebat

64 2426 169 2489 monii
193 2424 387 2488 deminutio.
415 2424 527 2488 Servis
552 2432 662 2488 autern
689 2424 787 2486 etiam
811 2439 1060 2497 Qusnnursnss
1087 2439 1237 2490 rscunss

63 2534 133 2615 ngit
153 2532 212 2595 lex
234 2533 403 2617 squillis,
425 2538 460 2594 et
483 2552 538 2596 eas
562 2532 716 2616 quidem,
742 2553 828 2617 quae
853 2531 1014 2615 gregatim
1041 2540 1237 2616 pascuntur=

63 2644 141 2703 Iasl.
158 2643 224 2703 aa
247 2640 503 2717 Qusnnurnnss
517 2639 604 2702 enim
619 2646 704 2722 sunt,
723 2661 808 2724 quae
827 2639 925 2702 dorso
944 2647 979 2703 et
995 2639 1084 2702 collo
1099 2640 1235 2704 doman-

63 2748 99 2810 id
115 2754 172 2827 est,
188 2769 270 2832 quae
287 2748 429 2810 sarcinas
448 2745 573 2810 vehunt
588 2756 622 2810 et
638 2747 786 2812 trahunt:
802 2745 941 2830 Ulpiani
957 2748 1089 2829 stagna.
1104 2747 1195 2809 XIX.
1206 2748 1236 2809 1.

63 2872 100 2919 us
116 2863 282 2936 antenus
302 2854 348 2918 ait
362 2854 472 2918 Varro
489 2853 524 2938 [*
533 2855 599 2917 155.
615 2855 672 2934 IV.
686 2877 720 2936 p.
736 2851 786 2916 28.
807 2855 854 2916 ed.
870 2852 971 2938 ΒΜ,
987 2855 1029 2916 55
1046 2875 1087 2916 55
1104 2854 1235 2936 dicitur,

63 2965 73 3023 l
89 2972 257 3043 perparcat.
285 2960 384 3024 Adde
401 2961 550 3024 Servium
570 2963 614 3021 ad
637 2961 763 3042 Vr'rgr‘ls'a'
781 2962 909 3022 Aeaeid.
928 2960 984 3022 IV.
1001 2982 1029 3024 a.
1047 2961 1117 3024 158.
1140 2959 1237 3024 Reli-

78 3069 246 3132 animantia
260 3069 464 3132 vocabantur
481 3085 639 3134 anrrsn:
652 3067 798 3132 Isidorus
812 3070 923 3152 Origg.
932 3069 1007 3130 XII.
1017 3068 1048 3132 2.
1068 3068 1110 3131 V.
1123 3066 1236 3152 Ampl.

63 3215 288 3230 -..—-=-—-

68 3294 99 3359 g)
118 3292 198 3344 Casus
215 3296 253 3344 est
270 3291 303 3343 de
321 3307 408 3357 servo,
427 3292 506 3359 cujus
524 3295 597 3358 gula,
616 3293 682 3345 dum
699 3291 837 3353 tondetur,
855 3294 882 3342 et
900 3289 1034 3342 novacula
1047 3303 1129 3352 super
1144 3289 1236 3353 gulam

65 3377 163 3442 adjecta
176 3391 191 3427 a
203 3373 394 3428 colludentibus
412 3375 504 3442 pueris
519 3375 575 3442 pila
592 3377 768 3443 praeciditur.
786 3376 915 3430 Sciebant
928 3373 1000 3427 enim
1016 3378 1140 3425 tonsores
1152 3377 1237 3424 artem

63 3477 81 3512 n
97 3460 124 3511 in
134 3459 232 3526 publico
244 3463 376 3526 exercere,
389 3461 464 3528 quod
481 3460 586 3527 prinrus
603 3461 721 3517 inhibuit
733 3460 925 3516 Domitianus:
943 3456 1081 3514 Martialis
1095 3457 1236 3526 11515555-

63 3584 68 3599 .
96 3545 152 3597 VII.
167 3549 205 3599 61.
788 3533 793 3544 Κ

222 3627 369 3682 Abstulerat
386 3637 466 3682 totam
484 3632 641 3685 temerarius
658 3633 761 3684 rastitor
778 3631 878 3693 arbam,

252 3713 334 3783 laque
351 3731 398 3767 aaa
415 3715 518 3770 nullam
537 3717 625 3769 limiae
644 3716 722 3768 limen
740 3726 806 3770 arat.

221 3797 322 3852 Iussisti
338 3807 436 3860 traaas,
458 3801 622 3861 Germanica,
640 3819 759 3854 crescere
776 3804 862 3863 airon

251 3885 284 3936 Et
302 3884 379 3936 modo
397 3901 463 3952 5555
473 3885 572 3950 fluerat
588 3887 688 3947 samita,
697 3887 779 3952 facta
796 3887 839 3938 uia
857 3893 903 3937 ast.

225 3967 299 4020 Nulla
317 3969 442 4020 catenatis
459 3967 516 4034 pila
532 3976 570 4019 est
585 3973 740 4037 praecincta
758 3971 873 4038 lapsaa's:
934 4029 938 4037 ¹

254 4054 306 4105 Nar
325 4055 444 4104 Praetor
461 4053 544 4103 medio
563 4057 664 4122 copitar
681 4058 722 4107 a'ra
740 4056 803 4107 lato.

226 4137 364 4206 Striaps'tar
380 4139 408 4189 in
426 4138 505 4188 densa
524 4153 571 4190 aaa
589 4157 666 4193 coeca
684 4139 812 4193 aaaacala
830 4137 923 4191 turba:

259 4224 374 4291 Ocarpat
392 4232 438 4275 aar
456 4231 523 4274 totas
541 4223 618 4290 51955
632 4226 733 4292 popina
751 4225 814 4275 aias.

226 4307 329 4367 Tonsor,
347 4323 440 4374 caupo,
459 4323 564 4376 coquas,
583 4307 742 4369 15555555
761 4309 851 4361 limina
867 4313 983 4361 aaraaat.

254 4393 327 4444 Naar
346 4393 502 4444 Romaest:
519 4409 606 4460 aspar
623 4411 718 4462 mapaa
735 4392 845 4446 taberna
854 4391 922 4460 fait.

94 4478 122 4544 h)
139 4477 222 4528 Tamen
235 4477 307 4529 stiam
332 4476 417 4529 libero
435 4475 538 4530 homini
562 4479 717 4543 vulnerato,
735 4476 801 4530 item
818 4474 981 4540 fructuario,
1002 4470 1143 4535 creditori,
1161 4474 1193 4522 ut
1208 4476 1236 4522 et
1333 4531 1336 4538 Ι

63 4578 111 4616 nae
120 4562 171 4616 fidei
181 4562 310 4629 possessori
323 4561 437 4616 dabatur
451 4559 608 4616 anticanis
626 4579 661 4614 ex
677 4561 727 4616 hac
742 4565 814 4628 lege:
832 4563 865 4615 1..
879 4565 919 4614 ll.
931 4561 952 4628 §.
966 4563 1006 4614 10.
1019 4557 1055 4612 D.
1067 4549 1093 4612 1.
1107 4557 1144 4610 tit.
1156 4556 1235 4608 Heia.
