3056 5154
207 395 281 464 572
353 386 430 455 Lm.
455 383 515 454 111.
539 381 620 451 Trr.
642 379 964 450 xxm-mn
989 377 1313 468 (ml-xxvl)

206 566 356 628 reductus
379 558 569 624 dicebatur:
591 556 744 642 Gujacius
761 537 946 620 'usmeta
965 555 1025 616 11⁷.
1038 555 1091 618 ᾗ.
1111 554 1199 618 Satis
1217 575 1300 616 vero
1322 561 1457 634 constat,

206 671 391 734 locationes
405 665 493 749 apud
507 665 677 728 Romanos
689 664 746 728 rel
757 677 921 728 eunucus
936 662 1055 742 lirisse,
1069 661 1126 724 vel
1147 677 1324 726 sarvam.
1345 661 1461 724 Publi—

207 799 262 844 cas
271 797 324 840 res
339 775 396 861 qui
411 771 653 853 conducebant,
664 773 828 854 publrcom'
840 769 1046 851 dicebantur,
1055 770 1149 855 iique
1158 768 1358 854 plerumque
1368 777 1461 831 amnt

94 949 100 958 ,
125 945 131 952 .
207 886 338 970 equites
351 879 513 945 Romani:
536 878 606 941 Cic.
621 898 684 960 pro
700 879 756 938 θη.
774 878 907 940 Planco
925 900 952 939 c.
966 877 1017 940 16
1041 877 1139 940 Unde
1158 897 1216 940 eos
1230 879 1462 940 imarum
1523 948 1524 961 χ

206 998 301 1064 or'ros,
320 993 599 1071 etsta-»nomentum
613 995 788 1047 ceterorum
804 985 950 1046 ordinum
967 993 1068 1048 vocat
1080 985 1170 1048 idem
1186 1005 1248 1066 pro
1264 987 1337 1066 tege
1353 984 1462 1045 stoa

206 1121 233 1162 c.
249 1097 280 1160 2.
296 1105 333 1160 et
348 1095 380 1158 7.
401 1093 493 1173 Quin
515 1101 639 1176 quanto
661 1092 695 1154 iu
716 1091 845 1154 honore
863 1091 915 1155 illi
933 1093 1058 1156 fuerint
1076 1090 1167 1175 apud
1184 1089 1374 1172 Romanos,
1396 1111 1463 1152 ma-

207 1205 296 1269 xime
317 1211 394 1287 post
419 1201 591 1266 Ciceronis
624 1206 787 1280 aetatem,
814 1199 870 1263 vel
897 1197 977 1262 iude
1004 1208 1117 1283 patet,
1148 1198 1239 1283 qnod
1264 1197 1463 1282 Vespasiani

207 1311 357 1398 parenti,
377 1309 569 1395 publicano,
592 1305 702 1390 posita
718 1314 769 1369 est
783 1315 891 1370 statua
905 1328 979 1370 cunr
999 1306 1064 1370 hoc
1078 1307 1194 1371 titulos
1209 1313 1382 1372 ΚΑΛΩΣ
1394 1313 1465 1370 ΤΕ-

207 1426 502 1487 ΔΩΝΗΣΑΝΊἾι
522 1413 699 1480 Suetonius
721 1413 849 1494 Vespos.
867 1436 893 1476 c.
911 1414 942 1475 l.
963 1413 1012 1477 At
1028 1417 1070 1478 ab
1094 1414 1218 1476 exteris
1237 1413 1273 1476 hi
1293 1412 1464 1497 publicani
1524 1469 1525 1472 ,

206 1534 302 1590 tanto
318 1522 437 1608 majori
453 1523 666 1586 habebantur
679 1521 874 1605 despicatui,
887 1522 1029 1586 maxime
1040 1545 1060 1585 a
1069 1521 1220 1602 Judaeis,
1231 1521 1291 1605 qni
1301 1541 1373 1602 eos,
1383 1528 1465 1585 taro-

209 1653 305 1718 quam
321 1639 448 1716 pestem
464 1627 688 1714 reipublicae,
703 1636 738 1691 et
760 1629 894 1712 generis
909 1628 1043 1694 humani
1065 1628 1275 1712 propudium,
1292 1628 1466 1692 abomina-

208 1743 342 1806 bantur:
360 1739 473 1801 Maus.
493 1758 519 1799 c.
530 1736 580 1799 18.
599 1757 627 1798 o.
643 1736 695 1798 17.
712 1737 814 1798 Marc.
832 1735 903 1798 c.2
921 1758 950 1798 o.
967 1735 1017 1800 15.
1034 1737 1112 1798 Luc.
1128 1759 1155 1799 c.
1171 1738 1202 1798 5.
1218 1757 1248 1798 o.
1263 1735 1317 1798 27.
1341 1736 1419 1799 Imo
1433 1745 1466 1798 et

208 1849 288 1933 ipsis
301 1845 461 1910 Romanis
472 1851 640 1928 postremo
656 1843 743 1906 adeo
759 1843 853 1906 exosi
868 1863 940 1906 esse
954 1850 1149 1927 coeperunt,
1160 1851 1197 1906 ut
1208 1843 1253 1906 ob
1269 1843 1350 1908 istos
1363 1865 1465 1928 quae-

210 1964 276 2019 stus
292 1977 312 2018 a
327 1953 452 2018 Senatu
462 1951 687 2016 alienarentur
701 1951 847 2036 equitesr
863 1950 938 2013 Car.
949 1949 1106 2034 Sigonius
1120 1951 1159 2012 de
1172 1954 1304 2032 subque
1315 1953 1399 2032 jure
1412 1955 1465 2012 αὐ.
1525 1968 1526 2006 t

209 2065 298 2126 Rom.
314 2060 401 2122 114.
414 2081 448 2140 p.
465 2058 539 2122 302.
556 2079 600 2140 sq.
623 2057 721 2122 Unde
737 2067 773 2122 et
792 2060 826 2122 in
842 2059 920 2142 jure
936 2067 1048 2122 nostro
1071 2079 1209 2141 mgnoe
1226 2059 1385 2122 audoeno
1403 2080 1466 2120 mo·
1525 2037 1526 2121 i

209 2190 353 2254 gnoeque
365 2171 547 2230 temeritatis
564 2188 633 2230 esse
649 2169 798 2232 dr'cuntm
810 2167 1050 2248 podla‘cooorum
1057 2167 1233 2246 sumtuosa.-
1245 2166 1284 2229 L.
1295 2165 1346 2228 12
1354 2186 1415 2248 pr.
1427 2167 1466 2226 D.

210 2280 249 2342 de
262 2278 384 2341 Public.
398 2284 430 2338 et
442 2277 585 2358 vectigal.

794 2391 824 2471 S.
845 2391 876 2454 9.

585 2504 729 2558 Publiceni
743 2505 927 2558 coudrmrust
942 2504 1088 2573 uectipolio.
1526 2580 1527 2622 1

292 2607 504 2672 Locabantur
517 2627 599 2670 vero
617 2604 803 2690 publicanis
822 2607 941 2689 partim
965 2608 1147 2687 markelies,
1162 2605 1284 2689 partim
1303 2609 1391 2670 ultro
1411 2612 1468 2670 tri-
1526 2635 1527 2696 t

211 2719 305 2780 butor
325 2712 486 2797 Polybius
504 2715 555 2776 VI.
571 2713 621 2775 15.
632 2734 665 2795 p.
679 2712 752 2776 646.
767 2733 811 2776 ex
832 2715 904 2776 edit.
924 2713 1096 2778 Gronovii.
1118 2713 1311 2798 Vectigalia
1325 2713 1356 2794 ¹¹)
1378 2713 1467 2778 Gen·

212 2843 301 2888 sores
315 2820 473 2887 locabant
493 2821 527 2885 in
548 2820 683 2884 lustrum
689 2868 700 2902 ,
722 2821 756 2884 id
774 2830 840 2902 est,
854 2822 890 2884 iu
904 2821 1164 2906 quinquennium
1185 2822 1337 2886 initalia
1355 2843 1447 2907 aequ

213 2954 251 2996 ac
273 2929 465 3016 provinciis:
482 2929 520 2991 L.
535 2928 565 2992 3.
580 2928 609 3009 §.
624 2928 655 2991 6.
671 2931 712 2992 1).
728 2931 767 2991 de
779 2930 849 2993 Jur.
861 2934 935 3012 fise.
952 2929 990 2992 L.
1004 2929 1035 2990 7.
1053 2928 1086 2990 0.
1100 2930 1140 2990 de
1151 2929 1258 2992 horat.
1275 2933 1319 3009 ο).
1339 2929 1417 2992 lmo
1433 2843 1500 2998 ε.

213 3037 283 3122 agri
306 3046 340 3100 et
355 3037 490 3120 praedia
506 3037 675 3100 civitatum
695 3037 730 3099 in
753 3034 841 3098 idem
861 3045 990 3121 tempus
1003 3035 1212 3099 locabantur:
1233 3036 1272 3098 L.
1286 3037 1317 3097 4.
1332 3045 1360 3112 §.
1378 3037 1411 3100 1.
1425 3039 1467 3100 D.

106 3193 111 3202 .
212 3148 251 3208 de
265 3146 390 3208 Admr'o.
414 3165 477 3206 rer.
501 3146 545 3206 ud
558 3137 646 3206 ¹civit.
659 3153 742 3226 pert.
772 3143 879 3221 Quum
902 3152 1012 3206 antem
1035 3142 1096 3206 illa
1120 3143 1300 3227 vectigalia
1324 3143 1398 3208 sive
1425 3143 1467 3208 ad

212 3253 334 3334 fiscum,
350 3253 418 3315 sive
435 3250 477 3314 ad
493 3250 643 3315 civitates
665 3259 700 3314 et
715 3249 892 3335 municipia
907 3250 1125 3336 pertinerent,
1147 3271 1191 3313 ex
1207 3251 1307 3336 agris,
1322 3254 1466 3338 pascuis,

281 3452 315 3518 d)
335 3449 487 3517 Vectigalia
504 3467 575 3520 quae
589 3449 696 3514 fuerint,
714 3451 849 3515 eleganter
867 3467 901 3504 ex
918 3449 1125 3520 antiquitatibus
1137 3447 1270 3503 Romanis
1285 3449 1381 3503 docuit
1392 3453 1466 3504 Petr.

213 3539 387 3591 Burmannus
405 3537 437 3588 ue
454 3535 571 3604 occupat.
585 3551 649 3603 pop.
668 3535 748 3586 Rom.
767 3552 789 3586 e.
802 3540 859 3588 1.2.
871 3539 897 3587 3.
916 3535 983 3602 Agri
994 3537 1105 3602 publici,
1124 3534 1248 3588 hostibus
1260 3535 1357 3601 erepti,
1369 3551 1466 3588 omnes

214 3629 291 3675 erant
311 3621 464 3688 vectigales,
485 3619 560 3689 iique
583 3635 634 3686 pro
659 3619 733 3671 varia
756 3619 902 3672 deditionis
925 3621 1042 3672 formula
1067 3620 1187 3686 triplices
1209 3619 1392 3673 habebantur.
1415 3621 1466 3672 Vel

214 3707 285 3760 enirn
303 3707 354 3759 toti
371 3706 473 3772 publici
484 3701 607 3759 ‘Romani
625 3704 720 3771 populi
737 3710 821 3769 erant,
840 3721 989 3774 eorumque
1002 3705 1105 3758 reditus
1116 3705 1226 3772 proprie
1236 3705 1383 3772 vectigalia
1393 3706 1466 3758 dice-

214 3791 326 3844 bantur:
344 3791 386 3842 vel
404 3789 535 3842 militibus
550 3788 680 3858 inopique
697 3790 769 3855 plebi
787 3790 977 3844 dividebantur
988 3807 1037 3857 per
1051 3793 1123 3858 leges
1135 3789 1263 3858 agrarias,
1281 3793 1326 3844 vel
1337 3792 1467 3859 gestibus

213 3877 242 3930 iu
260 3874 425 3930 deditionem
451 3875 568 3942 acceptis
593 3875 699 3928 colendi
725 3867 954 3944 relinquebantur,
980 3873 1126 3944 utrobique
1151 3875 1282 3942 imposito
1308 3893 1405 3931 annuo
1430 3895 1466 3930 ex

214 3960 345 4014 fructibus
363 3960 526 4030 pascuisque
544 3960 675 4028 vectigali.
694 3963 782 4014 Porro
800 3966 827 4012 et
844 3961 902 4027 agri
920 3961 1063 4028 vectigales
1080 3959 1147 4014 dicti
1158 3965 1221 4014 sunt
1233 3960 1262 4025 ii,
1281 3977 1353 4030 quos
1365 3961 1467 4029 permi-

213 4050 305 4102 serant
322 4045 486 4111 mnnioipiis,
502 4051 535 4098 ut
551 4063 586 4098 ex
605 4062 699 4098 eorum
708 4046 838 4098 reditibus
852 4044 1063 4111 municipiorum
1075 4046 1274 4098 sustinerentur
1285 4063 1379 4110 onera,
1389 4063 1467 4099 saera

213 4136 413 4199 peragerentur,
425 4131 506 4182 aedes
518 4130 644 4195 publicae
654 4136 742 4184 sartae
750 4137 890 4201 tectaeque
899 4140 1084 4184 servarentur:
1102 4131 1278 4184 Burmannus
1292 4129 1355 4184 ibid.
1368 4151 1398 4201 p.
1409 4137 1465 4186 128.

217 4220 273 4270 148.
291 4217 328 4268 Et
352 4215 387 4267 de
405 4215 448 4268 his
472 4215 581 4282 proprie
604 4217 725 4284 loquitur
748 4217 843 4269 titulus
864 4217 1040 4283 Digestorum
1067 4216 1098 4270 Si
1113 4233 1179 4284 aper
1199 4217 1334 4284 scrupulis
1349 4227 1465 4285 petatur.

217 4300 296 4367 (Vid.
314 4299 383 4352 infra
400 4302 421 4366 t.
440 4301 493 4367 13.)
513 4301 593 4355 Heio.
616 4304 658 4355 De
677 4303 749 4370 agris
766 4300 883 4369 publicis
901 4307 929 4354 et
946 4301 1073 4368 universo
1089 4302 1152 4369 jure
1166 4301 1273 4367 agrario
1291 4317 1366 4354 nunc
1379 4302 1465 4354 instar

215 4385 336 4437 omnium
354 4390 395 4436 est
412 4386 535 4439 Niebuhr
553 4386 632 4441 uum.
654 4390 747 4441 Geseh.
769 4390 800 4441 Τ.
812 4388 853 4440 ΙΙ.
867 4405 895 4456 p.
914 4392 1088 4453 sse-³94„
1110 4387 1182 4440 sicut
1195 4387 1230 4438 de
1255 4386 1330 4452 agris
1347 4385 1465 4452 vectiga-

217 4469 287 4521 libus
296 4485 350 4522 vou
368 4471 487 4539 Savigny
499 4474 547 4524 dar
559 4473 646 4524 Recte
664 4474 710 4524 des
722 4473 846 4525 Beattzcs
858 4475 880 4541 t.
892 4477 916 4527 9.
931 4489 959 4539 p.
975 4477 1032 4528 120.
1047 4489 1088 4542 sq.
1105 4489 1180 4526 num.
1193 4478 1219 4526 ὁ.
1233 4472 1292 4538 (ed.
1302 4473 1344 4540 6.)
1359 4471 1447 4524 Haut.

284 4555 314 4620 e)
333 4555 374 4608 Cf.
396 4556 460 4609 Tab.
479 4557 590 4610 Hercei.
607 4575 629 4610 c.
638 4563 664 4612 4.
682 4557 728 4612 liu.
741 4561 865 4613 73-76.
883 4558 973 4614 Haut.
