3122 5162
407 487 415 500 ἱ
473 395 531 473 ns
554 403 716 472 Punnrms
742 383 904 472 dubious·
1247 407 1320 476 775

62 580 268 646 Tabularum
284 580 328 645 de
351 581 501 646 coetibus
519 573 690 644 nocturnis
707 587 907 660 statuerant,
930 577 973 643 ad
989 597 1212 664 quoscumque
1235 579 1319 645 alios
1359 587 1361 592 '

61 691 220 774 adeoque
238 688 489 752 etiam'diurnos
510 687 723 751 transtulisse.
745 686 899 749 Adcessit
914 696 1030 770 postea
1045 686 1087 750 A.
1103 686 1145 750 U.
1162 685 1200 750 C.
1218 703 1318 750 nonu.

62 796 101 860 G.
126 796 238 874 Mario
260 798 410 880 quintum
432 794 577 859 Consule
601 811 669 858 nux
690 811 876 875 aaronem,
907 802 1025 878 rogata
1046 817 1067 857 a
1088 794 1126 856 Ι.
1148 792 1319 876 Αρμι1ο]ο

61 903 255 983 Saturnino,
271 903 422 966 'l'ribuno
439 902 548 987 plebis
568 899 828 982 seditiosissime,
843 909 880 964 ut
899 901 948 966 vis
965 902 999 964 in
1022 901 1103 964 urbe
1120 901 1209 966 facta
1230 899 1319 964 sedi·-

59 1012 181 1095 tioque
201 1009 426 1074 vindicaretur
444 1010 599 1074 adversus
623 1007 659 1070 C.
680 1009 873 1072 Norbanum
888 1007 1122 1086 Quaestorem:
1146 1009 1264 1073 Cicero
1280 1010 1319 1071 de

64 1120 206 1180 Oratore
220 1120 261 1179 II.
276 1117 329 1181 49.
350 1101 478 1180 llodem
504 1115 659 1199 exemplo
675 1115 716 1178 A.
735 1115 777 1178 U.
793 1115 830 1178 G.
851 1133 976 1180 nenxu.
992 1115 1034 1194 Q.
1053 1117 1174 1180 Varius
1196 1116 1319 1178 Sucro·

58 1245 128 1288 nae
150 1226 184 1288 in
200 1223 315 1288 Africa
338 1235 453 1313 natus,
468 1233 502 1288 et
522 1222 602 1286 inde
619 1223 877 1304 Ibridadictus,
900 1223 1067 1309 Tribunus
1091 1224 1217 1307 plebis,
1241 1224 1320 1288 tulit

58 1349 178 1395 Lucum
201 1349 346 1414 vARrAm,
371 1355 434 1418 qua
455 1331 570 1416 quaeri
586 1331 777 1416 jubebatur,
804 1351 942 1415 quorum
959 1331 1038 1394 dolo
1061 1332 1149 1395 malo
1172 1332 1254 1396 socii
1276 1331 1318 1394 ad

59 1441 218 1504 armoire
236 1439 341 1504 coacti
359 1448 485 1503 essent:
502 1438 658 1504 Valerius
672 1439 762 1502 Max.
783 1439 869 1500 VIII.
886 1439 916 1500 6.
930 1439 959 1500 4.
976 1436 1035 1500 III.
1050 1439 1079 1500 7.
1095 1439 1123 1501 S.
1146 1439 1319 1522 Appianas

58 1551 104 1610 de
119 1550 204 1609 bellis
225 1549 303 1610 cr'oil.
319 1548 344 1608 I.
358 1545 409 1609 37.
424 1547 481 1631 qui
502 1547 671 1612 historiam
695 1566 824 1608 omnem
847 1545 941 1629 hujus
956 1546 1041 1630 legis
1064 1547 1220 1610 adcurate
1243 1567 1319 1630 per-

59 1653 222 1740 sequitur.
245 1654 284 1718 In
302 1675 343 1716 eo
365 1662 476 1735 tamen
492 1663 600 1736 errat,
617 1653 707 1738 quod
729 1674 789 1736 pro
805 1653 909 1716 Vario
932 1653 1017 1738 legis
1033 1662 1200 1718 auctorem
1223 1655 1318 1718 finxit

59 1762 320 1841 Valerium01),
345 1761 492 1845 quamvis
506 1762 542 1825 id
568 1763 668 1826 etiam
692 1761 856 1824 Schiltero
879 1763 982 1826 visum
1006 1762 1056 1828 sit.
1078 1762 1129 1828 Cf.
1144 1771 1179 1827 et
1194 1761 1317 1828 Ascon.

60 1871 232 1934 Pedianus
247 1869 281 1932 in
302 1870 390 1932 Orat.
409 1869 469 1932 Cic.
486 1891 548 1952 pro
565 1870 611 1932 M.
628 1869 749 1934 Scauro
767 1868 884 1952 p.172.
900 1890 945 1952 sq.

663 2061 670 2076 .
689 2013 741 2077 48.

468 2125 527 2178 Leo·
547 2015 671 2176 (lainedo
689 2124 721 2176 da
740 2124 908 2190 eodem-⁰¹).

151 2223 216 2288 Sed
237 2223 348 2288 multo
364 2225 511 2288 severior
524 2224 593 2287 illis
613 2224 853 2308 antiquioribus
869 2225 932 2288 fuit
955 2241 1023 2288 nux
1044 2241 1233 2308 consume,
1250 2247 1316 2290 non

66 2333 178 2398 multis
194 2341 267 2418 post
291 2333 384 2396 annis
405 2331 475 2396 lata
494 2333 533 2395 L.
557 2331 650 2395 Sulla
672 2331 866 2414 Dictatore,
888 2354 953 2417 qua
979 2332 1021 2396 ad
1044 2333 1194 2396 Caesaris
1216 2355 1318 2418 usque

65 2449 210 2506 aetatem
227 2461 300 2504 usus
328 2447 378 2504 est
404 2439 545 2524 populus
566 2439 751 2530 Romanus..
767 2440 874 2523 Hujus
902 2440 987 2525 legis
1011 2439 1095 2503 haec
1118 2441 1227 2524 capita
1248 2442 1319 2506 col·
1345 2509 1347 2514 ,

65 2551 154 2636 legit
173 2548 282 2612 Garol.
297 2547 451 2631 Sigonius
466 2549 505 2609 de
519 2548 650 2610 Iudiciis
668 2549 709 2608 II.
726 2546 777 2608 29.
789 2569 822 2628 p.
838 2547 910 2611 630.
925 2570 970 2631 sq.

151 2681 318 2744 ausuros,
341 2678 467 2739 Quunx
486 2679 554 2726 use
576 2681 662 2726 naon
675 2678 843 2744 Quanam,
862 2681 906 2727 os
926 2681 968 2726 no
986 2681 1168 2747 Qusausao,
1192 2682 1250 2741 Qus
1266 2683 1320 2730 su-

151 2787 405 2836 uenoussrounu
428 2785 656 2852 susrunumr,
678 2786 747 2833 nur
771 2787 1014 2854 unersrnsrur,
1035 2790 1104 2849 Quo
1125 2789 1230 2837 minus
1253 2791 1319 2838 uu-

151 2893 241 2943 nsau
263 2893 328 2940 suo
356 2893 558 2964 numeneus,
580 2893 816 2940 rurnmnnuro
838 2893 971 2941 nunmr.
1001 2897 1060 2954 our
1081 2897 1277 2944 nxnnmrum
1299 2901 1319 2946 a

153 3001 333 3050 anomaeus
357 3000 540 3054 nnuxnnsr,
561 2998 631 3046 sur
656 2999 721 3046 sus
750 2999 880 3046 saonen
902 3001 1038 3047 nannum
1060 3002 1228 3050 onssnmr.
1260 3005 1320 3062 Qun

152 3109 349 3156 exuaditum
365 3106 655 3156 SOLLIOITAVERIT·
677 3108 736 3166 QUI
752 3107 896 3154 DUGIBUS
916 3107 1068 3156 HOS'l'thl
1085 3111 1203 3158 GAPTIS
1221 3113 1320 3158 IGNO-
1416 3125 1418 3130 ·
1497 3167 1504 3178 α

153 3217 264 3276 VERl'l',
282 3214 352 3261 AU'l'
374 3215 519 3262 PEGUNIA
534 3215 723 3262 LIBERARl'l'·
747 3215 806 3274 QUI
819 3215 1186 3264 DUOIBUSPRAEDONUM
1202 3218 1319 3268 GAP'l'lS

154 3323 344 3371 renovatur.
367 3324 426 3382 QUI
451 3321 674 3369 POTESTATEM
696 3321 788 3368 SUAM
812 3323 846 3368 IN
862 3322 1145 3371 ADMINISTRANDO
1167 3325 1237 3370 NON
1259 3328 1320 3372 DE-

154 3429 332 3478 FENDERIT·
363 3429 422 3488 QUI
444 3429 529 3477 CIVIS
551 3428 712 3476 Romanus
733 3428 824 3475 APUD
854 3431 965 3477 REGEM
988 3431 1175 3478 EXTERNUM
1197 3433 1319 3481 VERSA-

155 3537 220 3586 Tus
242 3538 374 3584 FUERI'P.

216 3643 378 3692 MULIERIS
400 3644 638 3694 TESTIMONIUM
658 3633 920 3708 declararunt).

71 3755 367 3781 .....---.-.---
459 3779 465 3788 ,

142 3831 161 3868 o
172 3817 197 3883 ι)
218 3818 358 3884 sequutus
382 3823 425 3869 est
441 3819 605 3872 Heineseius
626 3816 773 3871 editionem
791 3815 910 3882 Appiani
933 3817 968 3868 ab
986 3818 1118 3870 Alexand.
1136 3821 1226 3872 'lollio
1243 3837 1320 3872 cura-

68 3909 129 3955 tam
144 3901 335 3953 Amstelodomi
352 3905 427 3976 1670.
445 3906 470 3954 8.
494 3903 522 3954 in
547 3917 601 3970 que
624 3903 722 3970 legitur
741 3921 772 3970 p.
789 3907 850 3954 632.
873 3901 988 3954 Itdtsroa
1008 3897 1160 3968 Οὐαλέριον
1182 3905 1319 3970 δήμαρχον

70 3987 183 4039 ἔπεισαν
194 3981 393 4051 σίςηγήσασθαι
408 4005 433 4038 κ.
446 4005 468 4038 r.
479 3987 503 4035 λ.
522 3988 559 4038 nt
575 3987 620 4040 Jo.
637 3989 874 4056 Schweighaeuser
888 3986 916 4039 in
932 4001 982 4038 sua
999 3987 1117 4040 editione
1127 3991 1249 4058 (Lipsiae
1261 3991 1317 4045 Ill.
1346 4007 1352 4024 ⁸

78 4071 146 4124 Vsu.
159 4073 235 4125 1785.
248 4071 289 4137 8.)
310 4069 365 4121 Vol.
386 4069 425 4122 II.
440 4087 470 4138 p.
487 4075 530 4123 64.
547 4071 649 4135 recepit
666 4072 771 4126 idoneis
790 4074 894 4126 caussis
912 4073 1047 4126 adductus
1062 4074 1177 4125 Κόϊντον
1194 4070 1319 4138 Οὐάριον.

71 4157 124 4208 cn.
144 4149 236 4219 oreph.
251 4153 370 4208 Vinandi
389 4155 480 4222 Pighii
492 4154 590 4206 Annol.
610 4155 791 4210 Romanorum
809 4159 985 4234 (Aatveryrioe
1006 4161 1079 4210 1615.
1090 4158 1160 4225 sol.)
1179 4159 1250 4211 Tam.
1264 4159 1318 4212 III.

64 4260 99 4311 p.
120 4245 179 4293 223.
197 4239 223 4294 J.
242 4238 419 4292 Freinshemii
440 4239 619 4308 Sapplsmeat.
637 4241 706 4292 Livii
721 4243 835 4296 LXXI.
851 4250 900 4298 37.
917 4244 1000 4296 Onna.

142 4325 198 4391 οἳ)
219 4325 305 4376 chr.
323 4325 423 4378 Meloh.
442 4325 622 4377 Vockestaert
642 4323 710 4374 Dies.
729 4327 787 4378 hist.
802 4330 889 4397 jurid.
908 4330 939 4380 de
957 4329 989 4380 L.
1011 4325 1132 4379 Cornelio
1152 4328 1227 4381 Stella
1246 4329 1319 4396 lryis-

71 4412 160 4464 latore
180 4411 226 4477 (Ι.
245 4413 278 4462 Β.
299 4414 374 4463 isra.
391 4411 431 4477 s.)
452 4411 483 4462 P.
503 4410 537 4459 11.
555 4423 577 4459 ο.
596 4409 620 4458 s.
638 4423 666 4472 p.
687 4412 945 4467 rsa-roomo.
1319 4408 1322 4416 '

143 4495 179 4562 p)
199 4493 273 4548 hddi
290 4495 443 4560 debuisset,
462 4500 491 4546 et
503 4507 651 4545 servorum.
666 4492 736 4545 Nam
751 4500 779 4545 et
788 4497 884 4549 horum
897 4498 1046 4550 admissum
1059 4513 1120 4550 esse
1131 4493 1320 4557 testimonium,

69 4585 184 4634 constat
202 4595 238 4632 ex
256 4581 387 4634 Sallustio
404 4581 436 4632 de
457 4579 594 4648 conjurat.
613 4577 690 4632 Catil.
710 4598 733 4632 c.
754 4585 796 4634 30.
816 4579 852 4650 [.*
863 4584 903 4635 νά.
915 4583 1037 4652 Curtii]
1057 4583 1121 4637 Vid.
1139 4578 1320 4648 Gundlingius
