3080 5154
391 379 446 447 lle
472 379 636 448 lnonnurs
662 385 712 448 nr'
732 381 943 452 Lucem-uus.
1255 397 1301 462 97

49 556 215 638 omnibus,
238 556 352 641 quiin
378 557 460 620 orbe
483 555 637 619 Romano
657 558 827 638 viverent,
845 563 1111 627 communicaritc
1134 563 1169 626 id
1191 573 1301 628 tamen

48 664 244 728 beneficium
261 685 328 726 non
345 663 388 727 ad
406 663 599 745 libertinos,
622 664 681 727 sed
698 664 740 726 ad
755 665 917 749 ingenuos
932 678 1057 735 tentum
1075 671 1234 756 pertinuit
1244 699 1252 748 ;
1268 681 1304 737 ut

48 779 131 832 recte
158 773 383 836 observarunt
404 773 464 834 En.
486 772 609 856 Spunh.
636 772 708 835 ort.
731 774 818 835 Rom.
837 777 881 873 II.
901 777 930 837 5.
952 778 1031 842 Ant.
1054 779 1237 865 Schulting.
1260 780 1302 844 nd

49 881 119 961 Goji
134 881 220 942 Inst.
237 880 310 944 1.1.
324 879 454 962 21113.
470 881 513 960 Ι”).

622 997 651 1078 §.
673 995 723 1058 17.

413 1145 417 1153 ,
434 1101 602 1156 lastinianus
619 1121 677 1156 eum
690 1106 797 1173 primus
811 1107 924 1160 meets.

121 1195 260 1259 Primus
275 1195 480 1260 Iustinianus
502 1196 676 1260 discrimen
697 1197 784 1262 istud
799 1199 946 1264 sustulit:
961 1201 998 1261 L.
1012 1222 1073 1262 run.
1091 1203 1123 1264 0.
1142 1205 1181 1266 de
1199 1205 1303 1268 Dedit.

47 1305 90 1364 ut.
111 1307 175 1366 toll.
198 1305 238 1365 L.
261 1325 315 1366 un.
333 1304 366 1366 0.
390 1305 428 1366 de
450 1305 524 1368 Lat.
543 1306 593 1367 lid.
611 1307 673 1366 toll.
696 1305 813 1389 quibus
836 1306 1127 1372 constitutionibus
1152 1313 1303 1376 omnibus

47 1412 209 1475 libertinis
226 1412 306 1495 jura
330 1411 472 1474 civitatis
496 1411 643 1476 indulsit.
666 1411 757 1490 Quin
781 1415 864 1496 imo,
884 1437 970 1499 quae
993 1422 1065 1478 erat
1088 1415 1303 1502 Imperatoris
1362 1459 1369 1480 .

47 1520 248 1599 liberalitas,
272 1518 418 1603 denique
446 1541 543 1582 omne
566 1520 740 1584 discrimen
762 1521 850 1586 inter
878 1524 1041 1606 ingenuos
1072 1533 1107 1587 et
1128 1525 1302 1590 libertinos

49 1629 181 1710 sustulit,
196 1627 292 1690 salvo
307 1636 418 1690 tamen
428 1629 506 1712 jure
521 1637 728 1710 patronatus,
745 1631 963 1715 omnibusque
974 1631 1103 1694 libertis
1112 1634 1169 1717 jus
1184 1655 1304 1698 aureo-

49 1757 109 1798 rum
126 1733 326 1799 annulorum
351 1743 385 1798 et
405 1734 564 1799 natalium
585 1736 874 1819 restitutionem)
888 1738 998 1801 dedit:
1018 1739 1098 1800 Non.
1114 1741 1302 1805 LXXVIII.
1344 1803 1346 1810 ,

50 1843 145 1921 Quam
168 1865 288 1928 parum
314 1843 495 1927 prudenter
518 1843 553 1906 id
574 1844 705 1912 consilii
725 1846 853 1929 ceperit
877 1846 1084 1930 Imperator,
1109 1846 1167 1910 alii
1190 1861 1302 1912 osten-

51 1953 169 2016 derunt.
185 1952 268 2015 Vid.
281 1951 448 2015 Wissenb.
464 1953 509 2014 ad
523 1951 580 2015 iit.
596 1953 627 2014 C.
643 1953 681 2014 de
696 1953 775 2016 June
791 1976 861 2016 aur.
866 1977 897 2038 p.
908 1955 980 2018 360.
1003 1954 1158 2018 Thomas.
1176 1957 1215 2020 de
1235 1957 1302 2020 Usu

47 2073 139 2142 praet.
156 2064 234 2124 dest.
249 2063 328 2122 lom.
345 2064 378 2121 in
393 2064 499 2144 ingen.
518 2069 548 2124 et
566 2061 698 2122 ls'bertt'n.
717 2083 743 2124 c.
761 2061 791 2122 1.
807 2062 835 2143 §.
853 2061 904 2125 31.
921 2085 966 2146 sq.
977 2085 1010 2146 p.
1026 2063 1077 2126 18.

647 2259 653 2271 .
678 2212 728 2274 18.

511 2213 840 2397 Insiqniaglilertinorum.

125 2431 264 2514 Certum
279 2430 369 2492 inter
381 2430 524 2513 insignia
538 2430 768 2493 libertinorum
785 2438 866 2512 erat,
881 2424 1079 2514 quod‘veste
1096 2431 1174 2495 alba
1192 2441 1226 2495 et
1245 2453 1302 2495 an-

52 2536 122 2600 nulo
138 2539 347 2603 donarentur
360 2561 378 2601 u
394 2539 541 2622 patronis
551 2563 558 2600 :
570 2537 712 2601 Tertull.
724 2540 764 2600 de
774 2559 895 2602 resurr.
905 2560 930 2600 c.
942 2538 992 2601 57.
1006 2548 1039 2601 et
1051 2538 1174 2602 deinde
1184 2539 1301 2623 pileati

53 2655 82 2708 et
103 2648 213 2731 capite
231 2669 306 2710 raso
330 2645 534 2709 incederent.
557 2647 601 2708 Et
620 2645 759 2730 capillos
788 2646 921 2730 quidem
943 2647 1062 2710 radere
1088 2645 1243 2710 solebant
1267 2649 1301 2712 in

51 2753 171 2838 templo
184 2755 352 2818 Feroniae
367 2755 411 2835 d).
429 2755 483 2817 De
502 2775 567 2838 quo
582 2755 647 2818 ritu
662 2753 799 2826 videndi
813 2753 952 2816 Taubm.
967 2755 1012 2815 ad
1022 2755 1130 2816 Plaut.
1146 2757 1302 2838 Amphitr.

52 2861 115 2922 I.l.
132 2875 214 2926 estr.
232 2863 334 2926 Alex.
354 2865 396 2926 ab
420 2861 521 2924 Alex.
542 2863 665 2924 Genial.
681 2861 757 2922 dier.
779 2861 838 2922 IV.
853 2860 904 2923 20.
926 2861 1132 2945 Dalechamp
1153 2863 1197 2924 ad
1216 2863 1302 2928 Ptin.

52 3115 103 3167 Pet
120 3116 186 3169 Feb.
208 3115 334 3169 Semestr.
353 3113 376 3167 Ι.
395 3117 420 3168 7.
437 3131 464 3184 p.
482 3117 525 3168 36.
553 3115 671 3166 Effectus
688 3129 754 3164 vero
772 3117 845 3178 erat,
863 3117 894 3164 ut
911 3112 1007 3178 populi
1024 3113 1160 3181 ejusmodi
1178 3116 1302 3183 ingenui·

52 3199 107 3251 tatis
132 3200 244 3268 quidem
266 3200 331 3267 jura
354 3198 516 3262 retinerent,
535 3204 564 3250 at
585 3201 661 3251 nullo
686 3199 770 3250 modo
796 3200 830 3251 ad
853 3197 969 3251 civitatis
994 3197 1138 3251 commode
1164 3199 1302 3263 adspirar-

52 3292 99 3337 eut.
126 3287 206 3338 conf.
224 3286 287 3339 cu.
311 3286 404 3351 Sigon.
428 3285 460 3336 de
477 3284 557 3352 antiq.
573 3284 635 3354 jur.
653 3283 718 3335 Ital.
735 3283 760 3336 Ι.
780 3290 803 3337 1.
818 3302 847 3352 p.
865 3288 908 3336 47.
929 3285 976 3350 (et
993 3297 1078 3348 supra
1095 3282 1148 3334 Tit
1165 3283 1216 3335 111.
1236 3284 1258 3349 ἦ.
1280 3287 1302 3335 1.

52 3377 101 3422 not.
116 3373 154 3439 c.)
175 3371 258 3422 Hein.

112 3458 143 3523 b)
162 3458 228 3509 Non
255 3471 326 3522 opus
350 3461 406 3520 est,
424 3460 455 3509 ut
478 3471 540 3507 cum
565 3454 686 3505 Auctore
706 3453 792 3519 (Adp.
820 3470 842 3504 o.
861 3453 883 3504 1.
901 3454 922 3520 ξ.
939 3453 997 3520 20.)
1018 3458 1045 3504 et
1074 3453 1213 3524 plerisque
1235 3454 1302 3508 viris

53 3537 129 3594 doctis
146 3547 310 3605 statuamus,
329 3539 484 3593 caracallae
501 3537 576 3591 illurn
594 3537 815 3591 constitutionem
833 3540 868 3590 ad
885 3539 960 3590 solos
978 3537 1125 3606 ingenuos,
1138 3541 1249 3594 minime
1267 3542 1302 3594 ad

53 3624 199 3691 libertinos,
217 3613 369 3691 spectasse,
383 3625 531 3677 dummodo
549 3623 724 3689 Imperatoris
742 3623 896 3676 institutum
914 3622 949 3673 ad
967 3622 1099 3689 homines,
1113 3627 1161 3694 qni
1179 3635 1302 3692 tempore

54 3711 113 3763 latae
128 3712 197 3778 legis
216 3711 244 3764 in
263 3711 377 3778 imperio
395 3711 520 3764 Romano
539 3707 707 3762 domicilium
724 3708 862 3772 fixissent,
880 3707 1084 3772 restringamus.
1108 3712 1145 3762 Et
1171 3712 1300 3763 hactenus

56 3795 147 3862 Editor,
160 3814 178 3850 a
192 3796 323 3862 Sarignio
341 3794 506 3859 admonitus,
521 3793 718 3847 retractandam
731 3793 845 3855 censuit,
859 3809 941 3861 quam
953 3793 1031 3860 prius
1044 3793 1072 3846 in
1087 3794 1166 3846 Prot.
1184 3793 1226 3844 Ex
1238 3809 1301 3845 eon-

54 3881 173 3935 stitutione
198 3884 269 3949 Imp.
295 3881 424 3932 Antonini
447 3879 592 3947 womodc,
617 3879 662 3946 qni
685 3879 713 3930 in
736 3877 799 3929 orbe
822 3878 944 3929 Romano
971 3888 1069 3939 essent,
1093 3880 1160 3932 ciues
1184 3877 1302 3928 Romani

54 3963 133 4031 effem
148 3969 220 4019 sint?
239 3965 331 4033 (Lips.
348 3968 422 4018 1818.
434 3965 475 4030 4.)
495 3979 522 4030 p.
540 3967 567 4016 8.
584 3963 748 4027 detenderet,
767 3961 939 4025 sententiam
959 3965 1035 4016 salva
1051 3962 1156 4030 reliqua
1174 3961 1240 4026 legis
1258 3959 1300 4010 in-

55 4053 236 4116 terpretatione
253 4049 355 4103 ibidem
378 4049 497 4114 primum
522 4047 671 4116 proposita.
690 4046 779 4100 Haut.
804 4048 911 4129 poster.
930 4047 984 4101 vid.
1004 4063 1075 4116 quac
1092 4047 1170 4111 inira,
1189 4045 1259 4108 nup.
1278 4046 1300 4097 I.

54 4132 72 4196 i.
88 4139 125 4189 20.
143 4138 193 4188 hac
211 4135 246 4187 de
262 4151 293 4186 rc
310 4134 392 4186 etism
410 4133 555 4186 observata
572 4137 644 4184 sunt.
663 4130 750 4184 Miilsl.

113 4221 142 4287 c)
162 4220 206 4272 De
220 4220 285 4288 jure
302 4235 448 4274 aureorum
471 4220 636 4271 annulorum
652 4221 679 4268 ct
699 4216 871 4269 restitutione
894 4218 1023 4271 natalium
1041 4233 1059 4268 a
1075 4215 1198 4281 principe
1215 4213 1301 4280 impe-

56 4304 112 4356 trtri
129 4304 217 4358 solitis
232 4305 286 4360 vid.
304 4305 380 4372 Lips.
399 4305 482 4358 Elect.
497 4304 538 4356 ΙΙ.
552 4308 576 4357 8.
594 4304 639 4356 Jo.
656 4302 832 4354 Kirohmanu.
851 4303 882 4354 de
900 4302 1005 4356 annulis
1019 4320 1042 4354 c.
1056 4305 1096 4353 15.
1113 4303 1154 4350 16.
1172 4297 1300 4352 Thomas.

56 4387 82 4436 de
102 4390 153 4442 Uen
166 4399 254 4459 praet.
274 4391 333 4442 dist.
350 4390 378 4441 in
395 4392 482 4455 ingen.
500 4398 526 4440 ct
543 4387 628 4441 libert.
647 4406 669 4441 c.
691 4393 714 4440 l.
733 4389 754 4454 ἓ.
772 4392 815 4441 26.
833 4392 876 4440 27.
890 4388 978 4438 .Hein.
1008 4384 1042 4456 [⁴¹
1053 4385 1204 4436 Dissertctt
1227 4383 1300 4436 Tem.

57 4471 105 4524 III.
121 4493 147 4542 p.
163 4481 222 4529 5³⁷.
240 4479 297 4545 tp]

117 4560 148 4626 d)
168 4561 222 4624 Qui
241 4575 303 4612 mos
323 4558 443 4626 ponendi
459 4557 571 4624 capillos
587 4563 678 4610 utrum
696 4558 731 4609 ad
750 4557 905 4621 exemplum
917 4553 1111 4618 naufragorum
1130 4551 1301 4604 introductus

1084 4638 1105 4699 7
