3056 5168
236 401 381 470 Μ]
689 361 1040 466 mmmm

237 581 325 638 saec
340 573 374 636 in
390 571 582 656 judicando.
605 572 726 656 usque
750 571 783 636 u
800 570 847 636 ia
867 571 1014 656 intelligi
1029 571 1150 655 aeae,
1171 551 1348 658 qratiam
1363 573 1448 658 rega

235 681 416 746 Aebutiam·
437 680 538 744 latam
556 699 687 765 prorsus
708 681 826 766 ignota
847 679 948 768 fuerit
969 679 1126 763 litigandi
1140 701 1202 764 per
1215 679 1360 744 formulas
1376 682 1448 746 ratio.

235 788 379 852 Adeone
390 788 463 872 quie
476 787 600 868 credat,
612 788 770 872 angustiis
785 807 933 872 unquam·
943 787 1045 852 inimo
1060 787 1253 871 impeditam
1265 809 1331 850 rem
1338 787 1450 870 judicia·
1488 859 1489 868 χ

235 897 315 958 riam
330 895 572 972 Romanorum,
594 901 631 958 ut
650 895 775 960 nemini
796 895 929 958 licuerit
943 915 1067 980 agere,
1083 896 1148 958 uisi
1169 916 1213 958 ex
1228 915 1323 960 causa
1341 895 1377 959 ab
1393 893 1449 978 ipsis
1488 889 1489 898 ³

235 1002 366 1086 legibus
392 1002 566 1086 depromta
596 1001 810 1086 adhibitaque
832 1001 918 1086 legis
942 1003 1108 1067 actionum
1131 1002 1255 1067 formal
1281 1003 1387 1086 Itaque
1399 1003 1446 1086 jau
1488 979 1489 1012 ³

237 1111 346 1174 statim
362 1110 526 1193 principio
544 1109 685 1172 civitatis
708 1109 776 1174 tale
793 1131 960 1174 causarum
976 1103 1080 1195 genus
1102 1111 1202 1174 fuisse
1222 1109 1448 1187 existimaverim,

236 1239 321 1301 quae
347 1217 483 1280 arbitrio
506 1217 708 1301 potissimum
730 1238 845 1301 regum
875 1217 1166 1300 magistratuumve
1187 1224 1385 1302 regerentur;
1403 1215 1447 1298 qui,
1488 1277 1489 1290 ,

236 1325 431 1410 sinon'ipsi
451 1323 545 1386 dere
567 1325 844 1408 pronuntiabant,
866 1347 927 1408 pro
950 1325 1091 1408 imperio
1107 1348 1166 1390 suo
1189 1325 1264 1391 aliis
1285 1323 1405 1388 eandem
1421 1341 1449 1382 ex
1488 1371 1489 1408 3

145 1419 149 1432 ¹
228 1431 378 1512 ¹formula
381 1430 597 1516 judicandam
615 1431 855 1496 demandarunt
868 1437 912 1514 r).
922 1433 970 1498 At
983 1433 1164 1531 postlegea
1174 1433 1251 1496 illas
1265 1432 1343 1496 latas
1353 1448 1448 1492 omnen
1488 1511 1489 1516 ἵ

237 1541 308 1604 fere
325 1540 361 1604 in
376 1539 451 1604 foro
466 1540 696 1604 auctoritatem
712 1549 957 1624 occupaverunt
973 1540 1145 1604 formulae.
1163 1541 1246 1606 Fuit
1259 1540 1336 1604 haec
1350 1556 1447 1621 quoque

238 1647 319 1712 dura
333 1669 373 1711 ac
388 1631 498 1730 rigida
512 1647 668 1732 litigandi
682 1647 778 1712 ratio.
801 1647 904 1713 Nullo
920 1656 1032 1714 tamen
1048 1648 1187 1734 negotio
1203 1645 1358 1713 formulae
1369 1644 1449 1708 inten-

236 1755 321 1822 tioni
343 1755 677 1820 accommodabantur
697 1756 916 1840 litigantium,
936 1756 1106 1840 nequead
1126 1765 1219 1820 certa
1242 1775 1392 1820 causarum
1408 1771 1448 1834 ge·

237 1884 319 1926 nera
333 1862 510 1928 adstrictae
531 1872 636 1946 erant,
657 1885 770 1928 verum
786 1863 829 1928 ad
852 1853 1063 1948 quaecuuque
1080 1863 1248 1946 actiones,
1271 1860 1446 1946 quibusvitre
1488 1873 1489 1928 l

238 1991 314 2046 treus
335 1971 514 2034 communis
542 1971 741 2052 continetur,
762 1978 919 2054 poterant
940 1969 1092 2034 flectiac
1121 1970 1224 2056 dirigi
1231 1997 1239 2046 ;
1262 1970 1344 2034 unde
1366 1985 1446 2030 noran

238 2077 323 2143 hauc
336 2077 444 2142 litium
467 2078 742 2142 instituendarum
758 2079 932 2158 rationem,
955 2078 983 2142 si
999 2099 1071 2146 curn
1086 2078 1226 2162 pristina
1249 2078 1306 2142 illa
1324 2094 1449 2158 conpara·

239 2185 336 2267 veris,
357 2185 462 2250 multo
479 2187 577 2250 etiarn
601 2186 858 2250 commodiorem
880 2191 980 2270 atque
997 2171 1244 2270 expeditiorem
1258 2183 1343 2266 haud
1360 2191 1450 2245 tenere

240 2293 372 2358 dixeris.
396 2274 572 2358 Caeterum
588 2293 673 2358 haec
688 2315 821 2378 quoque
840 2292 1010 2378 displicuit
1023 2293 1200 2377 posteriori
1222 2294 1336 2368 aetati3
1350 2287 1450 2354 cessant

239 2402 341 2485 igitur
351 2401 557 2486 pedetentim
576 2400 788 2472 formularum
800 2422 885 2481 usus,
898 2402 1051 2486 adeoque
1067 2400 1199 2486 legibus
1218 2401 1357 2464 sublatus
1375 2403 1413 2474 est
1423 2399 1450 2474 ¹),

240 2508 487 2593 simpliciorque
512 2509 653 2573 invaluit
673 2509 745 2589 via,
767 2517 907 2593 autper
935 2509 1157 2574 narrationem
1174 2509 1283 2594 judici
1305 2523 1451 2594 proponen-

241 2615 325 2694 dam,
347 2624 405 2680 aut
418 2635 480 2699 per
500 2614 653 2680 libellum
669 2615 888 2680 conveniendi
906 2616 1136 2690 adversarium
1157 2617 1261 2681 Meet.
1318 2660 1319 2663 =

818 2769 846 2850 g,
868 2767 919 2831 aa.

689 2877 880 2938 Formuhrum
894 2893 989 2953 portes
999 2885 1041 2952 t).
1275 2938 1279 2941 .

323 2981 441 3048 Partes
463 2983 695 3066 formularum,
719 2983 806 3069 Gajo
824 2987 1066 3070 praecipiente,
1087 2984 1151 3049 hae
1170 2992 1263 3048 eunt:
1292 2983 1452 3047 demonstra-

241 3091 301 3172 tio,
316 3091 478 3174 'intentio,
501 3093 722 3177 adjudicatio,
741 3093 985 3156 condemnatio.
1013 3094 1265 3158 Demonstratio
1288 3100 1335 3154 est
1354 3110 1387 3150 ea
1403 3101 1451 3168 pan
1488 3135 1489 3174 ,

242 3198 421 3280 formulae,
438 3221 503 3284 qua
519 3195 769 3283 demonstratur,
791 3222 859 3281 res,
882 3201 924 3263 de
946 3222 1011 3286 qua
1034 3201 1152 3284 agitur,
1170 3200 1251 3283 quid
1273 3200 1331 3263 sit?
1353 3191 1451 3276 (Velut

241 3309 324 3388 qaod
343 3310 446 3371 Aulus
469 3311 608 3390 Agerius
629 3310 781 3370 Numerio
805 3309 940 3389 Negidio
964 3309 1115 3371 hominem
1139 3307 1318 3386 oecdidr't),·
1337 3297 1448 3370 intentio,
1488 3299 1489 3316 ³

243 3435 307 3496 qua
324 3415 403 3497 quid
418 3401 622 3499 propositum
638 3417 678 3479 sit
695 3415 809 3498 actori,
826 3415 1023 3499 exprimitur
1042 3417 1089 3496 (v.
1107 3438 1133 3478 c.
1150 3422 1292 3498 ciperet,
1307 3407 1449 3474 Numerum

241 3521 412 3601 Negidz'um
427 3526 510 3584 Aulo
529 3527 648 3605 Agerio
667 3523 853 3586 Sestertium
876 3523 914 3586 X
925 3525 1010 3586 milio
1026 3525 1105 3586 dore
1121 3533 1281 3606 oportere,·
1301 3520 1373 3582 item
1385 3513 1452 3576 hat&

242 3629 394 3718 qm’dqur‘d
411 3639 507 3710 peret
533 3631 576 3691 N.
599 3631 643 3691 Ν.
658 3635 698 3692 A.
713 3634 760 3700 A.
782 3633 861 3693 dore
874 3633 991 3711 socero
1019 3641 1179 3714 oporter03
1199 3630 1344 3712 itemque
1363 3615 1455 3686 ilict

167 3767 172 3774 ·
240 3743 350 3814 paret,
371 3737 523 3797 iomanem
551 3759 591 3799 ee·
612 3741 690 3820 jure
718 3739 886 3815 Quiritium
908 3741 989 3800 Auta·
1013 3741 1126 3820 Ageric'
1151 3742 1260 3818 esae);
1291 3721 1453 3818 adjudicatio

186 3822 192 3832 ’
245 3847 311 3922 est,
329 3863 393 3926 qua
408 3843 517 3928 judici
539 3846 750 3928 permittitur,
770 3867 839 3908 rem
856 3845 953 3910 alicui
974 3867 1016 3908 ex
1038 3845 1263 3930 litigatoribus
1287 3837 1453 3926 adjudicare:

243 3959 395 4030 quantum
413 3952 594 4033 orljadr'oari
613 3964 741 4036 oportet,
755 3955 858 4037 juder
879 3955 958 4018 uteo
978 3957 1175 4038 crrtp'rcrlr'crrto,¹
1194 3943 1409 4018 condemnatio
1421 3941 1454 3999 etl

311 4145 340 4212 r)
361 4145 403 4196 Cf.
422 4147 498 4200 Stant
511 4147 590 4202 Reor.
602 4149 785 4217 Klupenreclrt
801 4154 882 4216 p.·30.
894 4166 936 4218 eq.
952 4151 1086 4204 Huschke
1104 4150 1264 4218 'Verfurruap
1281 4153 1330 4200 cto.
1340 4160 1364 4210 p·
1374 4141 1454 4196 mat·

243 4227 306 4280 Vid.
330 4236 357 4282 et
379 4230 477 4284 mem.
500 4231 543 4284 tt.
568 4235 593 4286 d.
611 4235 674 4302 Lep.
698 4237 812 4288 actiones
835 4241 885 4288 eto.
910 4251 993 4302 supra
1013 4237 1084 4304 (not.
1104 4253 1130 4304 q.
1148 4236 1184 4288 ad
1201 4236 1224 4302 §.
1242 4238 1285 4286 23.
1301 4232 1329 4284 iu
1345 4228 1399 4290 fin)
1416 4223 1454 4272 ΙΝ·

243 4311 318 4374 datm
337 4313 384 4365 ubi
401 4315 482 4367 etiam
499 4317 529 4368 -in
547 4319 613 4384 legis
631 4318 783 4370 actionibus
798 4321 980 4373 formularum
991 4319 1183 4380 .usum,=fuisse
1195 4317 1353 4370 defenditur.

254 4448 258 4457 ,
311 4398 340 4462 s)
359 4400 391 4451 n.
411 4407 434 4452 1.
456 4397 484 4454 o,
501 4402 534 4452 n
544 4403 675 4468 fomute
691 4411 719 4454 et
735 4403 936 4471 imperatae.
952 4389 1209 4458 armemanensis
1236 4403 1335 4470 (impe
1352 4395 1454 4448 coum·

243 4477 281 4530 tio
295 4480 345 4532 111.
362 4489 389 4534 et
406 4485 555 4538 Constante
572 4488 633 4552 11.).

312 4564 337 4632 t)
358 4567 418 4633 Gaj.
435 4569 484 4624 IV.
502 4572 523 4638 ς.
540 4571 666 4625 39-44.
680 4599 710 4613 -
725 4572 862 4626 Zimmern
882 4573 899 4626 l.
918 4573 935 4626 L
954 4574 974 4640 §a
988 4578 1030 4626 61.
1047 4578 1092 4630 ⁵2.
