<?xml version="1.0" encoding="UTF-8"?>
<!DOCTYPE html PUBLIC "-//W3C//DTD XHTML 1.0 Transitional//EN"
    "http://www.w3.org/TR/xhtml1/DTD/xhtml1-transitional.dtd">
<html xmlns="http://www.w3.org/1999/xhtml" xml:lang="en" lang="en">
 <head>
  <title>
</title>
<meta http-equiv="Content-Type" content="text/html;charset=utf-8" />
  <meta name='ocr-system' content='tesseract 3.04.00' />
  <meta name='ocr-capabilities' content='ocr_page ocr_carea ocr_par ocr_line ocrx_word'/>
</head>
<body>
  <div class='ocr_page' id='page_1' title='image "./jogottliebheine00haubgoog_0782.png"; bbox 0 0 3056 5168; ppageno 0'>
   <div class='ocr_carea' id='block_1_1' title="bbox 294 563 901 638">
    <p class='ocr_par' dir='ltr' id='par_1_1' title="bbox 294 563 901 638">
     <span class='ocr_line' id='line_1_1' title="bbox 294 563 901 638; baseline 0.013 -13"><span class='ocrx_word' id='word_1_1' title='bbox 294 617 298 625; x_wconf 92' lang='lat'>.</span> <span class='ocrx_word' id='word_1_2' title='bbox 410 629 414 638; x_wconf 84' lang='grc'><strong>,</strong></span> <span class='ocrx_word' id='word_1_3' title='bbox 460 563 629 636; x_wconf 71' lang='lat' dir='ltr'><strong>univ.</strong></span> <span class='ocrx_word' id='word_1_4' title='bbox 651 564 744 633; x_wconf 86' lang='grc' dir='ltr'><strong>ΤΙΤ.</strong></span> <span class='ocrx_word' id='word_1_5' title='bbox 764 565 901 634; x_wconf 82' lang='lat' dir='ltr'>XVIII.</span> 
     </span>
    </p>
   </div>
   <div class='ocr_carea' id='block_1_2' title="bbox 657 733 693 772">
    <p class='ocr_par' dir='ltr' id='par_1_2' title="bbox 657 733 693 772">
     <span class='ocr_line' id='line_1_2' title="bbox 657 733 693 772; baseline -0.028 0"><span class='ocrx_word' id='word_1_6' title='bbox 657 733 693 772; x_wconf 74' lang='lat' dir='ltr'><strong>D!</strong></span> 
     </span>
    </p>
   </div>
   <div class='ocr_carea' id='block_1_3' title="bbox 226 814 1079 972">
    <p class='ocr_par' dir='ltr' id='par_1_3' title="bbox 226 814 1079 972">
     <span class='ocr_line' id='line_1_3' title="bbox 226 814 1079 972; baseline 0 -40"><span class='ocrx_word' id='word_1_7' title='bbox 226 814 1079 972; x_wconf 45' lang='grc'><strong>1113110151111110119).</strong></span> 
     </span>
    </p>
   </div>
   <div class='ocr_carea' id='block_1_4' title="bbox 47 1013 1307 1872">
    <p class='ocr_par' dir='ltr' id='par_1_4' title="bbox 47 1013 1307 1872">
     <span class='ocr_line' id='line_1_4' title="bbox 134 1013 1305 1119; baseline 0.003 -22"><span class='ocrx_word' id='word_1_8' title='bbox 134 1033 243 1097; x_wconf 80' lang='lat' dir='ltr'>Plane</span> <span class='ocrx_word' id='word_1_9' title='bbox 258 1031 389 1096; x_wconf 83' lang='lat' dir='ltr'><strong>diversa</strong></span> <span class='ocrx_word' id='word_1_10' title='bbox 404 1013 499 1097; x_wconf 82' lang='lat' dir='ltr'><strong>erant</strong></span> <span class='ocrx_word' id='word_1_11' title='bbox 514 1055 533 1097; x_wconf 89' lang='lat' dir='ltr'><strong>a</strong></span> <span class='ocrx_word' id='word_1_12' title='bbox 542 1033 678 1118; x_wconf 88' lang='lat' dir='ltr'><strong>judiciis</strong></span> <span class='ocrx_word' id='word_1_13' title='bbox 692 1029 826 1115; x_wconf 67' lang='lat' dir='ltr'><strong>prauam</strong></span> <span class='ocrx_word' id='word_1_14' title='bbox 841 1047 995 1115; x_wconf 71' lang='lat' dir='ltr'><strong>nuenton,</strong></span> <span class='ocrx_word' id='word_1_15' title='bbox 1011 1051 1148 1119; x_wconf 85' lang='lat' dir='ltr'><strong>quorum</strong></span> <span class='ocrx_word' id='word_1_16' title='bbox 1164 1033 1232 1099; x_wconf 84' lang='lat' dir='ltr'><strong>illis</strong></span> <span class='ocrx_word' id='word_1_17' title='bbox 1247 1055 1305 1100; x_wconf 84' lang='lat' dir='ltr'><strong>sua</strong></span> 
     </span>
     <span class='ocr_line' id='line_1_5' title="bbox 47 1138 1305 1230; baseline -0.002 -24"><span class='ocrx_word' id='word_1_18' title='bbox 47 1143 192 1230; x_wconf 91' lang='lat' dir='ltr'><strong>quisque</strong></span> <span class='ocrx_word' id='word_1_19' title='bbox 218 1141 496 1224; x_wconf 81' lang='lat' dir='ltr'><strong>persequebatur,</strong></span> <span class='ocrx_word' id='word_1_20' title='bbox 518 1141 568 1204; x_wconf 86' lang='lat' dir='ltr'><strong>his</strong></span> <span class='ocrx_word' id='word_1_21' title='bbox 595 1139 784 1225; x_wconf 83' lang='lat' dir='ltr'><strong>respublica</strong></span> <span class='ocrx_word' id='word_1_22' title='bbox 805 1138 928 1203; x_wconf 86' lang='lat' dir='ltr'><strong>delicta</strong></span> <span class='ocrx_word' id='word_1_23' title='bbox 950 1140 1083 1225; x_wconf 85' lang='lat' dir='ltr'><strong>publica</strong></span> <span class='ocrx_word' id='word_1_24' title='bbox 1104 1141 1305 1206; x_wconf 88' lang='lat' dir='ltr'><strong>vindicabat.</strong></span> 
     </span>
     <span class='ocr_line' id='line_1_6' title="bbox 52 1245 1306 1330; baseline 0.001 -18"><span class='ocrx_word' id='word_1_25' title='bbox 52 1251 141 1330; x_wconf 82' lang='lat' dir='ltr'><strong>(Tit.</strong></span> <span class='ocrx_word' id='word_1_26' title='bbox 157 1247 217 1313; x_wconf 89' lang='lat' dir='ltr'><strong>vl.</strong></span> <span class='ocrx_word' id='word_1_27' title='bbox 231 1247 261 1330; x_wconf 66' lang='grc' dir='ltr'><strong>δ.</strong></span> <span class='ocrx_word' id='word_1_28' title='bbox 277 1248 322 1328; x_wconf 88' lang='lat' dir='ltr'><strong>l.)</strong></span> <span class='ocrx_word' id='word_1_29' title='bbox 354 1245 454 1311; x_wconf 88' lang='lat' dir='ltr'><strong>Unde</strong></span> <span class='ocrx_word' id='word_1_30' title='bbox 469 1249 673 1312; x_wconf 83' lang='lat' dir='ltr'><strong>Justinianus</strong></span> <span class='ocrx_word' id='word_1_31' title='bbox 686 1251 787 1330; x_wconf 77' lang='lat' dir='ltr'><strong>princ.</strong></span> <span class='ocrx_word' id='word_1_32' title='bbox 803 1247 880 1310; x_wconf 78' lang='lat' dir='ltr'><strong>last.</strong></span> <span class='ocrx_word' id='word_1_33' title='bbox 896 1250 925 1311; x_wconf 82' lang='grc' dir='ltr'><strong>Ιι.</strong></span> <span class='ocrx_word' id='word_1_34' title='bbox 948 1257 970 1310; x_wconf 84' lang='grc'><strong>1.</strong></span> <span class='ocrx_word' id='word_1_35' title='bbox 992 1269 1140 1312; x_wconf 66' lang='lat' dir='ltr'><strong>tataros</strong></span> <span class='ocrx_word' id='word_1_36' title='bbox 1160 1268 1306 1314; x_wconf 72' lang='lat' dir='ltr'><strong>suoram</strong></span> 
     </span>
     <span class='ocr_line' id='line_1_7' title="bbox 48 1355 1306 1440; baseline 0 -19"><span class='ocrx_word' id='word_1_37' title='bbox 48 1377 151 1440; x_wconf 82' lang='lat' dir='ltr'><strong>neque</strong></span> <span class='ocrx_word' id='word_1_38' title='bbox 166 1375 229 1438; x_wconf 83' lang='lat' dir='ltr'><strong>per</strong></span> <span class='ocrx_word' id='word_1_39' title='bbox 252 1360 388 1417; x_wconf 73' lang='lat' dir='ltr'><strong>oenones</strong></span> <span class='ocrx_word' id='word_1_40' title='bbox 408 1355 605 1429; x_wconf 77' lang='lat' dir='ltr'><strong>ordmuutur,</strong></span> <span class='ocrx_word' id='word_1_41' title='bbox 626 1375 727 1438; x_wconf 82' lang='lat' dir='ltr'><strong>neque</strong></span> <span class='ocrx_word' id='word_1_42' title='bbox 747 1359 871 1418; x_wconf 75' lang='lat' dir='ltr'><strong>omnmo</strong></span> <span class='ocrx_word' id='word_1_43' title='bbox 888 1356 1057 1437; x_wconf 61' lang='lat' dir='ltr'><strong>quodquam</strong></span> <span class='ocrx_word' id='word_1_44' title='bbox 1075 1359 1173 1420; x_wconf 71' lang='lat' dir='ltr'><strong>armate</strong></span> <span class='ocrx_word' id='word_1_45' title='bbox 1192 1359 1306 1421; x_wconf 82' lang='lat' dir='ltr'><strong>bahent</strong></span> 
     </span>
     <span class='ocr_line' id='line_1_8' title="bbox 49 1464 1307 1545; baseline 0 -18"><span class='ocrx_word' id='word_1_46' title='bbox 49 1487 120 1527; x_wconf 73' lang='lat' dir='ltr'><strong>crum</strong></span> <span class='ocrx_word' id='word_1_47' title='bbox 142 1465 254 1525; x_wconf 62' lang='lat' dir='ltr'><strong>cctam</strong></span> <span class='ocrx_word' id='word_1_48' title='bbox 266 1464 412 1544; x_wconf 72' lang='lat' dir='ltr'><strong>judionis,</strong></span> <span class='ocrx_word' id='word_1_49' title='bbox 428 1483 546 1545; x_wconf 82' lang='lat' dir='ltr'><strong>magna</strong></span> <span class='ocrx_word' id='word_1_50' title='bbox 564 1464 730 1526; x_wconf 71' lang='lat' dir='ltr'><strong>diuersitas</strong></span> <span class='ocrx_word' id='word_1_51' title='bbox 750 1481 857 1524; x_wconf 87' lang='lat' dir='ltr'><strong>corum</strong></span> <span class='ocrx_word' id='word_1_52' title='bbox 878 1467 928 1524; x_wconf 82' lang='lat' dir='ltr'><strong>eat</strong></span> <span class='ocrx_word' id='word_1_53' title='bbox 944 1469 975 1524; x_wconf 79' lang='lat' dir='ltr'><strong>et</strong></span> <span class='ocrx_word' id='word_1_54' title='bbox 993 1467 1027 1524; x_wconf 77' lang='lat' dir='ltr'><strong>r&#39;n</strong></span> <span class='ocrx_word' id='word_1_55' title='bbox 1047 1466 1253 1538; x_wconf 72' lang='lat' dir='ltr'><strong>metitumdo,</strong></span> <span class='ocrx_word' id='word_1_56' title='bbox 1275 1471 1307 1527; x_wconf 78' lang='lat' dir='ltr'><strong>et</strong></span> 
     </span>
     <span class='ocr_line' id='line_1_9' title="bbox 49 1567 1306 1656; baseline -0.001 -21"><span class='ocrx_word' id='word_1_57' title='bbox 49 1577 82 1635; x_wconf 76' lang='lat' dir='ltr'><strong>tu</strong></span> <span class='ocrx_word' id='word_1_58' title='bbox 104 1570 287 1633; x_wconf 69' lang='lat' dir='ltr'><strong>exercendo.</strong></span> <span class='ocrx_word' id='word_1_59' title='bbox 321 1568 433 1648; x_wconf 85' lang='lat' dir='ltr'><strong>Quum</strong></span> <span class='ocrx_word' id='word_1_60' title='bbox 450 1589 531 1653; x_wconf 85' lang='lat' dir='ltr'><strong>ergo</strong></span> <span class='ocrx_word' id='word_1_61' title='bbox 555 1569 655 1632; x_wconf 77' lang='lat' dir='ltr'><strong>ll&#39;tulo</strong></span> <span class='ocrx_word' id='word_1_62' title='bbox 675 1569 728 1631; x_wconf 81' lang='lat' dir='ltr'><strong>VI.</strong></span> <span class='ocrx_word' id='word_1_63' title='bbox 743 1577 778 1632; x_wconf 91' lang='lat' dir='ltr'><strong>et</strong></span> <span class='ocrx_word' id='word_1_64' title='bbox 799 1567 1013 1654; x_wconf 84' lang='lat' dir='ltr'><strong>sequentibus</strong></span> <span class='ocrx_word' id='word_1_65' title='bbox 1029 1569 1072 1634; x_wconf 87' lang='lat' dir='ltr'><strong>de</strong></span> <span class='ocrx_word' id='word_1_66' title='bbox 1088 1571 1223 1655; x_wconf 87' lang='lat' dir='ltr'><strong>judiciis</strong></span> <span class='ocrx_word' id='word_1_67' title='bbox 1238 1570 1306 1656; x_wconf 86' lang='lat' dir='ltr'><strong>pri-</strong></span> 
     </span>
     <span class='ocr_line' id='line_1_10' title="bbox 51 1675 1305 1763; baseline -0.001 -20"><span class='ocrx_word' id='word_1_68' title='bbox 51 1681 135 1743; x_wconf 89' lang='lat' dir='ltr'><strong>vatis</strong></span> <span class='ocrx_word' id='word_1_69' title='bbox 157 1679 201 1742; x_wconf 86' lang='lat' dir='ltr'><strong>sit</strong></span> <span class='ocrx_word' id='word_1_70' title='bbox 223 1685 348 1739; x_wconf 84' lang='lat' dir='ltr'><strong>actum:</strong></span> <span class='ocrx_word' id='word_1_71' title='bbox 370 1676 452 1740; x_wconf 87' lang='lat' dir='ltr'><strong>nihil</strong></span> <span class='ocrx_word' id='word_1_72' title='bbox 468 1677 538 1762; x_wconf 88' lang='lat' dir='ltr'><strong>jam</strong></span> <span class='ocrx_word' id='word_1_73' title='bbox 561 1677 694 1742; x_wconf 88' lang='lat' dir='ltr'><strong>videtur</strong></span> <span class='ocrx_word' id='word_1_74' title='bbox 713 1675 896 1762; x_wconf 89' lang='lat' dir='ltr'><strong>reliquum,</strong></span> <span class='ocrx_word' id='word_1_75' title='bbox 917 1699 1014 1763; x_wconf 91' lang='lat' dir='ltr'><strong>quam</strong></span> <span class='ocrx_word' id='word_1_76' title='bbox 1037 1687 1074 1744; x_wconf 92' lang='lat' dir='ltr'><strong>ut</strong></span> <span class='ocrx_word' id='word_1_77' title='bbox 1096 1677 1139 1741; x_wconf 88' lang='lat' dir='ltr'><strong>de</strong></span> <span class='ocrx_word' id='word_1_78' title='bbox 1163 1677 1305 1763; x_wconf 83' lang='lat' dir='ltr'><strong>publicis</strong></span> 
     </span>
     <span class='ocr_line' id='line_1_11' title="bbox 50 1783 914 1872; baseline -0.003 -23"><span class='ocrx_word' id='word_1_79' title='bbox 50 1805 186 1872; x_wconf 91' lang='lat' dir='ltr'><strong>quoque</strong></span> <span class='ocrx_word' id='word_1_80' title='bbox 208 1805 252 1848; x_wconf 86' lang='lat' dir='ltr'><strong>ex</strong></span> <span class='ocrx_word' id='word_1_81' title='bbox 273 1785 525 1870; x_wconf 76' lang='lat' dir='ltr'><strong>antiquitatibus</strong></span> <span class='ocrx_word' id='word_1_82' title='bbox 539 1783 701 1853; x_wconf 82' lang='lat' dir='ltr'><strong>nonnulla</strong></span> <span class='ocrx_word' id='word_1_83' title='bbox 714 1805 914 1848; x_wconf 87' lang='lat' dir='ltr'><strong>moneamus.</strong></span> 
     </span>
    </p>
   </div>
   <div class='ocr_carea' id='block_1_5' title="bbox 544 1915 715 2020">
    <p class='ocr_par' dir='ltr' id='par_1_5' title="bbox 544 1915 715 2020">
     <span class='ocr_line' id='line_1_12' title="bbox 544 1915 715 2020; baseline 0.006 -22"><span class='ocrx_word' id='word_1_84' title='bbox 544 1915 715 2020; x_wconf 72' lang='lat'><strong>&#39;&#39;&#39;§.1.</strong></span> 
     </span>
    </p>
   </div>
   <div class='ocr_carea' id='block_1_6' title="bbox 51 2050 1308 2776">
    <p class='ocr_par' dir='ltr' id='par_1_6' title="bbox 231 2050 1158 2134">
     <span class='ocr_line' id='line_1_13' title="bbox 231 2050 1158 2134; baseline 0 -30"><span class='ocrx_word' id='word_1_85' title='bbox 231 2129 235 2134; x_wconf 28' lang='grc' dir='ltr'>Ι</span> <span class='ocrx_word' id='word_1_86' title='bbox 312 2051 385 2110; x_wconf 80' lang='lat' dir='ltr'><strong>Quid</strong></span> <span class='ocrx_word' id='word_1_87' title='bbox 401 2052 505 2105; x_wconf 79' lang='lat' dir='ltr'><strong>intersit</strong></span> <span class='ocrx_word' id='word_1_88' title='bbox 520 2050 590 2105; x_wconf 79' lang='lat' dir='ltr'><strong>iuter</strong></span> <span class='ocrx_word' id='word_1_89' title='bbox 598 2053 705 2122; x_wconf 76' lang='lat' dir='ltr'><strong>Judiciu</strong></span> <span class='ocrx_word' id='word_1_90' title='bbox 719 2051 828 2122; x_wconf 83' lang='lat' dir='ltr'><strong>publicu</strong></span> <span class='ocrx_word' id='word_1_91' title='bbox 847 2061 872 2104; x_wconf 82' lang='lat' dir='ltr'><strong>ct</strong></span> <span class='ocrx_word' id='word_1_92' title='bbox 885 2051 1051 2121; x_wconf 78' lang='lat' dir='ltr'><strong>popularia?</strong></span> <span class='ocrx_word' id='word_1_93' title='bbox 1155 2087 1158 2092; x_wconf 93' lang='lat'>-</span> 
     </span>
    </p>

    <p class='ocr_par' dir='ltr' id='par_1_7' title="bbox 51 2151 1308 2776">
     <span class='ocr_line' id='line_1_14' title="bbox 141 2151 1306 2238; baseline 0.001 -21"><span class='ocrx_word' id='word_1_94' title='bbox 141 2151 270 2217; x_wconf 81' lang='lat' dir='ltr'><strong>Judicia</strong></span> <span class='ocrx_word' id='word_1_95' title='bbox 288 2167 431 2215; x_wconf 77' lang='lat' dir='ltr'><strong>ruentes</strong></span> <span class='ocrx_word' id='word_1_96' title='bbox 453 2160 539 2237; x_wconf 82' lang='lat' dir='ltr'><strong>quae</strong></span> <span class='ocrx_word' id='word_1_97' title='bbox 555 2151 692 2234; x_wconf 84' lang='lat' dir='ltr'><strong>fuerint,</strong></span> <span class='ocrx_word' id='word_1_98' title='bbox 707 2159 775 2215; x_wconf 93' lang='lat' dir='ltr'><strong>tum</strong></span> <span class='ocrx_word' id='word_1_99' title='bbox 797 2151 926 2215; x_wconf 88' lang='lat' dir='ltr'><strong>demum</strong></span> <span class='ocrx_word' id='word_1_100' title='bbox 949 2161 1040 2216; x_wconf 90' lang='lat' dir='ltr'><strong>recte</strong></span> <span class='ocrx_word' id='word_1_101' title='bbox 1059 2174 1306 2238; x_wconf 87' lang='lat' dir='ltr'><strong>cognoscemus,</strong></span> 
     </span>
     <span class='ocr_line' id='line_1_15' title="bbox 52 2256 1307 2346; baseline -0.002 -21"><span class='ocrx_word' id='word_1_102' title='bbox 52 2261 80 2327; x_wconf 83' lang='lat' dir='ltr'><strong>si</strong></span> <span class='ocrx_word' id='word_1_103' title='bbox 101 2282 143 2324; x_wconf 87' lang='lat' dir='ltr'><strong>ea</strong></span> <span class='ocrx_word' id='word_1_104' title='bbox 165 2283 185 2324; x_wconf 90' lang='lat' dir='ltr'><strong>a</strong></span> <span class='ocrx_word' id='word_1_105' title='bbox 205 2275 454 2340; x_wconf 80' lang='lat' dir='ltr'><strong>rorunsnmus,</strong></span> <span class='ocrx_word' id='word_1_106' title='bbox 471 2275 785 2324; x_wconf 77' lang='lat' dir='ltr'><strong>nxrmonnmsnns</strong></span> <span class='ocrx_word' id='word_1_107' title='bbox 805 2281 843 2322; x_wconf 90' lang='lat' dir='ltr'><strong>ac</strong></span> <span class='ocrx_word' id='word_1_108' title='bbox 865 2256 1010 2344; x_wconf 87' lang='lat' dir='ltr'><strong>denique</strong></span> <span class='ocrx_word' id='word_1_109' title='bbox 1033 2277 1155 2324; x_wconf 82' lang='lat' dir='ltr'><strong>rorum</strong></span> <span class='ocrx_word' id='word_1_110' title='bbox 1170 2260 1307 2346; x_wconf 88' lang='lat' dir='ltr'><strong>judiciis</strong></span> 
     </span>
     <span class='ocr_line' id='line_1_16' title="bbox 51 2365 1308 2454; baseline -0.002 -19"><span class='ocrx_word' id='word_1_111' title='bbox 51 2367 212 2435; x_wconf 88' lang='lat' dir='ltr'><strong>adcurate</strong></span> <span class='ocrx_word' id='word_1_112' title='bbox 238 2367 486 2451; x_wconf 87' lang='lat' dir='ltr'><strong>sejunxerimus.</strong></span> <span class='ocrx_word' id='word_1_113' title='bbox 523 2365 859 2454; x_wconf 60' lang='lat' dir='ltr'><strong>compossessoris</strong></span> <span class='ocrx_word' id='word_1_114' title='bbox 886 2385 966 2450; x_wconf 87' lang='lat' dir='ltr'><strong>ergo</strong></span> <span class='ocrx_word' id='word_1_115' title='bbox 995 2366 1180 2431; x_wconf 84' lang='lat' dir='ltr'><strong>actionibus</strong></span> <span class='ocrx_word' id='word_1_116' title='bbox 1203 2369 1236 2432; x_wconf 91' lang='lat' dir='ltr'><strong>in</strong></span> <span class='ocrx_word' id='word_1_117' title='bbox 1265 2389 1308 2432; x_wconf 90' lang='lat' dir='ltr'><strong>eo</strong></span> 
     </span>
     <span class='ocr_line' id='line_1_17' title="bbox 52 2473 1307 2562; baseline -0.001 -21"><span class='ocrx_word' id='word_1_118' title='bbox 52 2474 300 2541; x_wconf 88' lang='lat' dir='ltr'><strong>conveniebant</strong></span> <span class='ocrx_word' id='word_1_119' title='bbox 315 2473 443 2558; x_wconf 89' lang='lat' dir='ltr'><strong>judicia</strong></span> <span class='ocrx_word' id='word_1_120' title='bbox 472 2473 622 2559; x_wconf 89' lang='lat' dir='ltr'><strong>publica,</strong></span> <span class='ocrx_word' id='word_1_121' title='bbox 656 2473 746 2559; x_wconf 93' lang='lat' dir='ltr'><strong>quod</strong></span> <span class='ocrx_word' id='word_1_122' title='bbox 778 2474 956 2558; x_wconf 91' lang='lat' dir='ltr'><strong>utrobique</strong></span> <span class='ocrx_word' id='word_1_123' title='bbox 987 2473 1088 2538; x_wconf 88' lang='lat' dir='ltr'><strong>cuivis</strong></span> <span class='ocrx_word' id='word_1_124' title='bbox 1116 2496 1159 2538; x_wconf 86' lang='lat' dir='ltr'><strong>ex</strong></span> <span class='ocrx_word' id='word_1_125' title='bbox 1181 2476 1307 2562; x_wconf 79' lang='lat' dir='ltr'><strong>populo</strong></span> 
     </span>
     <span class='ocr_line' id='line_1_18' title="bbox 52 2579 1308 2673; baseline 0.002 -25"><span class='ocrx_word' id='word_1_126' title='bbox 52 2585 142 2649; x_wconf 88' lang='lat' dir='ltr'><strong>actio</strong></span> <span class='ocrx_word' id='word_1_127' title='bbox 158 2582 214 2673; x_wconf 86' lang='lat' dir='ltr'><strong>vel</strong></span> <span class='ocrx_word' id='word_1_128' title='bbox 237 2579 404 2644; x_wconf 87' lang='lat' dir='ltr'><strong>adcusatio</strong></span> <span class='ocrx_word' id='word_1_129' title='bbox 426 2583 683 2666; x_wconf 88' lang='lat' dir='ltr'><strong>permitteretur,</strong></span> <span class='ocrx_word' id='word_1_130' title='bbox 701 2602 798 2668; x_wconf 90' lang='lat' dir='ltr'><strong>quum</strong></span> <span class='ocrx_word' id='word_1_131' title='bbox 820 2583 853 2645; x_wconf 94' lang='lat' dir='ltr'><strong>in</strong></span> <span class='ocrx_word' id='word_1_132' title='bbox 870 2581 1006 2666; x_wconf 88' lang='lat' dir='ltr'><strong>privatis</strong></span> <span class='ocrx_word' id='word_1_133' title='bbox 1020 2582 1155 2667; x_wconf 89' lang='lat' dir='ltr'><strong>judiciis</strong></span> <span class='ocrx_word' id='word_1_134' title='bbox 1177 2585 1308 2651; x_wconf 94' lang='lat' dir='ltr'><strong>nonnisi</strong></span> 
     </span>
     <span class='ocr_line' id='line_1_19' title="bbox 52 2679 1308 2776; baseline 0.001 -20"><span class='ocrx_word' id='word_1_135' title='bbox 52 2695 100 2776; x_wconf 92' lang='lat' dir='ltr'><strong>is,</strong></span> <span class='ocrx_word' id='word_1_136' title='bbox 122 2691 213 2775; x_wconf 90' lang='lat' dir='ltr'><strong>cujus</strong></span> <span class='ocrx_word' id='word_1_137' title='bbox 236 2689 412 2770; x_wconf 84' lang='lat' dir='ltr'><strong>intererat,</strong></span> <span class='ocrx_word' id='word_1_138' title='bbox 439 2691 558 2754; x_wconf 89' lang='lat' dir='ltr'><strong>actoris</strong></span> <span class='ocrx_word' id='word_1_139' title='bbox 579 2693 653 2755; x_wconf 90' lang='lat' dir='ltr'><strong>vice</strong></span> <span class='ocrx_word' id='word_1_140' title='bbox 676 2690 769 2775; x_wconf 83' lang='lat' dir='ltr'><strong>fungi</strong></span> <span class='ocrx_word' id='word_1_141' title='bbox 789 2699 910 2775; x_wconf 90' lang='lat' dir='ltr'><strong>posset.</strong></span> <span class='ocrx_word' id='word_1_142' title='bbox 924 2689 979 2754; x_wconf 88' lang='lat' dir='ltr'><strong>&#39;At</strong></span> <span class='ocrx_word' id='word_1_143' title='bbox 999 2691 1033 2754; x_wconf 95' lang='lat' dir='ltr'><strong>in</strong></span> <span class='ocrx_word' id='word_1_144' title='bbox 1058 2712 1099 2754; x_wconf 94' lang='lat' dir='ltr'><strong>eo</strong></span> <span class='ocrx_word' id='word_1_145' title='bbox 1122 2691 1208 2756; x_wconf 90' lang='lat' dir='ltr'><strong>haud</strong></span> <span class='ocrx_word' id='word_1_146' title='bbox 1231 2679 1308 2758; x_wconf 80' lang='lat' dir='ltr'><strong>leve</strong></span> 
     </span>
    </p>
   </div>
   <div class='ocr_carea' id='block_1_7' title="bbox 51 2795 1427 2888">
    <p class='ocr_par' dir='ltr' id='par_1_8' title="bbox 51 2795 1427 2888">
     <span class='ocr_line' id='line_1_20' title="bbox 51 2795 1427 2888; baseline 0.005 -25"><span class='ocrx_word' id='word_1_147' title='bbox 51 2801 145 2864; x_wconf 88' lang='lat' dir='ltr'><strong>inter</strong></span> <span class='ocrx_word' id='word_1_148' title='bbox 158 2795 335 2882; x_wconf 90' lang='lat' dir='ltr'><strong>populares</strong></span> <span class='ocrx_word' id='word_1_149' title='bbox 355 2797 503 2860; x_wconf 83' lang='lat' dir='ltr'><strong>actiones</strong></span> <span class='ocrx_word' id='word_1_150' title='bbox 522 2805 556 2860; x_wconf 94' lang='lat' dir='ltr'><strong>et</strong></span> <span class='ocrx_word' id='word_1_151' title='bbox 574 2797 708 2881; x_wconf 84' lang='lat' dir='ltr'><strong>publica</strong></span> <span class='ocrx_word' id='word_1_152' title='bbox 723 2799 853 2882; x_wconf 89' lang='lat' dir='ltr'><strong>judicia</strong></span> <span class='ocrx_word' id='word_1_153' title='bbox 875 2797 1106 2863; x_wconf 82' lang='lat' dir='ltr'><strong>intercedebat</strong></span> <span class='ocrx_word' id='word_1_154' title='bbox 1122 2801 1308 2888; x_wconf 88' lang='lat' dir='ltr'><strong>discrimen,</strong></span> <span class='ocrx_word' id='word_1_155' title='bbox 1361 2877 1364 2884; x_wconf 24' lang='lat'><strong><em>¹</em></strong></span> <span class='ocrx_word' id='word_1_156' title='bbox 1422 2859 1427 2870; x_wconf 91' lang='lat'><em>.</em></span> 
     </span>
    </p>
   </div>
   <div class='ocr_carea' id='block_1_8' title="bbox 52 2902 1311 3420">
    <p class='ocr_par' dir='ltr' id='par_1_9' title="bbox 52 2902 1311 3420">
     <span class='ocr_line' id='line_1_21' title="bbox 53 2902 1310 2992; baseline 0.003 -23"><span class='ocrx_word' id='word_1_157' title='bbox 53 2904 149 2992; x_wconf 92' lang='lat' dir='ltr'><strong>quod</strong></span> <span class='ocrx_word' id='word_1_158' title='bbox 169 2903 249 2968; x_wconf 91' lang='lat' dir='ltr'><strong>illae</strong></span> <span class='ocrx_word' id='word_1_159' title='bbox 265 2905 307 2968; x_wconf 86' lang='lat' dir='ltr'><strong>ad</strong></span> <span class='ocrx_word' id='word_1_160' title='bbox 329 2902 460 2966; x_wconf 87' lang='lat' dir='ltr'><strong>civilem</strong></span> <span class='ocrx_word' id='word_1_161' title='bbox 477 2903 630 2967; x_wconf 90' lang='lat' dir='ltr'><strong>mulctam</strong></span> <span class='ocrx_word' id='word_1_162' title='bbox 653 2904 756 2967; x_wconf 89' lang='lat' dir='ltr'><strong>actori</strong></span> <span class='ocrx_word' id='word_1_163' title='bbox 773 2903 1019 2989; x_wconf 88' lang='lat' dir='ltr'><strong>adplicandam;</strong></span> <span class='ocrx_word' id='word_1_164' title='bbox 1040 2905 1122 2968; x_wconf 90' lang='lat' dir='ltr'><strong>haec</strong></span> <span class='ocrx_word' id='word_1_165' title='bbox 1141 2909 1183 2972; x_wconf 88' lang='lat' dir='ltr'><strong>ad</strong></span> <span class='ocrx_word' id='word_1_166' title='bbox 1198 2909 1310 2992; x_wconf 93' lang='lat' dir='ltr'><strong>publi-</strong></span> 
     </span>
     <span class='ocr_line' id='line_1_22' title="bbox 53 3001 1310 3101; baseline 0.001 -22"><span class='ocrx_word' id='word_1_167' title='bbox 53 3035 128 3080; x_wconf 90' lang='lat' dir='ltr'><strong>cam</strong></span> <span class='ocrx_word' id='word_1_168' title='bbox 152 3010 468 3076; x_wconf 86' lang='lat' dir='ltr'><strong>animadversionem</strong></span> <span class='ocrx_word' id='word_1_169' title='bbox 491 3019 601 3098; x_wconf 89' lang='lat' dir='ltr'><strong>essent</strong></span> <span class='ocrx_word' id='word_1_170' title='bbox 622 3001 820 3094; x_wconf 86' lang='lat' dir='ltr'><strong>comparata.</strong></span> <span class='ocrx_word' id='word_1_171' title='bbox 852 3009 951 3077; x_wconf 88' lang='lat' dir='ltr'><strong>Unde</strong></span> <span class='ocrx_word' id='word_1_172' title='bbox 973 3012 1054 3076; x_wconf 88' lang='lat' dir='ltr'><strong>illae</strong></span> <span class='ocrx_word' id='word_1_173' title='bbox 1080 3009 1175 3078; x_wconf 81' lang='lat' dir='ltr'><strong>erant</strong></span> <span class='ocrx_word' id='word_1_174' title='bbox 1193 3017 1310 3101; x_wconf 85' lang='lat' dir='ltr'><strong>cogni-</strong></span> 
     </span>
     <span class='ocr_line' id='line_1_23' title="bbox 52 3103 1309 3204; baseline 0.001 -17"><span class='ocrx_word' id='word_1_175' title='bbox 52 3121 159 3187; x_wconf 86' lang='lat' dir='ltr'><strong>tionis</strong></span> <span class='ocrx_word' id='word_1_176' title='bbox 176 3121 388 3201; x_wconf 84' lang='lat' dir='ltr'><strong>Praetoriae,</strong></span> <span class='ocrx_word' id='word_1_177' title='bbox 407 3121 490 3184; x_wconf 91' lang='lat' dir='ltr'><strong>haec</strong></span> <span class='ocrx_word' id='word_1_178' title='bbox 513 3103 620 3182; x_wconf 87' lang='lat' dir='ltr'><strong>coram</strong></span> <span class='ocrx_word' id='word_1_179' title='bbox 644 3117 885 3204; x_wconf 90' lang='lat' dir='ltr'><strong>quaesitoribus</strong></span> <span class='ocrx_word' id='word_1_180' title='bbox 907 3141 946 3182; x_wconf 88' lang='lat' dir='ltr'><strong>ac</strong></span> <span class='ocrx_word' id='word_1_181' title='bbox 961 3119 1130 3202; x_wconf 89' lang='lat' dir='ltr'><strong>judicibus</strong></span> <span class='ocrx_word' id='word_1_182' title='bbox 1158 3121 1309 3188; x_wconf 90' lang='lat' dir='ltr'><strong>institue-</strong></span> 
     </span>
     <span class='ocr_line' id='line_1_24' title="bbox 53 3225 1310 3313; baseline 0.001 -18"><span class='ocrx_word' id='word_1_183' title='bbox 53 3231 189 3295; x_wconf 86' lang='lat' dir='ltr'><strong>bantur.</strong></span> <span class='ocrx_word' id='word_1_184' title='bbox 211 3225 335 3306; x_wconf 86' lang='lat' dir='ltr'><strong>Quales</strong></span> <span class='ocrx_word' id='word_1_185' title='bbox 351 3227 527 3313; x_wconf 88' lang='lat' dir='ltr'><strong>populares</strong></span> <span class='ocrx_word' id='word_1_186' title='bbox 550 3227 697 3292; x_wconf 89' lang='lat' dir='ltr'><strong>actiones</strong></span> <span class='ocrx_word' id='word_1_187' title='bbox 717 3234 812 3290; x_wconf 86' lang='lat' dir='ltr'><strong>erant</strong></span> <span class='ocrx_word' id='word_1_188' title='bbox 832 3243 924 3289; x_wconf 78' lang='lat' dir='ltr'><strong>annu</strong></span> <span class='ocrx_word' id='word_1_189' title='bbox 945 3243 1125 3310; x_wconf 68' lang='lat' dir='ltr'><strong>consuant,</strong></span> <span class='ocrx_word' id='word_1_190' title='bbox 1148 3245 1310 3296; x_wconf 77' lang='lat' dir='ltr'><strong>saronem</strong></span> 
     </span>
     <span class='ocr_line' id='line_1_25' title="bbox 53 3319 1311 3420; baseline -0.002 -17"><span class='ocrx_word' id='word_1_191' title='bbox 53 3353 207 3413; x_wconf 79' lang='lat' dir='ltr'><strong>vronnrr,</strong></span> <span class='ocrx_word' id='word_1_192' title='bbox 225 3353 363 3398; x_wconf 78' lang='lat' dir='ltr'><strong>nussum</strong></span> <span class='ocrx_word' id='word_1_193' title='bbox 385 3353 449 3399; x_wconf 80' lang='lat' dir='ltr'><strong>vnn</strong></span> <span class='ocrx_word' id='word_1_194' title='bbox 470 3351 601 3400; x_wconf 75' lang='lat' dir='ltr'><strong>ansusi:</strong></span> <span class='ocrx_word' id='word_1_195' title='bbox 623 3339 657 3399; x_wconf 83' lang='lat' dir='ltr'><em>L</em></span> <span class='ocrx_word' id='word_1_196' title='bbox 672 3335 722 3400; x_wconf 86' lang='grc'><strong>43.</strong></span> <span class='ocrx_word' id='word_1_197' title='bbox 738 3336 767 3418; x_wconf 83' lang='lat'><strong>§.</strong></span> <span class='ocrx_word' id='word_1_198' title='bbox 782 3333 812 3397; x_wconf 83' lang='lat'><strong>2.</strong></span> <span class='ocrx_word' id='word_1_199' title='bbox 829 3335 869 3396; x_wconf 81' lang='grc'><strong>1).</strong></span> <span class='ocrx_word' id='word_1_200' title='bbox 885 3335 923 3396; x_wconf 79' lang='lat' dir='ltr'><strong>do</strong></span> <span class='ocrx_word' id='word_1_201' title='bbox 938 3319 1071 3398; x_wconf 71' lang='lat' dir='ltr'><strong>Procur.</strong></span> <span class='ocrx_word' id='word_1_202' title='bbox 1086 3335 1123 3397; x_wconf 83' lang='lat' dir='ltr'><strong>L.</strong></span> <span class='ocrx_word' id='word_1_203' title='bbox 1141 3333 1171 3397; x_wconf 85' lang='lat'><strong>3.</strong></span> <span class='ocrx_word' id='word_1_204' title='bbox 1187 3338 1216 3420; x_wconf 65' lang='grc' dir='ltr'><strong>ς.</strong></span> <span class='ocrx_word' id='word_1_205' title='bbox 1230 3337 1260 3400; x_wconf 83' lang='grc'><strong>5.</strong></span> <span class='ocrx_word' id='word_1_206' title='bbox 1275 3347 1311 3402; x_wconf 86' lang='lat' dir='ltr'><strong>et</strong></span> 
     </span>
    </p>
   </div>
   <div class='ocr_carea' id='block_1_9' title="bbox 131 3556 1310 3625">
    <p class='ocr_par' dir='ltr' id='par_1_10' title="bbox 131 3556 1310 3625">
     <span class='ocr_line' id='line_1_26' title="bbox 131 3556 1310 3625; baseline 0.005 -16"><span class='ocrx_word' id='word_1_207' title='bbox 131 3557 162 3624; x_wconf 84' lang='lat' dir='ltr'><strong>a)</strong></span> <span class='ocrx_word' id='word_1_208' title='bbox 183 3557 226 3610; x_wconf 76' lang='lat' dir='ltr'><strong>nd</strong></span> <span class='ocrx_word' id='word_1_209' title='bbox 248 3557 405 3610; x_wconf 88' lang='lat' dir='ltr'><strong>universum</strong></span> <span class='ocrx_word' id='word_1_210' title='bbox 430 3557 464 3609; x_wconf 88' lang='lat' dir='ltr'><strong>dc</strong></span> <span class='ocrx_word' id='word_1_211' title='bbox 489 3557 606 3624; x_wconf 86' lang='lat' dir='ltr'><strong>publicis</strong></span> <span class='ocrx_word' id='word_1_212' title='bbox 627 3556 738 3625; x_wconf 87' lang='lat' dir='ltr'><strong>judiciis</strong></span> <span class='ocrx_word' id='word_1_213' title='bbox 763 3557 854 3610; x_wconf 90' lang='lat' dir='ltr'><strong>locum</strong></span> <span class='ocrx_word' id='word_1_214' title='bbox 878 3573 894 3608; x_wconf 89' lang='lat' dir='ltr'><strong>e</strong></span> <span class='ocrx_word' id='word_1_215' title='bbox 919 3574 1032 3610; x_wconf 90' lang='lat' dir='ltr'><strong>numero</strong></span> <span class='ocrx_word' id='word_1_216' title='bbox 1057 3558 1219 3624; x_wconf 90' lang='lat' dir='ltr'><strong>scriptorum</strong></span> <span class='ocrx_word' id='word_1_217' title='bbox 1243 3559 1310 3615; x_wconf 86' lang='lat' dir='ltr'><strong>Hei·</strong></span> 
     </span>
    </p>
   </div>
   <div class='ocr_carea' id='block_1_10' title="bbox 55 3641 1416 3712">
    <p class='ocr_par' dir='ltr' id='par_1_11' title="bbox 55 3641 1416 3712">
     <span class='ocr_line' id='line_1_27' title="bbox 55 3641 1416 3712; baseline 0.002 -13"><span class='ocrx_word' id='word_1_218' title='bbox 55 3641 156 3700; x_wconf 87' lang='lat' dir='ltr'><strong>neccio</strong></span> <span class='ocrx_word' id='word_1_219' title='bbox 179 3643 360 3694; x_wconf 85' lang='lat' dir='ltr'><strong>recentiorum</strong></span> <span class='ocrx_word' id='word_1_220' title='bbox 379 3643 548 3707; x_wconf 84' lang='lat' dir='ltr'><strong>spectantia</strong></span> <span class='ocrx_word' id='word_1_221' title='bbox 567 3641 662 3708; x_wconf 87' lang='lat' dir='ltr'><strong>primis</strong></span> <span class='ocrx_word' id='word_1_222' title='bbox 680 3645 821 3696; x_wconf 85' lang='lat' dir='ltr'><strong>Trekellus</strong></span> <span class='ocrx_word' id='word_1_223' title='bbox 840 3644 875 3696; x_wconf 83' lang='lat' dir='ltr'><strong>ad</strong></span> <span class='ocrx_word' id='word_1_224' title='bbox 893 3643 1026 3694; x_wconf 70' lang='lat' dir='ltr'><strong>Bmsaom&#39;i</strong></span> <span class='ocrx_word' id='word_1_225' title='bbox 1042 3643 1180 3712; x_wconf 79' lang='lat' dir='ltr'><strong>Antiquitt.</strong></span> <span class='ocrx_word' id='word_1_226' title='bbox 1195 3647 1231 3698; x_wconf 92' lang='lat' dir='ltr'><strong>ll.</strong></span> <span class='ocrx_word' id='word_1_227' title='bbox 1247 3654 1269 3700; x_wconf 93' lang='grc'><strong>1.</strong></span> <span class='ocrx_word' id='word_1_228' title='bbox 1281 3649 1309 3702; x_wconf 89' lang='lat' dir='ltr'><strong>in</strong></span> <span class='ocrx_word' id='word_1_229' title='bbox 1414 3643 1416 3650; x_wconf 72' lang='grc'><em>’</em></span> 
     </span>
    </p>
   </div>
   <div class='ocr_carea' id='block_1_11' title="bbox 55 3727 1392 4654">
    <p class='ocr_par' dir='ltr' id='par_1_12' title="bbox 55 3727 1392 4654">
     <span class='ocr_line' id='line_1_28' title="bbox 55 3727 1309 3810; baseline 0 -24"><span class='ocrx_word' id='word_1_230' title='bbox 55 3727 200 3786; x_wconf 86' lang='lat' dir='ltr'><strong>Brissonii</strong></span> <span class='ocrx_word' id='word_1_231' title='bbox 222 3727 291 3796; x_wconf 85' lang='lat' dir='ltr'><strong>Opp.</strong></span> <span class='ocrx_word' id='word_1_232' title='bbox 309 3729 371 3780; x_wconf 79' lang='lat' dir='ltr'><strong>min.</strong></span> <span class='ocrx_word' id='word_1_233' title='bbox 384 3743 416 3810; x_wconf 59' lang='lat' dir='ltr'><strong>xp.</strong></span> <span class='ocrx_word' id='word_1_234' title='bbox 433 3731 545 3783; x_wconf 75' lang='lat' dir='ltr'><strong>:tu-us.</strong></span> <span class='ocrx_word' id='word_1_235' title='bbox 562 3728 683 3782; x_wconf 84' lang='lat' dir='ltr'><strong>Baebius</strong></span> <span class='ocrx_word' id='word_1_236' title='bbox 701 3729 738 3782; x_wconf 83' lang='lat' dir='ltr'><strong>H.</strong></span> <span class='ocrx_word' id='word_1_237' title='bbox 756 3729 784 3779; x_wconf 91' lang='lat' dir='ltr'><strong>J.</strong></span> <span class='ocrx_word' id='word_1_238' title='bbox 800 3729 837 3782; x_wconf 88' lang='lat'><strong>11.</strong></span> <span class='ocrx_word' id='word_1_239' title='bbox 854 3733 987 3790; x_wconf 81' lang='lat' dir='ltr'><strong>1,2s.24.</strong></span> <span class='ocrx_word' id='word_1_240' title='bbox 1004 3728 1079 3784; x_wconf 84' lang='lat' dir='ltr'><strong>Frid.</strong></span> <span class='ocrx_word' id='word_1_241' title='bbox 1097 3730 1174 3784; x_wconf 76' lang='lat' dir='ltr'><strong>Sami</strong></span> <span class='ocrx_word' id='word_1_242' title='bbox 1194 3733 1263 3786; x_wconf 66' lang='lat' dir='ltr'><strong>Dus.</strong></span> <span class='ocrx_word' id='word_1_243' title='bbox 1278 3733 1309 3786; x_wconf 76' lang='lat' dir='ltr'><strong>de</strong></span> 
     </span>
     <span class='ocr_line' id='line_1_29' title="bbox 58 3803 1310 3884; baseline 0.002 -16"><span class='ocrx_word' id='word_1_244' title='bbox 58 3815 156 3868; x_wconf 84' lang='lat' dir='ltr'><strong>ordine</strong></span> <span class='ocrx_word' id='word_1_245' title='bbox 166 3814 332 3884; x_wconf 81' lang='lat' dir='ltr'><strong>judiciorum</strong></span> <span class='ocrx_word' id='word_1_246' title='bbox 348 3809 514 3879; x_wconf 81' lang='lat' dir='ltr'><strong>publicorum</strong></span> <span class='ocrx_word' id='word_1_247' title='bbox 533 3803 605 3882; x_wconf 70' lang='lat' dir='ltr'><strong>opud</strong></span> <span class='ocrx_word' id='word_1_248' title='bbox 624 3815 766 3866; x_wconf 81' lang='lat' dir='ltr'><strong>Romanos.</strong></span> <span class='ocrx_word' id='word_1_249' title='bbox 786 3812 859 3879; x_wconf 84' lang='lat' dir='ltr'><strong>ij.</strong></span> <span class='ocrx_word' id='word_1_250' title='bbox 879 3814 913 3866; x_wconf 87' lang='lat' dir='ltr'><strong>ad</strong></span> <span class='ocrx_word' id='word_1_251' title='bbox 931 3815 984 3868; x_wconf 88' lang='lat' dir='ltr'><strong>Rh.</strong></span> <span class='ocrx_word' id='word_1_252' title='bbox 1000 3819 1075 3870; x_wconf 85' lang='grc'><strong>1784.</strong></span> <span class='ocrx_word' id='word_1_253' title='bbox 1094 3821 1119 3870; x_wconf 92' lang='grc'><strong>4.</strong></span> <span class='ocrx_word' id='word_1_254' title='bbox 1133 3817 1204 3871; x_wconf 91' lang='lat' dir='ltr'><strong>Phil.</strong></span> <span class='ocrx_word' id='word_1_255' title='bbox 1219 3819 1310 3872; x_wconf 85' lang='lat' dir='ltr'><strong>Inver-</strong></span> 
     </span>
     <span class='ocr_line' id='line_1_30' title="bbox 57 3895 1382 3968; baseline 0.005 -18"><span class='ocrx_word' id='word_1_256' title='bbox 57 3897 130 3954; x_wconf 74' lang='lat' dir='ltr'><strong>ninii</strong></span> <span class='ocrx_word' id='word_1_257' title='bbox 148 3897 179 3948; x_wconf 81' lang='lat' dir='ltr'><strong>de</strong></span> <span class='ocrx_word' id='word_1_258' title='bbox 198 3895 310 3965; x_wconf 78' lang='lat' dir='ltr'><strong>publicis</strong></span> <span class='ocrx_word' id='word_1_259' title='bbox 328 3905 353 3948; x_wconf 79' lang='lat' dir='ltr'><strong>ct</strong></span> <span class='ocrx_word' id='word_1_260' title='bbox 371 3895 550 3950; x_wconf 79' lang='lat' dir='ltr'><strong>criminalibus</strong></span> <span class='ocrx_word' id='word_1_261' title='bbox 565 3899 676 3968; x_wconf 78' lang='lat' dir='ltr'><strong>judiciis</strong></span> <span class='ocrx_word' id='word_1_262' title='bbox 693 3897 769 3950; x_wconf 79' lang='lat' dir='ltr'><strong>Libri</strong></span> <span class='ocrx_word' id='word_1_263' title='bbox 783 3899 840 3951; x_wconf 94' lang='grc' dir='ltr'><strong>ΙΙΙ.</strong></span> <span class='ocrx_word' id='word_1_264' title='bbox 864 3900 944 3952; x_wconf 88' lang='lat' dir='ltr'><strong>Rom.</strong></span> <span class='ocrx_word' id='word_1_265' title='bbox 970 3905 1043 3954; x_wconf 83' lang='grc'><strong>1787.</strong></span> <span class='ocrx_word' id='word_1_266' title='bbox 1062 3906 1087 3955; x_wconf 88' lang='grc'><strong>4.</strong></span> <span class='ocrx_word' id='word_1_267' title='bbox 1113 3903 1211 3956; x_wconf 83' lang='lat' dir='ltr'><strong>Christ</strong></span> <span class='ocrx_word' id='word_1_268' title='bbox 1231 3906 1309 3958; x_wconf 90' lang='lat' dir='ltr'><strong>Glob.</strong></span> <span class='ocrx_word' id='word_1_269' title='bbox 1377 3961 1382 3965; x_wconf 67' lang='grc'><strong>,</strong></span> 
     </span>
     <span class='ocr_line' id='line_1_31' title="bbox 58 3980 1309 4054; baseline 0.005 -19"><span class='ocrx_word' id='word_1_270' title='bbox 58 3981 167 4049; x_wconf 76' lang='lat' dir='ltr'><strong>Heynii</strong></span> <span class='ocrx_word' id='word_1_271' title='bbox 187 3983 239 4034; x_wconf 80' lang='lat' dir='ltr'><strong>Pr.</strong></span> <span class='ocrx_word' id='word_1_272' title='bbox 258 3981 282 4033; x_wconf 86' lang='lat' dir='ltr'><strong>I.</strong></span> <span class='ocrx_word' id='word_1_273' title='bbox 302 3981 342 4034; x_wconf 89' lang='lat'><strong>11.</strong></span> <span class='ocrx_word' id='word_1_274' title='bbox 369 3982 400 4032; x_wconf 83' lang='lat' dir='ltr'><strong>de</strong></span> <span class='ocrx_word' id='word_1_275' title='bbox 410 3980 574 4048; x_wconf 68' lang='lat' dir='ltr'><strong>pisciculorum</strong></span> <span class='ocrx_word' id='word_1_276' title='bbox 589 3982 757 4050; x_wconf 77' lang='lat' dir='ltr'><strong>publicorum</strong></span> <span class='ocrx_word' id='word_1_277' title='bbox 775 3983 877 4034; x_wconf 77' lang='lat' dir='ltr'><strong>ratione</strong></span> <span class='ocrx_word' id='word_1_278' title='bbox 891 3993 916 4036; x_wconf 80' lang='lat' dir='ltr'><strong>ct</strong></span> <span class='ocrx_word' id='word_1_279' title='bbox 934 3986 1025 4038; x_wconf 76' lang='lat' dir='ltr'><strong>ordine</strong></span> <span class='ocrx_word' id='word_1_280' title='bbox 1043 3987 1116 4054; x_wconf 83' lang='lat' dir='ltr'><strong>apud</strong></span> <span class='ocrx_word' id='word_1_281' title='bbox 1133 3988 1267 4042; x_wconf 80' lang='lat' dir='ltr'><strong>Romanos</strong></span> <span class='ocrx_word' id='word_1_282' title='bbox 1284 3998 1309 4041; x_wconf 87' lang='lat' dir='ltr'><strong>et</strong></span> 
     </span>
     <span class='ocr_line' id='line_1_32' title="bbox 64 4064 1373 4138; baseline 0.002 -14"><span class='ocrx_word' id='word_1_283' title='bbox 64 4073 194 4124; x_wconf 71' lang='lat' dir='ltr'><strong>Graecos,</strong></span> <span class='ocrx_word' id='word_1_284' title='bbox 213 4067 288 4123; x_wconf 79' lang='lat' dir='ltr'><strong>Gott,</strong></span> <span class='ocrx_word' id='word_1_285' title='bbox 309 4071 382 4138; x_wconf 76' lang='grc'><strong>1788.</strong></span> <span class='ocrx_word' id='word_1_286' title='bbox 400 4069 474 4120; x_wconf 89' lang='grc'><strong>1789.</strong></span> <span class='ocrx_word' id='word_1_287' title='bbox 492 4065 510 4116; x_wconf 84' lang='lat' dir='ltr'><strong>t.</strong></span> <span class='ocrx_word' id='word_1_288' title='bbox 525 4069 553 4115; x_wconf 81' lang='lat' dir='ltr'><strong>et</strong></span> <span class='ocrx_word' id='word_1_289' title='bbox 569 4064 597 4118; x_wconf 92' lang='lat' dir='ltr'><strong>in</strong></span> <span class='ocrx_word' id='word_1_290' title='bbox 621 4067 732 4138; x_wconf 85' lang='lat' dir='ltr'><strong>Opuscc.</strong></span> <span class='ocrx_word' id='word_1_291' title='bbox 751 4070 813 4122; x_wconf 88' lang='lat' dir='ltr'><strong>Vol.</strong></span> <span class='ocrx_word' id='word_1_292' title='bbox 826 4069 874 4122; x_wconf 90' lang='lat' dir='ltr'><strong>IV.</strong></span> <span class='ocrx_word' id='word_1_293' title='bbox 892 4084 919 4135; x_wconf 87' lang='lat' dir='ltr'><strong>p.</strong></span> <span class='ocrx_word' id='word_1_294' title='bbox 936 4075 1048 4126; x_wconf 77' lang='lat'>49—90.</span> <span class='ocrx_word' id='word_1_295' title='bbox 1066 4078 1093 4122; x_wconf 89' lang='lat' dir='ltr'><strong>et</strong></span> <span class='ocrx_word' id='word_1_296' title='bbox 1110 4070 1170 4124; x_wconf 78' lang='lat' dir='ltr'><strong>lac.</strong></span> <span class='ocrx_word' id='word_1_297' title='bbox 1186 4075 1244 4126; x_wconf 89' lang='lat' dir='ltr'><strong>Pet.</strong></span> <span class='ocrx_word' id='word_1_298' title='bbox 1256 4089 1308 4126; x_wconf 83' lang='lat' dir='ltr'><strong>van</strong></span> <span class='ocrx_word' id='word_1_299' title='bbox 1367 4104 1373 4111; x_wconf 79' lang='lat'><em>—</em></span> 
     </span>
     <span class='ocr_line' id='line_1_33' title="bbox 60 4150 1309 4223; baseline 0.002 -13"><span class='ocrx_word' id='word_1_300' title='bbox 60 4155 177 4210; x_wconf 83' lang='lat' dir='ltr'><strong>Walree</strong></span> <span class='ocrx_word' id='word_1_301' title='bbox 197 4153 268 4206; x_wconf 77' lang='lat' dir='ltr'><strong>Dias.</strong></span> <span class='ocrx_word' id='word_1_302' title='bbox 285 4153 317 4212; x_wconf 79' lang='lat' dir='ltr'><strong>de</strong></span> <span class='ocrx_word' id='word_1_303' title='bbox 335 4152 443 4220; x_wconf 78' lang='lat' dir='ltr'><strong>antiqua</strong></span> <span class='ocrx_word' id='word_1_304' title='bbox 452 4150 528 4221; x_wconf 78' lang='lat' dir='ltr'><strong>juria</strong></span> <span class='ocrx_word' id='word_1_305' title='bbox 541 4151 673 4216; x_wconf 80' lang='lat' dir='ltr'><strong>puniendi</strong></span> <span class='ocrx_word' id='word_1_306' title='bbox 690 4155 836 4208; x_wconf 78' lang='lat' dir='ltr'><strong>conditione</strong></span> <span class='ocrx_word' id='word_1_307' title='bbox 855 4156 927 4223; x_wconf 85' lang='lat' dir='ltr'><strong>apud</strong></span> <span class='ocrx_word' id='word_1_308' title='bbox 944 4156 1088 4208; x_wconf 78' lang='lat' dir='ltr'><strong>Romanoa.</strong></span> <span class='ocrx_word' id='word_1_309' title='bbox 1104 4157 1136 4208; x_wconf 88' lang='lat' dir='ltr'><strong>L.</strong></span> <span class='ocrx_word' id='word_1_310' title='bbox 1149 4159 1181 4211; x_wconf 87' lang='lat' dir='ltr'><strong>B.</strong></span> <span class='ocrx_word' id='word_1_311' title='bbox 1198 4163 1270 4212; x_wconf 77' lang='lat'><strong>1820.</strong></span> <span class='ocrx_word' id='word_1_312' title='bbox 1284 4162 1309 4212; x_wconf 90' lang='grc'><strong>8.</strong></span> 
     </span>
     <span class='ocr_line' id='line_1_34' title="bbox 61 4234 1309 4309; baseline 0.002 -16"><span class='ocrx_word' id='word_1_313' title='bbox 61 4242 99 4293; x_wconf 88' lang='lat' dir='ltr'><strong>de</strong></span> <span class='ocrx_word' id='word_1_314' title='bbox 117 4237 317 4305; x_wconf 81' lang='lat' dir='ltr'><strong>antiquioribus</strong></span> <span class='ocrx_word' id='word_1_315' title='bbox 335 4253 416 4301; x_wconf 86' lang='lat' dir='ltr'><strong>vero,</strong></span> <span class='ocrx_word' id='word_1_316' title='bbox 440 4237 488 4290; x_wconf 85' lang='lat' dir='ltr'><strong>sed</strong></span> <span class='ocrx_word' id='word_1_317' title='bbox 506 4251 523 4288; x_wconf 83' lang='lat' dir='ltr'><strong>a</strong></span> <span class='ocrx_word' id='word_1_318' title='bbox 541 4236 643 4290; x_wconf 87' lang='lat' dir='ltr'><strong>Nostro</strong></span> <span class='ocrx_word' id='word_1_319' title='bbox 668 4239 813 4306; x_wconf 60' lang='lat' dir='ltr'><strong>nogienis,</strong></span> <span class='ocrx_word' id='word_1_320' title='bbox 841 4235 955 4294; x_wconf 82' lang='lat' dir='ltr'><strong>Ferratii</strong></span> <span class='ocrx_word' id='word_1_321' title='bbox 973 4237 1054 4290; x_wconf 70' lang='lat' dir='ltr'><strong>ouer</strong></span> <span class='ocrx_word' id='word_1_322' title='bbox 1073 4239 1097 4290; x_wconf 88' lang='lat' dir='ltr'><em>L</em></span> <span class='ocrx_word' id='word_1_323' title='bbox 1123 4234 1309 4309; x_wconf 74' lang='lat' dir='ltr'><strong>Epistularum,</strong></span> 
     </span>
     <span class='ocr_line' id='line_1_35' title="bbox 64 4321 1310 4394; baseline 0.002 -18"><span class='ocrx_word' id='word_1_324' title='bbox 64 4337 185 4393; x_wconf 75' lang='lat' dir='ltr'><strong>quarum</strong></span> <span class='ocrx_word' id='word_1_325' title='bbox 202 4331 256 4376; x_wconf 75' lang='lat' dir='ltr'><strong>tres</strong></span> <span class='ocrx_word' id='word_1_326' title='bbox 270 4321 348 4378; x_wconf 80' lang='lat' dir='ltr'><strong>Libri</strong></span> <span class='ocrx_word' id='word_1_327' title='bbox 357 4323 463 4389; x_wconf 72' lang='lat' dir='ltr'><strong>priores</strong></span> <span class='ocrx_word' id='word_1_328' title='bbox 477 4322 536 4389; x_wconf 79' lang='lat' dir='ltr'><strong>jam</strong></span> <span class='ocrx_word' id='word_1_329' title='bbox 549 4323 643 4374; x_wconf 81' lang='lat' dir='ltr'><strong>Patuv.</strong></span> <span class='ocrx_word' id='word_1_330' title='bbox 664 4327 740 4379; x_wconf 90' lang='grc'><strong>1699.</strong></span> <span class='ocrx_word' id='word_1_331' title='bbox 759 4328 784 4378; x_wconf 88' lang='grc'><strong>8.</strong></span> <span class='ocrx_word' id='word_1_332' title='bbox 802 4326 975 4390; x_wconf 85' lang='lat' dir='ltr'><strong>prodierant,</strong></span> <span class='ocrx_word' id='word_1_333' title='bbox 992 4322 1099 4390; x_wconf 79' lang='lat' dir='ltr'><strong>repetiti</strong></span> <span class='ocrx_word' id='word_1_334' title='bbox 1118 4329 1213 4390; x_wconf 78' lang='lat' dir='ltr'><strong>posteo</strong></span> <span class='ocrx_word' id='word_1_335' title='bbox 1229 4331 1310 4394; x_wconf 85' lang='lat' dir='ltr'><strong>atquc</strong></span> 
     </span>
     <span class='ocr_line' id='line_1_36' title="bbox 61 4406 1392 4480; baseline 0.003 -20"><span class='ocrx_word' id='word_1_336' title='bbox 61 4407 140 4460; x_wconf 88' lang='lat' dir='ltr'><strong>aucti</strong></span> <span class='ocrx_word' id='word_1_337' title='bbox 153 4406 237 4460; x_wconf 78' lang='lat' dir='ltr'><strong>Libro</strong></span> <span class='ocrx_word' id='word_1_338' title='bbox 258 4408 382 4460; x_wconf 84' lang='lat' dir='ltr'><strong>lv-vl.</strong></span> <span class='ocrx_word' id='word_1_339' title='bbox 400 4408 497 4460; x_wconf 88' lang='lat' dir='ltr'><strong>Venet.</strong></span> <span class='ocrx_word' id='word_1_340' title='bbox 518 4412 592 4462; x_wconf 82' lang='lat'>17³8.</span> <span class='ocrx_word' id='word_1_341' title='bbox 605 4412 630 4461; x_wconf 87' lang='grc'><strong>4.</strong></span> <span class='ocrx_word' id='word_1_342' title='bbox 648 4407 736 4462; x_wconf 84' lang='lat' dir='ltr'><strong>Huub.</strong></span> <span class='ocrx_word' id='word_1_343' title='bbox 755 4411 788 4464; x_wconf 86' lang='lat' dir='ltr'><strong>E.</strong></span> <span class='ocrx_word' id='word_1_344' title='bbox 807 4413 839 4464; x_wconf 91' lang='grc' dir='ltr'><strong>Β.</strong></span> <span class='ocrx_word' id='word_1_345' title='bbox 857 4407 1045 4464; x_wconf 81' lang='lat' dir='ltr'><strong>Schmiediokc</strong></span> <span class='ocrx_word' id='word_1_346' title='bbox 1064 4409 1105 4460; x_wconf 80' lang='lat' dir='ltr'><strong>De</strong></span> <span class='ocrx_word' id='word_1_347' title='bbox 1124 4410 1232 4462; x_wconf 68' lang='lat' dir='ltr'><strong>distorta</strong></span> <span class='ocrx_word' id='word_1_348' title='bbox 1246 4429 1311 4480; x_wconf 86' lang='lat' dir='ltr'><strong>pro-</strong></span> <span class='ocrx_word' id='word_1_349' title='bbox 1388 4443 1392 4450; x_wconf 90' lang='lat'><strong>·</strong></span> 
     </span>
     <span class='ocr_line' id='line_1_37' title="bbox 62 4491 1311 4562; baseline 0.003 -16"><span class='ocrx_word' id='word_1_350' title='bbox 62 4507 154 4548; x_wconf 76' lang='lat' dir='ltr'><strong>cessus</strong></span> <span class='ocrx_word' id='word_1_351' title='bbox 179 4493 323 4546; x_wconf 61' lang='lat' dir='ltr'><strong>criminatu</strong></span> <span class='ocrx_word' id='word_1_352' title='bbox 349 4493 533 4547; x_wconf 86' lang='lat' dir='ltr'><strong>Romanorum</strong></span> <span class='ocrx_word' id='word_1_353' title='bbox 550 4512 643 4548; x_wconf 82' lang='lat' dir='ltr'><strong>comm.</strong></span> <span class='ocrx_word' id='word_1_354' title='bbox 670 4494 695 4548; x_wconf 93' lang='lat' dir='ltr'><strong>I.</strong></span> <span class='ocrx_word' id='word_1_355' title='bbox 719 4495 761 4546; x_wconf 82' lang='lat' dir='ltr'><strong>De</strong></span> <span class='ocrx_word' id='word_1_356' title='bbox 779 4495 890 4562; x_wconf 74' lang='lat' dir='ltr'><strong>judiciis</strong></span> <span class='ocrx_word' id='word_1_357' title='bbox 912 4491 1090 4545; x_wconf 60' lang='lat' dir='ltr'><strong>criminalibus</strong></span> <span class='ocrx_word' id='word_1_358' title='bbox 1111 4495 1172 4548; x_wconf 76' lang='lat' dir='ltr'><strong>iude</strong></span> <span class='ocrx_word' id='word_1_359' title='bbox 1189 4495 1221 4550; x_wconf 79' lang='lat' dir='ltr'><strong>ab</strong></span> <span class='ocrx_word' id='word_1_360' title='bbox 1238 4497 1311 4550; x_wconf 74' lang='lat' dir='ltr'><strong>urbu&#39;e</strong></span> 
     </span>
     <span class='ocr_line' id='line_1_38' title="bbox 63 4569 1101 4654; baseline 0.003 -24"><span class='ocrx_word' id='word_1_361' title='bbox 63 4577 168 4646; x_wconf 68' lang='lat' dir='ltr'><strong>orimus</strong></span> <span class='ocrx_word' id='word_1_362' title='bbox 186 4592 267 4645; x_wconf 77' lang='lat' dir='ltr'><strong>usque</strong></span> <span class='ocrx_word' id='word_1_363' title='bbox 285 4569 322 4630; x_wconf 78' lang='lat' dir='ltr'><strong>ad</strong></span> <span class='ocrx_word' id='word_1_364' title='bbox 338 4577 517 4647; x_wconf 76' lang='lat' dir='ltr'><strong>quaestionum</strong></span> <span class='ocrx_word' id='word_1_365' title='bbox 529 4589 724 4650; x_wconf 79' lang='lat' dir='ltr'><strong>perpetuarum</strong></span> <span class='ocrx_word' id='word_1_366' title='bbox 740 4588 851 4634; x_wconf 76' lang='lat' dir='ltr'><strong>oetatem</strong></span> <span class='ocrx_word' id='word_1_367' title='bbox 869 4579 997 4636; x_wconf 66' lang='lat' dir='ltr'><strong>exarcum.</strong></span> <span class='ocrx_word' id='word_1_368' title='bbox 1014 4578 1101 4654; x_wconf 59' lang='lat' dir='ltr'><strong>Mitt.</strong></span> 
     </span>
    </p>
   </div>
   <div class='ocr_carea' id='block_1_12' title="bbox 0 0 1553 5168">
    <p class='ocr_par' dir='ltr' id='par_1_13' title="bbox 0 0 1553 5168">
     <span class='ocr_line' id='line_1_39' title="bbox 0 0 1553 5168; baseline 0 0"><span class='ocrx_word' id='word_1_369' title='bbox 0 0 1553 5168; x_wconf 95' lang='lat' dir='ltr'><strong> </strong></span> 
     </span>
    </p>
   </div>
  </div>
 </body>
</html>
