3030 5160
215 379 287 446 m
612 369 1067 460 mmmmm

141 621 146 628 ,
215 550 324 633 capite
340 547 550 631 proiectaest
561 549 724 612 bonorum
732 546 906 630 possessio,
922 546 965 610 de
975 567 1041 630 qua
1054 547 1460 616 ValeriusMax.V11.7.5.

216 657 360 734 Quartus
375 655 495 740 gradus
511 662 584 718 erat
596 672 688 720 uuus
706 671 862 718 coenam.
883 653 1090 738 Quamquam
1107 656 1195 720 cuim
1210 656 1271 720 hos
1285 679 1351 722 non
1366 681 1460 724 voca·

216 765 297 834 hant
310 764 406 847 leges
419 763 495 826 ΧΠ
510 761 731 826 Tabularum:
752 762 789 824 L.
804 760 834 823 1.
847 783 899 844 pr.
914 764 955 826 D.
973 763 1063 824 Unde
1074 783 1163 844 cogn.
1174 765 1343 846 proximos
1357 774 1460 830 tamen

214 893 331 935 eorum
351 871 494 934 vocabat
518 871 669 945 Praetor,
694 868 801 952 iisque
829 868 929 932 etiam
951 867 1157 932 adcensebat
1168 869 1336 953 adgnatos
1358 873 1460 958 capite

216 979 374 1042 minutos:
389 977 527 1062 Ulpiani
535 979 667 1059 Fragm.
675 977 745 1038 XX
746 975 868 1040 Vuis.
884 976 1011 1054 Quinto
1022 993 1193 1052 asnensis
1204 995 1250 1042 ns
1265 995 1407 1044 aaronis
1419 986 1460 1060 ⁸),

214 1086 419 1150 uocabantur
436 1085 572 1168 adgnati
586 1091 811 1168 patronorum,
833 1083 951 1168 quibus
966 1075 1047 1148 alias
1063 1083 1251 1167 exlegibus
1265 1085 1338 1150 Xll
1355 1086 1461 1150 Tabu-

214 1194 320 1258 larum
335 1213 403 1256 non
417 1191 604 1255 debebatur
618 1191 779 1254 successio
795 1191 828 1254 in
845 1190 941 1253 bonis
954 1190 1165 1255 libertorum:
1187 1192 1327 1276 Ulpiani
1339 1195 1460 1275 diegus

215 1303 376 1363 XXVIII.
387 1301 418 1363 7.
439 1300 559 1362 Sextus
586 1315 755 1380 carnoso,
778 1314 956 1362 carnosus
980 1298 1222 1364 inscribebatur
1236 1305 1281 1381 ¹).
1311 1299 1460 1376 Quamvis

215 1409 302 1472 enim
319 1407 396 1471 satis
410 1406 569 1470 hactenus
585 1415 713 1470 cautum
730 1405 900 1469 rideretur
910 1409 1057 1488 patronis
1073 1429 1255 1491 eorumque
1270 1406 1399 1488 liberis,
1412 1409 1460 1491 qui

217 1521 312 1579 eraut
326 1515 361 1577 in
377 1514 519 1578 familia:
535 1514 645 1578 denuo
661 1523 772 1578 tamen
784 1534 841 1576 eos
857 1513 1025 1578 vocandos
1041 1515 1168 1579 censuit
1178 1515 1333 1590 Praetor,
1344 1515 1372 1578 si
1383 1515 1459 1578 forte

214 1631 365 1706 tempore
381 1622 437 1686 vel
451 1621 684 1705 repudiatione
700 1621 822 1684 factum
839 1629 934 1696 esset,
943 1641 1009 1704 quo
1025 1621 1128 1686 miuus
1138 1642 1181 1684 ex
1192 1601 1459 1705 praecedentibus

102 1761 109 1774 =
215 1730 362 1815 partibus
379 1729 482 1792 edicti
496 1728 610 1792 venire
625 1735 769 1812 possent.
791 1727 881 1805 Quin
897 1728 1014 1792 eadem
1030 1729 1130 1816 edicti
1146 1738 1242 1813 parte
1265 1724 1459 1794 vocabantur

217 1839 317 1900 etiam
332 1837 431 1900 liberi
447 1843 659 1920 patronorum
675 1836 884 1918 emancipati,
902 1836 985 1898 etin
1001 1836 1216 1919 adoptionem
1234 1837 1318 1920 dati,
1334 1859 1457 1902 necnon

215 1954 429 2028 patronorum
455 1951 620 2026 parentes,
641 1963 778 2026 quorum
802 1943 947 2006 omnium
972 1942 1064 2007 nulla
1087 1943 1215 2026 injure
1239 1945 1334 2008 civili
1351 1945 1457 2008 'habita

215 2052 324 2114 fuerat
338 2051 435 2114 ratio.
462 2050 540 2114 Vid.
555 2050 762 2133 Theophilus
785 2052 830 2112 od
850 2051 878 2130 §.
894 2052 923 2111 1.
939 2051 1017 2112 Inst.
1035 2052 1064 2112 h.
1083 2059 1103 2112 t.
1126 2051 1353 2135 Schultingius
1366 2054 1457 2113 Jorr's·
1509 2118 1510 2134 ,

211 2160 306 2241 prod.
324 2167 383 2222 oet.
398 2161 592 2241 Antejostio.
603 2179 637 2240 p.
647 2157 719 2220 673.
741 2156 841 2220 Unde
856 2177 923 2220 non
941 2165 1000 2233 cst,
1016 2158 1106 2242 quod
1122 2159 1284 2244 mirentur
1298 2160 1353 2222 Fr.
1360 2159 1458 2221 Hoto
1509 2183 1510 2188 ¹

216 2288 338 2346 manue,
364 2267 567 2347 Bachovius,
592 2265 673 2329 Arn.
696 2264 837 2327 Vinnius
866 2265 991 2348 aliique
1012 2265 1075 2328 viri
1100 2266 1293 2349 doctissimi,
1316 2268 1415 2330 toties
1430 2267 1456 2328 in

216 2375 329 2438 edicto
339 2374 510 2438 Praetoris
525 2382 683 2457 patronos
692 2373 733 2436 ad
742 2371 904 2435 bonoram
917 2373 1155 2456 possessionem
1166 2373 1289 2438 vocari.
1306 2374 1458 2460 Septimus

215 2481 335 2566 gradus
356 2487 405 2544 est
428 2499 521 2545 uuus
544 2498 602 2544 vrn
623 2497 667 2543 ns
687 2497 790 2544 uxon.
818 2480 976 2557 Quamvis
1001 2481 1088 2544 enim
1113 2481 1284 2544 Praetoris
1307 2481 1457 2545 besselicio

216 2589 295 2653 olim
312 2609 393 2672 opus
408 2588 498 2651 baud
518 2596 589 2651 erat
605 2588 811 2671 conjugibus,
835 2607 939 2688 quum
957 2589 1092 2671 nuptiae
1107 2589 1228 2653 fierent
1243 2587 1299 2651 vel
1316 2610 1380 2673 per
1394 2610 1459 2650 con·
1510 2627 1511 2658 a

216 2697 461 2775 sarmationem,
478 2693 531 2757 vel
547 2715 608 2776 per
625 2695 858 2775 coemtionem,
878 2693 932 2756 vel
949 2717 1010 2778 per
1026 2716 1127 2777 usuro,
1148 2695 1313 2780 siquidem
1330 2705 1409 2761 tunc
1421 2693 1458 2758 vir
1510 2701 1511 2706 ’

182 2803 184 2810 ’
216 2803 326 2868 omnia
348 2804 459 2865 uxoris
481 2803 571 2864 bona
594 2801 680 2866 dotis
703 2801 837 2864 nomine
862 2801 1029 2886 capiebat,
1054 2823 1139 2868 uxor
1160 2824 1241 2866 vero
1265 2807 1386 2868 marito
1402 2813 1458 2867 erat

215 2913 312 2974 heres
322 2932 380 2974 sua
399 2908 492 2987 (vide
508 2929 605 2992 supra
621 2910 724 2974 nul.
742 2910 848 2972 stis.
861 2911 890 2992 §.
901 2909 931 2971 6.
943 2909 990 2991 7.)
1003 2934 1011 2971 r
1025 2930 1161 2994 magnus
1177 2917 1290 2974 tamen
1300 2921 1375 2976 erat
1385 2911 1457 2974 illius

215 3041 301 3099 usus,
318 3037 361 3079 ex
378 3037 444 3100 quo
460 3017 599 3080 rariores
616 3037 687 3080 esse
714 3023 896 3102 coeperant
916 3017 968 3080 illi
987 3018 1172 3102 nuptiarum
1194 3017 1286 3082 ritus.
1316 3020 1456 3083 Ceterum

121 3138 123 3142 '
217 3149 260 3190 ex
275 3125 338 3188 hoc
350 3125 461 3188 edicto
476 3125 525 3187 vir
539 3126 635 3189 uxori
647 3124 836 3206 intestatae,
852 3133 886 3189 et
901 3146 986 3189 uxor
1001 3127 1071 3188 viro
1087 3126 1246 3188 intestato
1257 3127 1456 3204 succedebat,

216 3236 355 3300 sinemo
372 3242 468 3314 esset,
486 3233 542 3317 qui
562 3253 606 3296 ex
626 3231 845 3296 anterioribus
868 3231 1024 3318 gradibus
1044 3233 1086 3296 ad
1110 3234 1272 3297 bonorum
1290 3233 1456 3319 possessio-

204 3365 291 3416 nem
306 3349 495 3406 vocaretur:
516 3340 725 3425 Theophilus
738 3341 821 3421 od§.
839 3340 868 3401 1.
891 3342 968 3404 lost.
984 3343 1013 3402 Ιι.
1029 3349 1050 3401 t.
1073 3341 1202 3404 Octavo
1226 3341 1378 3429 danique
1393 3342 1454 3406 loco

128 3507 130 3512 ,
215 3452 418 3514 vocabantur
433 3465 579 3512 cochsl
596 3463 858 3512 illustrissimis.
874 3447 999 3511 Vocari
1016 3448 1102 3510 euim
1120 3449 1161 3512 ad
1177 3449 1266 3513 bona
1280 3448 1346 3514 filii
1360 3469 1456 3514 eman·

169 3585 172 3590 ·
217 3556 318 3642 cipati
333 3557 598 3620 manumissorem
614 3566 751 3640 patrem,
763 3557 898 3640 ejusque
914 3555 1076 3638 adgnatos
1090 3562 1128 3617 ‘et
1143 3564 1316 3641 cognatos,
1325 3579 1388 3620 nec
1401 3575 1454 3618 uon

72 3753 80 3760 ι
161 3715 164 3720 «
215 3674 389 3752 patronum
404 3665 546 3749 patroni,
570 3665 698 3728 etiamsi
719 3666 831 3748 isipse
853 3663 1027 3728 libertinus
1048 3671 1145 3744 esset,
1165 3664 1268 3728 tradit
1283 3665 1455 3748 Imperator

215 3774 250 3836 in
266 3773 395 3856 saepius
409 3768 545 3837 laudata
558 3777 775 3835 constitutione
788 3774 826 3834 de
840 3775 1035 3834 successione
1049 3772 1241 3844 laboriosum,
1262 3793 1353 3856 quae
1364 3775 1455 3836 exstat

217 3881 249 3945 in
266 3882 411 3943 Bassiano
430 3879 510 3941 Tbm.
530 3880 582 3940 VI.
598 3900 631 3961 p.
646 3878 717 3940 595.

283 4063 317 4129 u)
339 4062 390 4116 Vel
406 4061 497 4126 potius
518 4075 575 4113 run
599 4073 671 4116 ausu
700 4074 734 4111 ax
761 4073 876 4112 runicis.
902 4057 1002 4113 Omnia
1026 4057 1098 4110 enim
1116 4060 1183 4110 haec
1205 4074 1306 4124 genera
1335 4060 1455 4113 bonorum

214 4148 420 4218 possessionum
438 4145 548 4198 nomina
566 4160 582 4196 a
601 4143 713 4196 vocibus
731 4133 880 4197 initialibus
899 4141 1018 4210 capitum
1037 4141 1117 4196 edicti
1135 4143 1231 4195 sortita
1243 4150 1326 4196 sont:
1340 4141 1455 4210 capsus

216 4237 251 4288 od
274 4232 381 4301 Ulpiani
403 4233 511 4299 Fraqm.
533 4228 681 4282 XXVIII.
698 4234 723 4283 ⁷.
748 4229 809 4281 Jan.
829 4245 846 4280 a
871 4225 955 4280 Costa
978 4229 1015 4280 ad
1033 4229 1054 4295 ξ.
1072 4233 1097 4280 2.
1115 4228 1181 4281 Inct.
1198 4228 1224 4282 Ιι.
1242 4237 1260 4282 t.
1278 4233 1307 4280 et
1325 4229 1384 4295 Μ.
1402 4228 1456 4278 lost.

220 4317 296 4378 Quis.
315 4317 383 4370 mod.
402 4323 449 4368 tut.
472 4317 520 4380 fin.
539 4315 618 4366 Heio.
636 4317 673 4368 nt
689 4314 751 4367 vide
772 4313 950 4379 Wiclingium
974 4313 1003 4365 in
1020 4311 1087 4366 notis
1110 4311 1147 4364 od
1168 4312 1312 4365 stanam·
1332 4307 1455 4364 Paratitlo

212 4409 308 4471 pitis.
324 4403 406 4455 Cano.
426 4398 467 4452 Cf.
483 4400 615 4454 Schrader
627 4403 684 4452 tum
697 4397 725 4451 in
738 4408 789 4451 not.
806 4401 864 4452 cn't.
879 4398 976 4450 tunsio
992 4405 1128 4450 comment.
1142 4397 1179 4450 ad
1194 4400 1215 4466 ξ.
1223 4401 1248 4452 3.
1261 4399 1286 4450 I.
1298 4397 1322 4451 d.
1333 4407 1351 4452 t.
1367 4393 1444 4449 Mitt

284 4489 318 4553 x)
339 4489 403 4548 Seu,
420 4493 451 4535 ut
468 4483 516 4536 slii
534 4483 652 4536 malum:
671 4483 779 4548 patroni
796 4487 920 4549 patrono.
939 4483 993 4536 Sed
1011 4469 1065 4534 vid.
1084 4481 1281 4536 Uoterholzner
1296 4489 1323 4536 et
1336 4479 1454 4536 Huschke

216 4570 242 4622 in
261 4571 327 4624 locis
345 4571 428 4622 modo
450 4571 521 4635 (not.
534 4569 562 4635 r)
583 4567 714 4628 laudatis;
732 4569 766 4620 cs.
783 4573 810 4619 ot
827 4569 910 4632 Hugo
930 4566 965 4618 R.
977 4570 1010 4621 G.
1030 4563 1113 4634 (xl.)
1133 4569 1337 4632 notisnotis.
1354 4561 1432 4616 snit
