3030 5160
207 368 281 436 ras
584 359 659 428 ma
683 358 728 428 ll.
752 357 834 430 Tm.
858 358 1086 428 n-xxu

210 540 264 602 eui
278 536 396 600 liceret
409 534 497 600 ultra
511 534 604 598 mille
620 555 708 598 asses
722 538 753 616 ·)
771 533 828 598 vel
846 535 980 620 legare,
996 535 1051 598 rel
1065 535 1310 598 mortiscaussa
1326 531 1475 614 donare,

188 627 194 638 ’
208 651 440 729 praeterquam
460 645 610 728 cognatis
631 643 796 727 certisque
810 645 975 726 personis,
990 643 1107 727 quales
1121 651 1218 706 erant
1236 663 1266 704 e.
1281 665 1315 727 g.
1331 641 1475 726 cognati

208 751 467 816 manumissoris:
491 751 629 834 Ulpiani
643 754 775 834 Frugm.
790 753 948 814 XXVIII.
963 752 994 814 7.
1013 751 1107 836 (Gaj.
1119 753 1165 815 Π.
1180 751 1210 832 ς
1223 750 1297 812 m
1316 749 1400 812 ἢὸ.
1416 748 1476 811 1v.

209 861 238 940 ᾖ.
252 859 370 922 aaut.
384 859 473 939 109.)
499 859 535 922 Si
552 860 624 942 quis
639 858 723 923 alins
738 859 824 922 ultra
839 859 924 922 hana
939 881 1095 926 summam
1110 860 1258 943 legatum
1275 865 1475 939 acceperat:
1509 853 1510 858 ’

209 989 278 1030 non
300 966 550 1030 rescindebatur
574 967 708 1050 quidem
731 966 895 1050 legatum,
910 968 971 1032 sed
990 967 1172 1052 legatarius
1186 977 1301 1030 tamen
1323 963 1473 1049 quadru-

209 1076 300 1160 plum
316 1076 458 1139 reddere
474 1075 666 1158 cogebatur.
682 1074 781 1139 Unde
797 1075 880 1138 haec
894 1075 952 1138 lex
966 1079 1069 1138 minati
1083 1097 1177 1157 quum
1188 1076 1338 1157 perfeeto
1351 1071 1470 1136 dieitur

214 1183 377 1267 Ulpiano:
393 1185 526 1265 Frugm.
548 1183 615 1246 Ia.
632 1183 683 1246 Cf.
699 1182 826 1266 Cujacii
846 1184 1021 1246 Obseroutt.
1036 1183 1177 1245 1131.

713 1387 717 1392 -
783 1357 814 1438 §-
834 1355 886 1418 16.

736 1473 796 1525 Ita
819 1471 941 1524 Voconia.

253 1639 258 1647 ,
296 1572 380 1635 Mox
394 1593 477 1636 vero
495 1573 579 1636 hanc
592 1572 703 1656 legem
723 1573 822 1636 elusit
836 1571 1061 1634 Romanorum
1077 1569 1252 1634 calliditas.
1274 1570 1466 1654 Coeperunt

214 1681 302 1744 enim
317 1681 373 1742 uui
389 1680 522 1764 quidem
544 1701 612 1743 non
628 1679 715 1743 ultra
735 1681 827 1744 mille
847 1701 933 1742 asses
952 1679 1086 1763 legare,
1102 1679 1161 1742 sed
1182 1687 1297 1741 tamen
1319 1687 1375 1740 tot
1392 1678 1461 1740 scri-

212 1787 295 1850 bere
310 1787 502 1872 legatarios,
512 1797 549 1851 ut
564 1796 599 1850 et
611 1788 657 1850 sic
671 1809 772 1873 penes
786 1788 944 1850 heredem
958 1787 1053 1870 nihil,
1062 1796 1119 1851 aut
1133 1808 1260 1871 parum,
1272 1794 1463 1850 remaneret.

214 1896 305 1958 Hinc
319 1904 435 1978 postea
452 1913 520 1958 nux
534 1911 697 1972 vomunt,
714 1919 734 1958 a
749 1895 791 1973 Q.
808 1896 962 1959 Voconio
978 1897 1067 1959 Saxa
1084 1896 1126 1960 A.
1141 1896 1182 1959 U.
1199 1895 1237 1958 C.
1253 1911 1364 1957 Dxcru
1379 1895 1457 1956 Cae

215 2003 318 2086 pione
334 2012 367 2065 et
383 2002 542 2088 Philippo
559 2003 648 2066 Coss.
663 2002 732 2067 lata
748 2014 815 2085 est,
832 2001 882 2067 ex*
891 2026 957 2089 qua
971 2004 1049 2089 lege
1066 2024 1132 2066 non
1149 2002 1255 2066 solum
1273 2002 1464 2065 feminahe-

154 2161 157 2167 .
217 2132 269 2173 res
285 2110 410 2174 institui
425 2110 512 2174 haud
526 2119 678 2195 poterat,
694 2111 756 2174 nisi
776 2113 811 2176 in
832 2121 925 2176 certa
944 2113 1106 2175 bonorum
1126 2121 1240 2196 parte3
1256 2112 1317 2174 sed
1338 2120 1373 2172 et
1386 2108 1462 2171 illud

217 2227 346 2292 cautum
364 2219 490 2301 fuerat,
504 2242 548 2282 ne
568 2219 640 2304 quis
664 2241 779 2283 census
800 2221 873 2304 plus
887 2220 949 2284 ulli
966 2221 1115 2304 legaret,
1131 2241 1228 2305 quam
1249 2219 1294 2284 ad
1313 2217 1462 2281 heredem

215 2326 401 2391 heredesve
421 2328 629 2412 perveniret:
644 2327 763 2391 Cicero
779 2328 814 2392 in
836 2329 925 2392 Verr.
942 2329 1031 2393 [43.
1046 2331 1091 2408 P).

813 2549 821 2566 .
842 2503 894 2564 17.

720 2504 970 2682 ἑξαδώὶὲαεναίὶο.

301 2708 480 2772 Enimvero
500 2711 600 2776 etiam
622 2711 777 2774 Voconia
796 2711 857 2775 illa
879 2712 937 2775 lex
967 2711 1161 2776 oblitterata
1182 2709 1316 2774 demum
1343 2693 1395 2776 est
1414 2731 1457 2795 per

220 2815 425 2902 opulentiam
442 2818 603 2904 civitatis:
620 2819 748 2883 Gellius
763 2821 868 2883 Noett.
882 2825 951 2882 Au.
967 2821 1040 2880 XX.
1055 2818 1085 2880 l.
1100 2839 1164 2880 uec
1185 2819 1355 2902 sufficiens
1371 2822 1412 2882 od
1425 2819 1463 2878 rei

220 2929 512 2988 consummationem
534 2931 601 2990 orio
621 2939 686 2990 est:
703 2933 808 3010 princ.
827 2929 904 2992 Irist.
926 2930 965 2990 de
979 2929 1019 2990 L.
1041 2927 1161 2988 Falerii.
1181 2927 1273 3008 Ergo
1297 2927 1457 2995 novissime

222 3032 353 3094 demum
368 3031 438 3095 lata
453 3042 503 3096 est
522 3053 591 3097 nux
608 3052 776 3098 rauciori.

220 3261 277 3314 dite
301 3261 451 3328 disputavit
471 3263 572 3316 Abrah.
592 3262 756 3330 Wielingius
780 3263 809 3314 in
830 3263 1050 3317 commentatione
1071 3263 1202 3332 :inputari
1224 3280 1300 3318 anuo
1323 3268 1390 3319 1⁷29·
1409 3261 1456 3314 luci

223 3347 295 3400 datu.
317 3347 399 3399 Coun.
416 3348 543 3412 Repetite
554 3349 696 3416 Wieling'ii
713 3349 810 3402 Comm.
829 3349 856 3402 in
875 3349 944 3415 Ejus
956 3351 1040 3401 Lectt.
1049 3351 1111 3418 jur.
1123 3351 1170 3402 cio.
1182 3351 1218 3402 Π.
1233 3353 1274 3403 ls.
1293 3349 1365 3402 Add.
1374 3347 1459 3400 Subiu-

224 3432 272 3484 der
290 3431 539 3499 Rechtrpercltichtl.
554 3435 760 3504 Bemerhuuqen
778 3451 852 3487 num.
869 3439 895 3487 3.
912 3433 942 3486 in
959 3435 1042 3500 Hugo
1060 3435 1109 3485 civ.
1126 3433 1200 3501 May.
1219 3434 1252 3485 Τ.
1270 3436 1308 3488 V.
1325 3450 1397 3486 num.
1408 3432 1461 3483 vn.

222 3533 251 3583 p.
270 3519 361 3569 162-
372 3521 430 3570 174.
449 3517 538 3571 Haud.

292 3604 324 3668 o)
346 3601 475 3668 Cujacius
498 3603 645 3657 Observatt.
662 3606 752 3670 XIX.
768 3610 811 3658 31.
833 3603 979 3658 Substituit
996 3601 1067 3654 mille
1085 3604 1163 3668 aeris,
1181 3604 1324 3670 quomodo
1342 3609 1370 3656 et
1385 3605 1461 3656 varro

224 3687 256 3739 u
275 3688 364 3755 linqua
377 3689 423 3741 ut.
435 3689 466 3740 ι.
485 3689 563 3740 rur.
579 3687 644 3759 [*ρ.
658 3695 715 3744 us.
729 3690 757 3742 ia
776 3693 828 3742 sne
840 3707 874 3740 ex
894 3671 957 3740 edit.
972 3687 1096 3758 erpone]
1110 3687 1183 3751 aicit,
1195 3687 1267 3740 11111.
1285 3688 1359 3739 aero
1370 3687 1462 3754 19...

225 3771 280 3824 Sed
297 3790 327 3824 as
344 3776 372 3824 et
388 3789 432 3824 aes
449 3771 514 3824 olim
531 3773 686 3839 promiscue
704 3775 851 3828 dicebatur.
869 3775 982 3826 Pondus
993 3789 1059 3826 vcro
1076 3773 1180 3825 assium
1192 3789 1244 3838 pro
1261 3779 1417 3839 temporum
1429 3786 1464 3823 ra·

224 3856 297 3908 tione
314 3857 419 3909 varium
437 3859 536 3919 fuisse.
554 3861 634 3912 docet
650 3860 758 3912 Plinius
776 3861 930 3930 Hist2Nat.
951 3859 1105 3912 XXXIII.
1123 3861 1147 3910 3.
1165 3859 1244 3910 Heia.

292 3941 325 4008 p)
346 3942 468 4011 Wieling
481 3947 564 3997 Lectt.
574 3947 635 4015 jur.
653 3948 701 3997 civ.
712 3948 748 4000 II.
765 3951 809 3998 25.
827 3946 869 3998 cf.
884 3961 955 4013 quse
968 3945 1089 4016 diximus
1101 3959 1184 4009 supra
1196 3943 1232 3994 ad
1246 3943 1281 3993 ll.
1295 3947 1337 3995 14.
1349 3948 1374 3996 2.
1386 3939 1465 3993 Haut.

225 4026 389 4092 Disputatur
412 4028 493 4080 etiam
516 4029 587 4082 iuter
604 4031 742 4084 eruditos:
766 4047 857 4084 annon
874 4033 927 4082 hoc
949 4045 1059 4098 quoque
1076 4029 1158 4094 Legis
1176 4027 1319 4080 Voconiae
1339 4033 1420 4092 capnt
1436 4025 1465 4076 ad
1509 4033 1510 4050 ¹

160 4129 184 4144 ‘1
223 4112 297 4164 solus
320 4112 447 4166 mulieres
469 4114 648 4180 pertinuerit!
675 4119 816 4169 Affirmant
839 4117 1040 4184 quaestionem:
1065 4115 1158 4167 Maur.
1182 4112 1257 4165 Kind
1275 4112 1352 4164 Diss.
1371 4113 1402 4163 de
1418 4112 1466 4178 hyr

231 4197 343 4252 Voconia
363 4199 451 4266 (Lips.
471 4202 559 4268 1820.)
580 4219 603 4254 c.
621 4203 655 4254 V.
674 4218 700 4267 p.
719 4208 761 4255 36.
778 4218 838 4270 sqq.
865 4202 1042 4254 Schrader'in
1060 4199 1218 4267 spheram-id.
1234 4198 1296 4267 jur.
1320 4194 1386 4246 Tuh
1403 4197 1432 4245 Τ.
1448 4194 1464 4244 1.
1509 4225 1510 4228 =

225 4280 263 4334 H·
275 4287 300 4334 2·
316 4298 344 4347 p.
361 4287 417 4336 135.
436 4301 476 4353 sq.
494 4285 600 4338 At-vid.
616 4287 677 4353 Gaj.
688 4288 708 4353 h.
720 4291 779 4339 226.
798 4287 941 4352 Theophili
956 4285 1094 4353 Parnphr.
1107 4285 1144 4335 ad
1150 4301 1196 4350 pr.
1211 4283 1278 4334 Inst.
1294 4283 1327 4332 de
1339 4281 1397 4348 depe
1411 4279 1464 4332 Fal-

226 4366 302 4421 cr'dr'a.
320 4367 354 4420 de
368 4368 487 4436 Savigny
502 4370 567 4422 iiber
585 4372 702 4422 dieLeoe
720 4372 839 4432 Voconia,
854 4370 897 4437 (in
910 4371 963 4424 den
975 4368 1108 4422 Ahhandl.
1127 4369 1175 4419 der
1192 4367 1251 4418 hist.
1265 4365 1361 4434 philol.
1381 4365 1464 4416 Klots

225 4450 274 4502 uer
291 4451 396 4520 Kuriqt.
414 4456 464 4508 Pr.
481 4457 568 4509 Akad.
587 4457 635 4507 aar
650 4442 802 4508 tissimi.
814 4473 839 4507 a.
859 4457 884 4508 ιι.
899 4455 928 4508 J.
949 4459 1022 4508 isso.
1043 4457 1161 4519 182111.
1179 4453 1352 4516 urs-aas.)
1371 4465 1398 4516 p.
1414 4453 1463 4500 aar.

227 4536 427 4592 Muhleuhruch
444 4540 586 4594 inconst..
603 4538 965 4593 commentariis‘otuctianis
981 4539 1014 4591 Τ.
1026 4543 1070 4592 39.
1082 4555 1109 4605 p.
1123 4543 1184 4592 28³.
1198 4553 1240 4606 sq.
1257 4541 1312 4588 not
1322 4538 1366 4588 86.
1388 4529 1463 4586 mu.
