3056 5168
353 421 407 490 Du
431 422 553 490 Poura
576 421 730 490 Tsusnn
755 395 1003 493 errossrrun.
1231 431 1297 500 tur

40 599 99 682 jus
123 597 285 673 vocasse‚'
298 595 355 659 vel
376 596 548 660 adcusasse
566 597 748 662 diceretur:
770 619 896 681 poenas
922 598 949 660 is
975 598 1076 663 dabat
1090 590 1179 663 haud
1200 600 1304 667 leves.

44 705 230 786 Exstabat‚
247 703 336 788 quod
352 704 395 766 ad
418 705 647 768 adcusationes
668 704 817 787 publicus
834 707 969 787 attinet,
984 704 1043 768 lex
1065 706 1120 769 vel
1135 709 1302 790 Memmia,

44 811 104 874 vel
120 811 273 904 Remmia
287 816 333 892 θ),
356 812 503 876 incertae
520 812 655 893 aetatis,
672 834 738 896 que
759 812 948 894 cavebatur,
963 820 1000 875 ut
1015 813 1317 888 calumniatoribus

42 941 171 1003 poene,
183 918 362 982 constituto
373 919 515 1004 judicio,
529 920 764 1004 imponeretur.
783 921 833 984 Ea
850 941 959 1004 poena
974 921 1008 984 in
1025 942 1091 1006 quo
1107 922 1303 1006 constiterit,
1364 921 1371 928 '

42 1026 196 1090 nondum
219 1035 356 1090 constat.
378 1027 580 1112 Plerumque
602 1026 665 1090 huc
685 1026 818 1091 trahunt
838 1028 946 1091 locum
965 1028 1135 1094 Ciceronis
1152 1052 1194 1093 ex
1215 1031 1303 1093 Orat

35 1156 104 1218 pro
126 1135 201 1196 Seu.
220 1133 332 1196 Roscsb
349 1139 498 1198 Amerino
515 1157 541 1197 o.
558 1135 608 1198 20.
632 1134 691 1200 sub
707 1140 769 1217 fin.
791 1135 848 1198 Sin
869 1145 974 1198 antem
997 1141 1042 1200 εἰσ
1059 1142 1179 1219 agent,
1194 1146 1233 1200 ut
1250 1158 1303 1199 or-

40 1244 155 1325 gnutte
173 1243 305 1321 aliquem
324 1243 624 1323 pertremendum,
645 1263 745 1323 neque
760 1243 862 1306 unere
878 1248 1014 1325 possitis,
1032 1253 1092 1306 unt
1111 1265 1224 1325 quare,
1247 1253 1305 1310 aut

42 1349 220 1430 quomodo,·
248 1369 285 1408 nc
309 1351 522 1412 tantummodo
553 1354 621 1412 sine
648 1353 822 1431 suspicione
850 1349 1022 1414 latrabile:
1051 1373 1149 1414 crura
1181 1354 1304 1434 quidem

43 1457 132 1518 vodis
149 1475 239 1518 nemo
261 1457 446 1538 suffrmget:
463 1459 520 1520 sed
538 1461 569 1520 εἰ
583 1478 641 1540 ego
658 1459 713 1518 dos
727 1459 803 1520 dene
820 1463 900 1531 noui,
916 1461 1053 1521 luteram
1068 1461 1165 1532 illam,
1184 1464 1239 1521 cns·
1250 1479 1304 1524 noe

44 1579 205 1645 nsque'eo
226 1566 344 1629 tannim·
359 1567 449 1637 estis,
471 1575 506 1627 ut
528 1568 621 1628 etium
634 1547 723 1628 'eleba
744 1586 849 1628 omnes
869 1567 1012 1640 oderitis,
1032 1570 1079 1628 ito
1107 1567 1303 1628 uehementer

44 1673 91 1732 ud
109 1679 206 1751 caput
226 1670 309 1732 uobis
328 1671 483 1752 adfigent,
504 1682 540 1734 ut
558 1683 668 1754 postea
690 1676 841 1734 neminem
865 1676 980 1754 ulium,
1001 1678 1065 1736 niet
1073 1675 1229 1751 fortunas
1251 1695 1302 1735 oe-

45 1789 142 1854 strus,
159 1777 316 1840 aduncare
327 1783 461 1859 possitve
479 1780 568 1844 ‘Inde
585 1801 666 1864 ergo
682 1778 855 1863 colligunt,
871 1802 1012 1864 poenum
1028 1781 1113 1865 legis
1129 1779 1302 1844 Remmiae

46 1885 149 1948 fuisse
177 1884 296 1968 stigma
322 1883 423 1948 fronti
451 1887 602 1969 inustum.
632 1888 700 1950 Sed
726 1888 873 1972 quamvis
897 1910 963 1950 non
989 1888 1075 1952 adeo
1104 1897 1227 1951 certum
1251 1887 1302 1965 sit,

46 1993 133 2055 hanc
153 1989 296 2076 poe'nem
313 2011 356 2058 ex
376 1993 454 2076 lege
470 1995 623 2060 Remmia
644 2015 731 2058 esses
754 2017 795 2058 ex
820 1995 892 2080 ipso
915 2002 1024 2058 tamen
1047 1996 1111 2058 hoc
1132 1995 1302 2058 Ciceronis

49 2099 128 2162 loco
144 2098 249 2182 palam
268 2106 327 2181 est,
344 2102 477 2164 omnino
494 2102 638 2166 litteram
655 2103 925 2167 calumniatorum
942 2102 1106 2166 frontibus
1120 2105 1206 2167 inuri
1223 2126 1302 2166 con·

49 2206 204 2269 suevisse.
232 2205 300 2268 Sed
328 2206 477 2292 qualem?
499 2209 615 2294 procul
648 2208 750 2273 dubio
776 2208 920 2272 litteram
945 2210 988 2273 Κ.
1022 2211 1099 2274 Non
1129 2213 1214 2273 enim
1242 2227 1308 2276 ult-1

47 2329 200 2394 numnis,
226 2313 284 2377 sed
306 2333 487 2381 nsuunuls
509 2317 698 2380 scribebant
723 2327 872 2398 veteres,
896 2325 933 2380 ut
960 2324 1055 2402 patet
1080 2339 1124 2381 ex
1148 2318 1302 2383 Terentii

46 2421 180 2504 Scauri,
195 2419 289 2484 Velii
310 2421 419 2506 Longi
441 2419 668 2490 et'Diomedis
690 2425 945 2510 orthographia.
969 2425 1067 2489 Unde
1092 2434 1126 2489 et
1149 2425 1301 2490 Julianus

45 2533 79 2595 in
103 2528 320 2615 Mecono‘yom
333 2554 367 2614 p:
384 2531 456 2596 360.
475 2553 542 2596 non
565 2534 702 2597 obscure
724 2534 787 2615 ait,
804 2533 838 2596 K
859 2533 958 2597 fuisse
980 2532 1063 2597 illud
1084 2533 1302 2598 calumniato-

45 2661 115 2703 rum
132 2639 273 2723 insigne.
290 2638 357 2703 Sed
376 2642 459 2706 banc
474 2663 542 2705 rem
560 2641 737 2706 illustravit
752 2643 802 2705 vir
818 2641 861 2705 de
873 2642 1135 2727 jurisprudentia
1148 2640 1302 2706 Romana

45 2749 174 2833 optime
205 2747 356 2833 meritus,
384 2750 489 2814 Henr.
511 2751 775 2832 Brencmannus‚
802 2751 891 2834 cujus
917 2749 1005 2814 liber
1032 2749 1206 2834 singularis
1233 2749 1302 2812 beu

43 2857 191 2918 Remmia
213 2860 277 2918 erbe
298 2857 336 2918 de
357 2859 433 2938 legis
452 2859 612 2942 Remms‘ae
635 2861 722 2920 em‘tu
738 2857 965 2942 [Cblemdurge'
981 2857 1072 2921 1726.
1087 2856 1141 2942 4.]
1160 2859 1300 2920 insertus

44 2965 148 3028 etiam
165 2970 215 3025 est
227 2962 324 3026 Ever.
340 2952 473 3027 Ottonis
492 2967 652 3027 Thesauro
666 2967 752 3046 juris
767 2965 904 3026 Romani
919 2965 1000 3025 lbm.
1017 2966 1076 3027 III.
1089 2987 1121 3047 p.
1138 2963 1229 3026 1573.
1236 2984 1300 3045 sqq.

43 3093 87 3134 ex
106 3071 179 3132 eun.
195 3071 237 3132 ΙΙ.
257 3070 397 3152 trajecta·
407 3073 451 3133 ad
465 3072 563 3135 Rben.
579 3073 671 3138 1733.
677 3074 709 3152 s.
724 3073 768 3154 f).

117 3284 149 3351 e)
169 3283 295 3336 Valerius
314 3284 393 3338 Max.
412 3284 470 3345 ΙΙΙ.
488 3289 556 3348 ne.
575 3287 644 3338 hanc
662 3289 748 3353 legem
766 3291 846 3337 vocat
864 3283 1032 3347 Memmium,
1052 3299 1134 3352 qnam
1158 3281 1300 3336 lectionem

40 3373 130 3426 etiam
149 3368 281 3422 editiones
299 3368 445 3436 pleraeque
463 3368 601 3422 Ciceronis
620 3371 648 3423 in
671 3372 746 3423 Orat.
761 3388 813 3439 pro
834 3369 895 3422 see.
908 3369 1006 3420 Roscio
1019 3369 1147 3422 Amerino
1165 3387 1187 3422 o.
1208 3371 1248 3422 19.
1266 3367 1295 3420 in

36 3459 98 3524 fine
116 3454 289 3520 praeferunt,
309 3470 393 3520 quum
411 3456 543 3509 tamenin
556 3457 638 3509 MSS.
653 3457 793 3510 codicibus
808 3459 962 3508 constanter
974 3455 1078 3520 legatur
1095 3455 1226 3529 Remmia,
1242 3467 1297 3521 quo

39 3540 161 3596 nomine
181 3523 261 3590 eliam
280 3537 385 3606 injure
402 3545 496 3592 nostro
514 3540 600 3606 venit:
623 3542 655 3592 L.
677 3545 715 3594 1³.
735 3541 770 3590 D.
791 3541 822 3591 de
844 3537 939 3591 Testib.
965 3539 995 3590 L.
1018 3544 1040 3589 1.
1064 3540 1084 3605 ξ.
1103 3544 1128 3591 2.
1146 3540 1183 3591 ad
1200 3539 1300 3591 SCtnm

43 3625 157 3694 Purpil.
174 3623 254 3677 Unde
272 3637 327 3676 uon
345 3625 411 3677 satis
429 3632 532 3679 certum
550 3631 599 3689 est,
618 3626 693 3695 quod
705 3625 842 3677 existimat
858 3625 985 3689 Stephon.
997 3623 1061 3676 Vin.
1074 3623 1188 3690 Pighius
1200 3621 1300 3674 Annal.

40 3715 80 3766 ad
102 3727 166 3763 ann.
185 3725 288 3760 ucxrrr.
309 3727 338 3778 p.
357 3715 416 3764 484.
435 3715 521 3778 legem
545 3713 615 3764 hano
637 3713 720 3763 letam
738 3725 798 3762 esse
822 3726 839 3761 a
866 3710 895 3761 0.
916 3710 1037 3760 Memmio
1058 3709 1153 3773 Gallo,
1182 3708 1299 3761 lltbune

33 3796 139 3866 plebis.
158 3797 229 3848 Seue
242 3799 268 3846 et
279 3796 405 3848 Remmia
416 3812 483 3861 gens
496 3799 600 3850 Romae
616 3813 672 3850 non
691 3796 792 3862 ignote.
806 3795 924 3848 Remmii
939 3795 1027 3856 enim,
1040 3793 1159 3857 Aedilis,
1178 3792 1301 3844 meminit

39 3885 125 3936 Sext.
145 3879 271 3934 Aurelius
289 3877 384 3932 Victor
403 3880 435 3930 de
460 3882 512 3940 Ver.
531 3883 633 3936 Illustr.
651 3901 673 3935 c.
691 3885 734 3934 66.
754 3881 832 3933 Alius
849 3880 967 3932 Remmii
984 3879 1147 3932 mentionem
1166 3878 1230 3930 fecit
1247 3880 1300 3931 Ta-

38 3969 119 4020 citus
139 3965 237 4018 Anuol.
257 3964 297 4016 ΙΙ.
315 3969 357 4016 68.
380 3965 461 4018 Hem.
493 3967 551 4017 Lex
575 3969 672 4020 Remin
690 3966 788 4019 dicitur
811 3966 911 4018 Joanni
930 3963 1032 4018 Sarisb.
1051 3964 1081 4015 de
1106 3964 1182 4030 nucis
1206 3962 1299 4016 curtat.

37 4052 105 4108 Lib.
133 4049 160 4104 V.
177 4068 198 4101 o.
218 4053 257 4103 13.
280 4049 362 4102 Coun.
477 4044 479 4048 ’

117 4135 148 4200 f)
170 4133 263 4187 Const.
282 4149 338 4186 tac.
358 4149 409 4186 van
425 4135 547 4187 Renesse
566 4135 635 4187 Dies.
654 4137 686 4188 de
704 4138 858 4188 coercitione
880 4145 1070 4188 accusatorum.
1096 4132 1169 4199 Trnj.
1187 4129 1223 4182 ad
1245 4131 1298 4182 Ru.

40 4225 125 4276 1724.
152 4224 178 4270 4.
203 4219 276 4272 etin
303 4219 379 4272 Thes.
410 4219 444 4270 N.
469 4218 591 4272 Oelriclrs
610 4219 732 4274 Dissertt.
756 4221 849 4290 Bequ.
873 4221 934 4272 Vol.
955 4221 977 4272 Ι.
1002 4219 1297 4284 T.11.p.561-632.

38 4307 135 4359 Henr.
163 4304 344 4356 Brencmanni
369 4305 426 4355 Lex
451 4306 573 4358 Remmia
598 4319 619 4356 s.
646 4305 677 4355 de
707 4305 770 4372 leqis
795 4306 931 4358 Remmioe
958 4305 1028 4355 exitu
1055 4304 1114 4356 Lib.
1138 4304 1205 4371 sinc.
1232 4301 1298 4353 nde.

40 4392 118 4443 Dies.
145 4389 177 4442 de
193 4390 263 4455 satie
281 4390 499 4442 calumniatorum
523 4389 569 4442 snb
587 4391 674 4458 Impp.
697 4389 725 4441 in
747 4389 824 4442 Tltes.
842 4393 934 4444 Otton.
958 4392 988 4442 T.
1007 4390 1102 4454 111.p.
1122 4387 1299 4442 reor-1696.

40 4479 108 4530 Pet.
122 4473 183 4526 Jao.
195 4474 229 4525 de
241 4476 300 4545 Rye
314 4476 385 4530 Dice.
397 4478 429 4528 de
444 4477 536 4528 delicto
548 4475 694 4533 calumniae
705 4477 732 4527 in
748 4475 859 4544 publicis
864 4476 975 4546 judiciis
986 4475 1017 4527 L.
1030 4475 1063 4524 B.
1079 4479 1154 4528 1790.
1166 4479 1190 4527 4.
1212 4469 1299 4525 Haud.
