3056 5154
224 409 297 475 su
373 401 448 469 nn
473 401 535 468 ιιι
558 400 638 467 ur.
661 397 984 465 xxm-xxvn
1009 397 1331 487 (mr-xxvi)

799 573 830 653 5.
852 571 904 634 12

701 688 858 740 laum
870 688 1001 755 mane.

308 795 405 857 Haec
426 791 470 856 de
493 789 716 854 locationibus
739 797 775 850 et
791 786 1067 850 conductionibus
1090 787 1242 871 publicis
1269 789 1396 852 Privati
1418 790 1476 851 vel

225 901 364 988 praedia
379 922 437 964 sus
451 908 487 962 et
500 918 571 974 res,
587 896 642 960 vel
661 917 783 980 operas
803 893 977 957 locabant:
999 893 1096 979 isqne
1110 903 1300 958 contr-actus
1312 897 1476 980 perfectus

226 1018 314 1090 erat,
331 1007 425 1071 simul
446 1028 484 1069 ae
500 1005 543 1068 de
559 1013 650 1067 certa
668 1001 822 1065 mercede
837 1003 927 1064 inter
940 1001 1175 1068 contrahentes
1189 1013 1403 1066 convenerat.
1421 1004 1477 1066 De

224 1115 382 1179 locatoris
399 1123 433 1176 et
449 1112 660 1175 conductoris
675 1109 864 1173 differentia
881 1107 1034 1192 Cujacius
1050 1110 1227 1172 Observare.
1243 1112 1287 1171 11.
1299 1109 1354 1172 ᾗ
1369 1109 1410 1172 de
1423 1131 1478 1172 re-

227 1221 327 1306 liquis
348 1221 443 1305 hujus
463 1227 651 1282 contractus
667 1218 799 1302 juribus
819 1216 975 1278 doctores
997 1215 1191 1280 consulendi
1213 1225 1299 1280 sunt.
1321 1218 1362 1280 ld
1380 1218 1478 1280 modo

219 1329 318 1413 juvat
338 1326 474 1408 addere,
489 1325 682 1410 plerumque
697 1325 845 1408 privatos
859 1323 893 1388 iu
911 1323 1136 1386 conducendis
1149 1323 1372 1408 locandisque
1383 1324 1479 1388 rebus

177 1497 181 1505 ,
226 1439 292 1500 suis
319 1434 465 1498 inritatos
489 1455 562 1496 esse
588 1431 827 1496 conductiones
847 1428 1015 1512 publicas,
1043 1429 1197 1515 adeoque
1224 1432 1425 1494 conduxisse
1447 1443 1480 1494 et

225 1544 353 1607 locasse
373 1541 407 1604 in
429 1541 703 1626 quinquennium
725 1540 763 1600 L.
780 1538 813 1597 4.
834 1537 864 1617 §.
885 1536 915 1596 1.
933 1537 972 1597 Si
988 1545 1063 1598 cert.
1077 1547 1177 1619 petat.
1195 1539 1236 1602 1.
1253 1537 1306 1600 25.
1322 1539 1354 1619 ς
1371 1541 1427 1600 ult.
1441 1541 1480 1599 u.

228 1651 327 1712 suus.
344 1653 479 1710 matnbr.
493 1649 532 1708 L.
547 1647 597 1709 16.
608 1648 651 1707 D.
666 1646 704 1706 de
718 1645 855 1705 mnas.
870 1645 931 1725 leg.
945 1643 996 1706 ὦ.
1008 1645 1049 1704 D.
1065 1645 1103 1705 de
1119 1645 1154 1704 V.
1170 1646 1206 1705 0.
1221 1645 1353 1710 Plinius
1369 1647 1481 1727 ΚΜ.

227 1757 285 1818 IX.
307 1755 358 1818 37.
377 1755 415 1815 L.
433 1753 483 1816 13.
508 1754 539 1835 S.
559 1755 615 1815 nlt.
634 1752 672 1814 L.
690 1752 744 1814 24.
759 1753 790 1832 9.
803 1750 835 1813 2.
855 1759 891 1812 et
910 1751 941 1811 I.
955 1752 997 1811 D.
1015 1751 1134 1813 Locos
1156 1753 1343 1815 Praeterea
1365 1774 1428 1815 nec
1448 1752 1481 1814 id

227 1861 361 1925 videtur
379 1861 617 1940 omittendum,
632 1881 699 1924 non
720 1857 826 1922 solum
848 1857 982 1938 domos,
1000 1858 1059 1921 sed
1083 1867 1118 1921 et
1143 1858 1263 1923 fundos
1285 1860 1481 1945 plerumque

226 1969 356 2033 locatos
373 1989 444 2031 esse
461 1967 626 2030 Kalendis
640 1966 748 2030 Juliis.
769 1963 933 2047 Exempla
948 1966 1074 2028 suntin
1088 1966 1128 2028 L.
1141 1967 1193 2028 41.
1203 1989 1257 2048 pr.
1274 1969 1317 2028 I).
1336 1969 1482 2029 (hatab

228 2084 300 2138 emt.
313 2075 352 2137 L.
365 2074 417 2137 60.
427 2095 481 2156 pr.
490 2077 532 2138 D.
546 2077 654 2138 Locot.
669 2073 706 2136 1..
722 2071 752 2134 9.
763 2092 817 2153 pr.
832 2073 873 2134 1).
891 2073 955 2148 Qus
970 2081 1034 2153 pot.
1048 2077 1082 2133 r'n
1091 2078 1184 2155 pigo.
1198 2074 1290 2137 Add.
1304 2073 1483 2138 Suetonius

232 2183 330 2246 Tibur.
346 2205 371 2245 e.
385 2181 439 2245 35.
458 2182 623 2248 Martialis
638 2183 803 2263 Epigrans
818 2179 894 2240 XII.
910 2177 962 2242 32.
983 2179 1081 2261 Ipsae
1102 2187 1212 2244 nmen
1227 2181 1419 2246 locationes
1435 2191 1483 2244 ut·

229 2290 402 2374 plurimum
426 2313 445 2352 a
465 2289 629 2354 Kalendis
655 2287 788 2352 Martiis
814 2285 1036 2368 incipiebant,
1063 2287 1251 2372 eodemque
1273 2296 1430 2374 tempore
1453 2299 1484 2352 et

229 2398 406 2484 pensiones
422 2396 652 2460 solvebantur:
674 2397 713 2458 L.
727 2395 779 2459 58.
797 2417 851 2476 pr.
866 2394 908 2454 D.
924 2395 965 2455 do
984 2393 1090 2471 IIsrffr.
1108 2397 1255 2480 quamvis
1271 2395 1309 2458 id
1329 2419 1400 2460 non
1416 2418 1483 2458 cre·

230 2506 286 2569 dat
310 2505 429 2566 Thous.
453 2503 629 2567 Reinesius
651 2504 695 2563 ad
715 2504 875 2586 Inscripti.
901 2501 999 2562 Closs.
1027 2502 1097 2564 VII.
1116 2524 1151 2583 p.
1175 2503 1247 2564 507.
1270 2525 1304 2566 n.
1327 2505 1483 2566 XXXIV.

230 2611 331 2674 Plura
352 2609 415 2673 hac
435 2610 477 2673 de
500 2631 536 2672 re
564 2617 699 2692 praeter
715 2606 974 2671 laudatissimum
998 2607 1190 2672 Reinesium
1218 2611 1386 2674 disserunt
1407 2611 1484 2673 Ant

229 2717 433 2801 Augustinus
456 2717 635 2777 Emendatt.
654 2716 711 2778 IV.
732 2714 783 2775 14.
811 2713 963 2797 Cujaeius
986 2717 1028 2776 od
1049 2717 1194 2792 African.
1218 2718 1293 2779 XII.
1311 2717 1342 2779 8.
1372 2717 1484 2782 Guido

230 2823 425 2888 l’ancirolus
449 2824 522 2884 Var.
541 2821 640 2884 Lectt.
657 2821 681 2883 I.
697 2824 752 2884 ult.
772 2819 840 2902 (cf.
857 2828 890 2884 et
908 2820 982 2906 Gaj.
999 2821 1063 2884 III.
1079 2821 1287 2903 142-147.)

802 2970 833 3051 §.
851 2970 903 3032 13.

706 3086 788 3154 Oa'qo
805 3085 1011 3154 emphyteuseos.

314 3188 468 3254 Diximus
482 3207 579 3270 supra
594 3188 622 3269 §.
637 3185 667 3248 9.
683 3195 758 3250 nota
776 3187 802 3246 d.
820 3207 879 3248 eos
893 3207 1026 3270 quoque
1046 3207 1142 3269 agros
1165 3186 1271 3251 dictos
1289 3209 1362 3250 esse
1381 3191 1485 3258 vecti-

231 3296 344 3380 gales,
367 3297 422 3380 qui
444 3295 591 3379 permissi
612 3294 735 3358 fuerint
757 3292 959 3375 municipiis,
980 3300 1016 3354 ut
1040 3314 1084 3356 ex
1111 3316 1226 3358 eorum
1248 3295 1361 3360 reditu
1382 3317 1485 3360 onera

229 3403 481 3487 municipiorusu
509 3403 762 3481 sustinerentur,
791 3400 958 3483 aedesque
991 3401 1144 3488 publicae
1170 3409 1278 3466 sartae
1303 3411 1484 3488 tectaeque

153 3523 155 3530 ’
231 3518 517 3576 conservarentur:
534 3509 623 3574 Petr.
639 3509 842 3574 Burmannus
857 3509 896 3568 de
910 3511 1020 3588 vortig.
1036 3529 1110 3589 pop.
1126 3510 1213 3570 Rom.
1225 3531 1259 3590 p.
1275 3509 1348 3572 128.
1362 3519 1402 3574 et
1414 3513 1485 3574 lte

233 3716 338 3770 Nullius
348 3717 390 3768 roi
405 3732 489 3784 neque
502 3731 593 3783 praes,
612 3731 694 3786 neque
712 3730 834 3782 manceps
843 3712 939 3782 sactus
957 3720 1002 3763 sst.
1021 3712 1173 3766 Columella
1190 3714 1222 3765 de
1236 3731 1266 3764 re
1281 3715 1384 3766 πυτία
1393 3714 1450 3766 Lib.
1461 3716 1484 3766 I.

233 3800 357 3866 Prassot.
375 3800 396 3866 ξ.
410 3804 453 3853 20.
471 3799 505 3851 In
517 3799 565 3851 loc
576 3800 654 3852 Lutio
667 3807 693 3851 et
706 3799 832 3852 Saturnia
847 3806 963 3849 terra-
972 3814 1042 3848 nunc
1054 3797 1090 3848 od
1104 3795 1205 3849 kastam
1220 3797 1347 3850 locamus.
1367 3799 1484 3852 Ovidius

231 3884 324 3953 Epiust.
337 3903 370 3936 er
389 3885 477 3936 Ponto
495 3882 553 3937 Lib.
563 3884 614 3935 IV.
632 3888 706 3951 sub.
724 3900 747 3935 u.
766 3887 806 3935 19.

369 3969 425 4020 Aut
440 3969 534 4037 populi
549 3969 649 4020 reditus
661 3967 776 4035 positam
797 3974 934 4034 componet
950 3965 987 4018 nd
1005 3966 1116 4018 laetam.

231 4051 308 4104 luen
325 4049 418 4120 [uu.
430 4052 482 4104 IV.
499 4057 574 4120 ‘Il-9·
592 4071 615 4104 o.
629 4057 674 4105 4⁶.
692 4053 743 4119 sp]

370 4136 448 4188 Nm
466 4136 538 4204 lonyi
553 4137 655 4190 reditus
671 4135 762 4188 laetus
781 4151 930 4204 supposuere
949 4135 1029 4188 lustri

430 4219 534 4280 struet,
552 4229 579 4272 st
595 4229 687 4273 scorta
705 4228 800 4272 cunno
816 4220 905 4272 Iecur·
914 4222 982 4289 fids.
1017 4218 1098 4271 IIsiss.

230 4301 405 4354 Elouetions
422 4304 594 4369 publicorum
612 4303 783 4372 vectigalium
800 4309 894 4358 natum
912 4311 953 4358 est
961 4305 1012 4374 jus
1031 4305 1252 4372 praedicturum,
1276 4305 1311 4356 de
1330 4322 1388 4372 qno
1406 4322 1484 4370 prse-
1522 4303 1523 4314 ¹

230 4386 303 4436 clarc
318 4385 417 4438 nremit
429 4389 534 4441 Christ.
549 4389 627 4441 Glob.
642 4387 767 4456 Heynius
784 4389 917 4464 §immi
928 4391 1117 4442 Ilisrsetotionc
1131 4389 1210 4454 Lips.
1223 4394 1299 4444 17611.
1311 4396 1338 4443 4.
1360 4391 1443 4446 edita.
1455 4401 1482 4440 et

230 4469 333 4532 Baebii,
353 4471 498 4536 Praesidio,
518 4489 620 4542 opsnee
639 4490 666 4539 p.
681 4478 837 4527 113---107Ι
856 4473 964 4526 inserta.
984 4471 1072 4526 Idnob
1087 4473 1131 4524 Cb
1146 4472 1228 4526 etism
1243 4490 1314 4540 quac
1336 4478 1389 4527 hac
1406 4477 1438 4526 de
1454 4491 1482 4524 rr

229 4569 312 4618 supra
329 4555 364 4606 sd
381 4556 443 4610 Lib.
457 4559 491 4609 11.
510 4558 562 4610 Tit.
580 4559 628 4610 Vl.
646 4559 667 4624 ξ.
685 4563 725 4610 11.
743 4563 808 4609 sumt
824 4558 976 4610 observata.
994 4555 1080 4608 Mlti.
1309 4581 1314 4588 ·
