3056 5154
260 395 316 465 Da
340 392 511 465 Onusam.
537 396 643 482 Quas
665 397 720 468 Ex
745 397 904 468 mucro
928 405 994 470 etc.
1130 409 1133 416 '
1184 404 1264 474 ΒΜ·

59 609 62 632 .
96 569 241 655 duplo
265 571 469 655 ¹vindicarit,
489 581 731 660 praetereaque
757 576 808 658 rei
830 574 972 638 furtivae
994 573 1050 638 vel
1071 573 1259 639 condictio-

59 679 131 742 vel
152 679 441 744 vindicationem
458 681 631 746 coarccssit.

579 831 607 912 5.
631 825 681 891 12.
714 789 723 798 ’

408 946 453 998 An
472 945 536 998 haec
554 945 597 998 lex
615 963 648 996 ca·
657 945 725 1013 jure
742 945 848 998 Attico?

59 1059 159 1121 lanc
187 1060 284 1124 furti
309 1082 372 1123 nec
394 1062 558 1125 manifesti
580 1084 723 1145 poenam
743 1061 959 1125 Decemviros
983 1083 1026 1124 ex
1040 1062 1117 1147 jure
1140 1062 1255 1127 Attico

59 1169 199 1250 usisse,
216 1168 407 1231 ostendunt
426 1168 506 1232 Ant.
523 1167 660 1232 Contius
676 1169 819 1232 Subsecc.
835 1173 916 1231 lectt.
930 1171 954 1232 1.
969 1169 999 1232 2.
1025 1168 1111 1232 Sam.
1126 1171 1256 1234 Petitus

59 1297 134 1356 egg.
150 1278 266 1337 Attio.
284 1275 354 1337 VII.
369 1275 398 1338 5.
421 1275 489 1339 Sed
505 1276 610 1339 Solon
624 1297 690 1338 uon
706 1275 858 1358 profecto
873 1276 968 1339 furtis
986 1297 1048 1338 nec
1063 1278 1256 1359 manifestis,

59 1403 81 1444 u
99 1381 323 1462 levioribus,
341 1381 433 1465 dupli
450 1404 590 1466 poenam
608 1390 776 1448 statuerat.
798 1383 990 1446 Decemviri
1006 1405 1086 1446 vero
1102 1405 1256 1468 poenam,

59 1514 65 1550 ι
91 1487 237 1552 leviori
263 1489 353 1552 furto
376 1499 595 1574 proposuerat
618 1490 740 1571 Solon,
757 1491 798 1554 ad
821 1490 940 1554 furtum
963 1511 1025 1553 nec
1049 1489 1254 1556 manifestum

60 1597 245 1678 tulerunt,
263 1594 410 1677 dubium,
423 1620 464 1661 an
480 1599 557 1661 satis
575 1583 766 1682 prudenter.
785 1597 903 1662 Jacob.
915 1597 1068 1681 Cujacius
1084 1599 1256 1663 Osscroatt.

59 1707 65 1765 .
86 1704 147 1766 12.
164 1703 297 1766 furtum
313 1703 520 1768 manifestum
542 1706 620 1768 ideo
641 1706 786 1769 severius
809 1705 958 1789 punitum
980 1713 1110 1786 censet,
1126 1713 1162 1768 ut
1183 1705 1256 1792 plus

59 1821 271 1895 oqueretur,
289 1813 344 1896 qui
362 1810 504 1895 diligens
521 1811 632 1884 fuitsin
648 1811 746 1875 rebus
762 1813 826 1875 suis
843 1812 1077 1894 custodiendis,
1090 1834 1185 1898 quam
1199 1813 1256 1898 qui
1357 1855 1362 1874 .

62 1919 236 2001 igentior.
261 1917 329 1982 Sed
346 1941 443 2003 quum
461 1919 682 2004 deprehensio
699 1919 779 1983 furis
795 1921 897 2006 magis
914 1920 1066 1985 fortunae
1082 1919 1141 2003 sit,
1158 1942 1255 2005 quam
1324 1940 1331 1954 “

59 2027 212 2109 gentiae:
229 2025 377 2089 nondum
397 2025 556 2096 satisfacit
576 2025 659 2090 hacc
672 2027 771 2107 ratio,
786 2048 848 2091 nec
865 2050 941 2113 ego,
958 2039 994 2093 ut
1008 2050 1122 2092 verum
1138 2027 1256 2108 fatear,

60 2134 176 2196 leuius
193 2134 382 2220 puniendus
405 2133 446 2196 sit
468 2134 520 2195 fur
534 2154 596 2196 nec
615 2135 823 2215 manifestus,
844 2157 940 2220 quam
957 2135 1163 2216 manifestus,
1179 2135 1256 2199 satis

59 2241 164 2324 lligo,
188 2241 252 2303 nisi
276 2241 362 2304 forte
378 2241 413 2304 id
436 2240 580 2326 aliquam
597 2242 726 2304 veniam
750 2241 869 2304 mereri
890 2242 1032 2324 dixeris,
1049 2240 1138 2328 quod
1161 2241 1257 2326 inge-

59 2351 121 2410 sius
145 2347 224 2428 ille,
251 2372 347 2434 quam
368 2349 441 2430 hic,
463 2348 565 2412 furari
582 2347 752 2430 didicerit,
775 2347 845 2431 vel,
868 2357 903 2412 ut
920 2348 1007 2411 serio
1029 2371 1179 2432 agamus,
1195 2349 1258 2412 nisi

64 2478 159 2518 orem
180 2456 259 2519 ideo
277 2478 417 2540 poenam
437 2458 557 2521 mereri
579 2457 731 2520 videatur
746 2455 798 2520 fur
818 2457 864 2524 ἐπ’
883 2455 1052 2539 αὐτοφώρῳ
1071 2453 1257 2538 deprehen-

60 2612 70 2645 ,
87 2563 179 2646 quod
201 2565 300 2627 abeo
320 2563 393 2648 plus
415 2564 555 2648 periculi
573 2566 760 2648 immineat,
777 2585 874 2649 quam
898 2562 939 2627 ab
957 2582 1010 2644 eo,
1029 2563 1104 2646 qui,
1119 2585 1156 2626 re
1173 2561 1255 2626 clam

59 2678 188 2752 tracta,
203 2670 236 2734 iu
252 2672 392 2755 pedibus
407 2671 470 2734 sibi
491 2673 690 2756 praesidium
707 2693 777 2736 csse
801 2671 976 2735 existimat.
997 2669 1037 2734 In
1053 2671 1257 2736 aestimatio-

59 2803 82 2842 u
99 2800 178 2842 vero
198 2779 353 2842 veniebat
375 2778 430 2858 id,
447 2778 537 2864 quod
559 2779 667 2843 fuerat
687 2788 944 2859 contrectatum,
961 2779 1107 2863 quamvis
1124 2778 1256 2862 quidam
1351 2789 1353 2800 ¹

59 2885 230 2950 reconsulti
246 2893 391 2967 veteres,
408 2886 592 2950 Stoicorum
610 2889 740 2971 sequuti
755 2887 929 2971 principia,
946 2907 1037 2965 eum,
1055 2884 1112 2969 qui
1128 2884 1257 2968 aliquot

59 2996 191 3058 edimncs
208 3015 248 3056 ex
271 3016 391 3058 acervo
415 2993 569 3057 frumenti
589 2993 781 3078 sustulerat,
807 2993 908 3058 totius
929 2992 1038 3057 acervi
1061 2992 1166 3055 furem
1185 3013 1255 3055 esse

59 3103 209 3168 licabaut.
229 3102 280 3164 De
301 3096 364 3190 qua
379 3101 599 3188 philosophia,
619 3124 684 3165 non
702 3123 781 3165 sane
801 3099 926 3186 publici
942 3099 1078 3184 saporis,
1095 3098 1256 3163 videndus
1327 3153 1330 3159 ,

59 3212 173 3274 oratius
189 3209 296 3290 Eptitt.
314 3212 377 3275 Lib.
397 3212 422 3273 I.
441 3233 488 3292 ep.
506 3210 557 3272 16.
574 3230 601 3271 u.
617 3209 667 3273 36.
689 3220 732 3296 et·
743 3209 786 3270 ibi
798 3205 1017 3292 Porphyrion.
1032 3206 1069 3269 11·
1088 3206 1139 3269 21.
1157 3206 1196 3266 D.
1218 3206 1257 3268 dc

59 3329 114 3383 urt.
129 3327 161 3381 et
174 3315 328 3382 Merillius
349 3317 523 3380 Observatt.
538 3319 563 3378 I.
577 3313 628 3380 24.

600 3517 606 3532 .
627 3469 678 3532 13.

322 3583 382 3636 Le:
401 3583 471 3636 XII
488 3469 649 3638 chnldrum
668 3586 699 3637 cle
708 3586 791 3652 furto
809 3590 941 3652 concepto.

112 3702 263 3786 Pergimus
280 3701 321 3768 ad
340 3717 480 3765 runruu
502 3677 715 3784 concurrum,
735 3705 825 3787 cujus
844 3699 974 3763 indoles
997 3717 1059 3761 uec
1077 3697 1258 3762 iustiniani

59 3831 116 3873 evo
135 3809 252 3893 amplius
268 3815 346 3904 nota
362 3808 442 3889 fuit,
461 3819 494 3872 et
513 3809 615 3872 hodie
635 3809 669 3870 in
689 3817 782 3874 tanta
803 3810 988 3873 litterarum
1007 3807 1081 3869 lucc
1100 3805 1176 3866 satis
1196 3805 1258 3866 ob·-

59 3939 128 3981 cura
140 3926 190 3998 est,
207 3917 322 3980 fatente
335 3915 379 3980 V.
396 3916 432 3978 O.
452 3917 555 3979 Petro
571 3917 760 3979 Burmanno
776 3919 820 3978 ad
833 3919 981 3978 'Petronis'
994 3915 1159 3994 Satprr'con
1170 3931 1195 3971 c.
1205 3909 1257 3971 97.
1326 3951 1330 3958 .
1425 3955 1426 3964 ,

60 4029 77 4065 *
83 4048 112 4107 p.
123 4023 182 4087 598.
194 4045 230 4105 aq.
243 4044 283 4086 ex
296 4025 367 4086 edit.
384 4022 501 4108 altera]
517 4025 642 4108 Legem
657 4022 731 4086 XII
745 4023 946 4088 Tabularum
962 4041 1005 4086 ex
1025 4018 1140 4083 Gellio
1156 4016 1257 4077 Noctt.

59 4137 108 4194 stt.
125 4133 172 4192 XI.
187 4131 229 4194 18.
246 4133 297 4194 ita·
310 4130 454 4196 restituit
479 4130 721 4216 Gothcsrsdus:
746 4147 778 4196 sr
806 4145 945 4193 auarum
967 4145 1077 4192 uanos
1101 4137 1260 4198 ammosa

59 4255 222 4302 roucuusou
242 4255 342 4320 asom,
368 4257 485 4316 nuqua
508 4255 567 4302 uri
596 4255 815 4303 maninusruu
845 4253 1060 4300 vmuroaros.
1088 4230 1155 4299 Sed
1180 4227 1258 4314 quid

59 4351 121 4408 taur
138 4345 180 4428 sit,
196 4347 261 4430 quid
280 4349 394 4422 licium,
411 4348 517 4412 adhuc
532 4337 718 4431 subjudice
733 4346 774 4408 lis
791 4354 849 4408 cst.
872 4344 1021 4426 Operose
1038 4353 1072 4406 et
1086 4342 1259 4424 eleganter

59 4456 128 4516 hanc
139 4453 228 4538 legen
240 4455 380 4538 explicat
391 4457 442 4519 vir
457 4448 572 4520 doctus
589 4463 623 4518 et
641 4453 772 4534 amicus,
787 4452 911 4516 Abrah.
928 4448 1128 4532 Wieliugius
1142 4450 1176 4509 in
1192 4448 1259 4508 dta-

59 4564 128 4624 triha
145 4563 263 4641 desorto
278 4585 339 4645 pm
363 4566 483 4626 lancem
502 4575 533 4626 et
553 4567 656 4626 lictum
678 4571 836 4643 concepto,
862 4558 952 4627 edita
976 4557 1150 4636 Marpurgr'
1166 4553 1258 4615 1719.
