3062 5156
207 345 298 424 1so‘
663 349 739 417 nm.
767 350 793 417 1.
818 349 898 418 un.
923 319 1000 417 rur.

204 527 375 613 principiis
381 525 466 613 juris
481 524 625 589 Romani
640 524 737 608 filius,
756 525 859 588 semel
875 524 1061 609 iterumque
1075 526 1298 608 manumissus,
1310 526 1346 589 in
1363 533 1469 610 pote·

205 637 321 700 statem
337 633 439 719 patris
457 633 645 696 recidebat:
662 631 801 716 Dionys.
820 633 898 696 Hal.
919 635 961 694 II.
980 633 1031 695 27.
1053 653 1119 697 non
1137 641 1270 718 poterat
1289 655 1358 697 non
1380 634 1469 696 ima-

205 744 333 828 ginaria
357 743 421 805 ista
444 741 595 804 venditio
615 747 667 803 ter
689 742 815 824 repeti·
836 741 905 804 Ubi
926 748 1094 824 postrema
1119 741 1222 804 fiebat
1245 740 1467 825 mancipatio,

205 848 390 916 contractus
404 848 545 911 fiduciae
564 847 761 930 adcedebat,
780 857 942 934 paterque
963 849 1120 914 naturalis
1138 850 1221 913 haec
1235 849 1339 913 verba
1357 849 1468 912 adde-

204 964 280 1024 bat:
301 977 366 1022 sco
390 973 477 1020 vnno
501 973 594 1020 nunc
619 973 737 1020 rrnluru
761 973 857 1020 utnon
880 975 949 1021 run
974 974 1150 1040 nunctum,
1174 974 1218 1020 uA
1239 974 1467 1038 connrmonss,

205 1085 251 1132 ur
267 1084 345 1129 unu
359 1080 576 1146 RMANGUPES,
592 1081 639 1128 Ur
655 1081 759 1127 ntrun
773 1079 882 1128 Bonos
904 1082 991 1128 nunu
1010 1081 1114 1128 nomn
1129 1053 1296 1147 oron'rnr,
1312 1081 1359 1128 ΝΕ
1379 1083 1467 1128 rno-

204 1192 293 1238 rrnn
309 1190 353 1237 nn
372 1188 537 1246 ruanun
560 1189 665 1234 numu
681 1187 855 1236 rosunum:
878 1171 946 1235 Cic.
965 1175 1004 1234 de
1026 1173 1147 1251 Officiis
1167 1173 1227 1232 III.
1247 1171 1297 1234 15.
1325 1174 1372 1234 ad
1391 1174 1468 1234 Dio.

210 1283 280 1344 VII.
297 1279 347 1342 12.
363 1279 477 1364 Sigon.
491 1280 531 1341 do
547 1279 648 1341 Jnds'o
668 1280 694 1341 Ι.
712 1279 742 1340 5.
763 1278 839 1344 llle'
853 1289 968 1344 contra
989 1279 1116 1361 statim,
1132 1287 1270 1365 recepto
1294 1281 1466 1362 sestertio,
1524 1263 1525 1270 ¹

204 1389 307 1453 filium
323 1387 411 1472 patri
425 1386 568 1450 naturali
584 1386 838 1471 remancipabat.
862 1387 963 1466 Quod
984 1387 1062 1452 ideo
1079 1411 1099 1451 a
1112 1387 1272 1450 Romanis
1287 1387 1467 1472 excogita-

205 1506 273 1562 tum
290 1497 413 1578 fuerat,
428 1502 464 1568 ut
483 1515 543 1577 ne,
559 1494 585 1558 si
602 1518 622 1559 a
636 1493 807 1559 fiduciario
823 1497 1119 1578 manumitteretur,
1139 1495 1195 1559 hic
1209 1497 1287 1581 jura
1303 1504 1466 1580 patrona-

205 1615 256 1670 tus
286 1604 467 1685 retineret,
497 1611 530 1665 et
553 1602 735 1666 naturalem
762 1611 889 1686 patrem
923 1603 1110 1668 hereditate
1141 1604 1353 1668 excluderet:
1384 1604 1466 1690 Gaji

205 1715 284 1776 Inst.
303 1711 374 1774 [6.
387 1733 420 1794 p.
435 1732 475 1772 m.
489 1709 540 1772 59.
561 1709 835 1794 Remancipatum
864 1734 945 1796 ergo
969 1712 1032 1776 sibi
1060 1711 1161 1775 filium
1188 1720 1284 1797 pater
1303 1711 1466 1775 naturalis

206 1819 352 1905 denique
369 1818 638 1900 manumittebat,
661 1819 844 1904 etquidem
868 1820 1036 1885 ordinario
1053 1819 1220 1884 vindictae
1242 1821 1322 1902 ritu,
1340 1819 1466 1884 additis

206 1928 320 2012 alapis.
341 1926 442 1990 Unde
466 1925 686 2010 emancipatio
708 1925 786 1988 olim
808 1929 883 2012 μεθ’
897 1919 1015 2013 ὕβρεων
1038 1930 1090 1994 καὶ
1104 1926 1301 2010 ραπισμάτων
1321 1950 1392 1990 cum
1417 1933 1466 1990 in-

199 2039 298 2120 juriis
315 2043 348 2097 et
365 2037 465 2116 alapis
487 2033 575 2097 facta
594 2033 729 2097 dicitur:
749 2036 871 2100 Novell.
895 2037 945 2100 81.
963 2038 1075 2114 Proef.
1093 2037 1222 2099 Horum
1245 2036 1366 2099 rituum
1392 2058 1465 2098 om-

206 2145 295 2206 nium
319 2143 471 2206 notitiam
491 2143 649 2207 debemus
673 2141 760 2227 Gajo
780 2144 858 2206 Inst.
880 2143 954 2208 Ι.6.
977 2143 1007 2207 3.
1028 2143 1087 2207 sed
1115 2143 1257 2228 pessime
1277 2143 1393 2207 habito
1421 2144 1464 2206 ab
1524 2187 1525 2212 2

205 2252 357 2333 Anisno,
384 2245 480 2314 unde
498 2251 659 2337 pleraque
682 2273 726 2314 ex
753 2251 925 2315 doctorum
953 2252 1097 2314 virorum
1123 2251 1230 2334 notis,
1254 2261 1289 2316 et
1318 2252 1464 2316 maxime

206 2361 260 2424 Fr.
279 2359 463 2424 Brumrneri
485 2361 614 2424 victuro
637 2381 740 2444 opere
766 2361 806 2422 dc
829 2363 900 2443 logo
928 2361 1051 2434 Ortacia,
1069 2360 1125 2424 vel
1152 2359 1379 2445 emendanda,
1407 2360 1464 2425 vel

207 2467 393 2552 supplenda
415 2468 614 2550 fuemnt1).

783 2591 812 2674 §.
833 2590 885 2654 10.

523 2777 527 2782 Ι
650 2705 869 2762 Oircnmstnntiae
887 2710 1020 2778 temporis.
1137 2716 1139 2728 ¹
1197 2707 1201 2716 '

290 2809 454 2888 Poterant
468 2830 569 2892 porro
592 2809 698 2872 trinae
721 2809 804 2873 istae
828 2809 1088 2893 mancipationes
1102 2808 1159 2872 vel
1175 2809 1294 2872 eodem
1316 2808 1391 2891 die,
1406 2810 1465 2872 iis·
1524 2799 1525 2848 l

208 2915 352 3000 demque
378 2917 534 3001 testibus,
556 2918 612 2982 vel
635 2917 818 3002 interjectis
842 2918 971 3004 aliquot
992 2917 1127 2999 diebus,
1143 2917 1283 3003 aliisque
1305 2917 1465 2982 adhibitis

208 3025 357 3108 testibus,
373 3047 517 3090 seorsum
533 3027 622 3091 lieris
637 3025 745 3089 Paull.
760 3027 902 3108 Receptt.
919 3026 1074 3090 Sententt.
1089 3025 1197 3089 [125.
1212 3025 1243 3089 2.

783 3205 812 3288 ἕ.
834 3203 884 3264 11.

353 3321 435 3374 Unico
452 3322 611 3390 mancipatio
628 3318 772 3388 sufficiebat
788 3321 816 3372 in
834 3320 1041 3389 emancipatione
1050 3320 1130 3389 filiae
1149 3328 1175 3372 et
1191 3328 1324 3389 nepotum.

198 3487 205 3496 ,
293 3421 384 3505 Opus
409 3442 542 3507 quoque
563 3420 614 3484 bis
635 3421 913 3486 sollemnitatibus
942 3429 994 3485 ter
1016 3422 1168 3506 repetitis
1194 3431 1267 3486 erat
1292 3420 1466 3484 dumtaxat

208 3526 243 3589 in
260 3529 524 3612 emancipatione
539 3529 618 3612 filii,
635 3551 734 3615 quum
757 3529 845 3593 filiae
862 3539 896 3594 et
914 3539 1054 3614 nepotes
1078 3530 1174 3593 unica
1192 3537 1319 3593 tantum
1340 3528 1467 3591 manci-

208 3635 345 3719 patione
369 3637 477 3720 patria
500 3645 669 3720 potestate
690 3639 830 3702 exirent.
851 3637 1050 3702 Addebatur
1075 3647 1186 3703 tamen
1210 3645 1246 3702 et
1266 3637 1320 3700 hic
1343 3635 1467 3699 fiducia

210 3743 252 3807 de
276 3731 574 3830 remancipatione,
592 3753 629 3809 ut
648 3769 691 3810 ne
714 3757 811 3833 pater
831 3745 989 3810 naturalis
1010 3768 1101 3830 spem
1118 3744 1333 3812 successionis
1349 3747 1392 3808 ab
1413 3744 1467 3807 in-

211 3859 332 3917 testato
354 3855 521 3918 amitteret
527 3880 536 3932 ;
556 3853 633 3940 Gaji
650 3857 729 3918 Inst.
743 3859 763 3917 l.
778 3877 805 3918 c.
821 3853 956 3938 Ulpian.
975 3855 1106 3938 Blagm.
1124 3855 1165 3918 X.
1180 3855 1211 3918 1.

785 4032 814 4113 §-
835 4030 886 4094 12.

640 4147 823 4216 Emancipato
840 4149 1027 4203 Anastasiana.

293 4247 338 4310 Et
352 4247 434 4312 haec
450 4257 501 4314 est
516 4257 609 4313 vetus
631 4246 691 4311 illa
706 4271 744 4311 ac
767 4248 935 4320 sollemnis
956 4249 1189 4334 emancipatio,
1207 4270 1309 4334 quae,
1324 4256 1362 4312 ut
1378 4247 1466 4312 aliae

278 4451 303 4518 l)
323 4451 386 4505 Jam
396 4454 516 4508 ‘meliora
533 4452 642 4507 haurire
658 4453 722 4508 licet
736 4471 752 4508 e
766 4453 895 4522 gentunis
914 4457 976 4522 Gaji
993 4455 1211 4510 institutionibus
1230 4457 1251 4510 L
1270 4455 1291 4523 ξ.
1305 4457 1397 4508 132-
1409 4457 1467 4516 137,

211 4535 275 4592 licet
291 4536 390 4606 partim
407 4536 548 4592 mutilatis.
568 4537 656 4592 Mn'M.
1524 4549 1525 4552 ¹
