3062 5164
263 396 334 464 852
564 409 565 417 ’
662 337 667 350 ⁸
736 395 809 462 Lm.
836 393 880 461 ll.
906 393 984 462 Trr.
1011 396 1038 462 1.

147 627 149 632 .
262 581 299 634 et
311 579 523 634 monumenta
538 591 595 633 scu
611 551 762 654 sepulcra
777 572 973 656 mancipata,
988 593 1046 636 seu
1063 593 1126 658 per
1146 591 1204 636 aes
1226 581 1261 636 et
1279 573 1389 636 libram
1403 581 1478 636 trans

262 679 331 744 lata
345 677 485 762 legimus
499 677 537 740 in
554 699 715 741 marmore
733 677 934 743 Grutcriano
946 703 977 763 p.
993 681 1191 744 MLXXXI.
1203 703 1235 742 a.
1248 681 1277 742 1.
1295 681 1372 744 sicut
1386 681 1477 744 colun·

261 788 387 851 barium
406 787 494 871 apud
509 785 701 850 Reinesium
719 787 818 850 Closs.
841 789 910 849 VII.
920 811 953 870 p.
968 789 1040 852 400.
1056 811 1087 852 n.
1100 790 1197 852 XXI.
1219 788 1275 852 An
1289 811 1366 874 ergo
1381 797 1410 851 et
1420 791 1477 852 hacc

261 917 313 959 res
333 895 475 978 mancipi
495 901 587 958 sunt?
607 895 684 978 Ipsa
701 894 854 979 sepulcra
879 896 913 958 in
940 919 975 960 se
997 917 1107 982 neque
1129 896 1294 982 mancipi,
1318 919 1416 982 neque
1436 919 1475 960 nec

197 1084 199 1088 ι
262 1004 405 1088 mancipi
419 1004 637 1080 habebantur,
650 999 805 1087 quianon
822 1013 915 1066 erant
931 1005 964 1066 in
981 1005 1193 1068 commercio.
1209 1005 1258 1068 At
1265 1006 1321 1089 jus
1331 1005 1474 1089 sepeliendi

262 1123 334 1176 erat
346 1114 402 1197 jus
425 1111 553 1197 praedii
573 1112 684 1175 rustici
704 1112 800 1196 (quia
816 1111 967 1196 sepulcra
985 1134 1052 1176 non
1075 1115 1109 1176 in
1125 1113 1286 1194 aedibus,
1302 1113 1356 1177 sed
1375 1113 1473 1194 inagis

262 1222 387 1284 exstrui
408 1219 592 1300 solebant),
618 1228 652 1283 ct
673 1219 750 1282 hinc
766 1220 900 1284 omnino
920 1220 954 1286 in
979 1221 1079 1284 alicam
1098 1221 1361 1284 transferebatur
1378 1239 1472 1303 perae

262 1339 297 1392 et
311 1326 437 1391 libram.
460 1327 570 1414 [Add.
588 1329 768 1392 Brummer.
785 1329 829 1389 ad
846 1329 923 1412 Leg.
942 1329 1025 1392 Gaiae.
1043 1351 1069 1391 c.
1089 1329 1139 1391 14.
1159 1351 1192 1391 n.
1209 1329 1242 1391 3.
1252 1351 1287 1410 p.
1303 1327 1387 1413 214]
1405 1329 1470 1390 Hunc

261 1457 368 1501 rerum
396 1436 538 1521 mancipi
562 1437 747 1522 catalogum
771 1435 866 1500 nobis
888 1436 1101 1520 suppeditant
1127 1445 1274 1500 veteres.
1300 1436 1423 1500 Ceterae
1439 1455 1468 1494 ns

261 1560 327 1609 nuc
343 1561 483 1609 maneam
497 1543 703 1630 dicebantur,
718 1553 804 1610 teste
820 1544 967 1629 Ulpiano
983 1547 1114 1628 magn.
1131 1545 1226 1606 XIX.
1242 1544 1273 1606 1.

836 1724 865 1805 5.
888 1723 938 1786 19.

610 1843 667 1894 Rea
684 1841 802 1910 mancipi
818 1839 948 1894 alienatae
958 1841 1168 1909 mancipatione.

344 1919 463 2005 Fiebat
484 1964 562 2005 vero
579 1964 686 2004 rerum
705 1941 848 2026 mancipi
870 1941 1028 2004 alienatio
1049 1941 1232 2026 praecipue
1252 1951 1460 2010 manuninum,

260 2051 348 2114 unde
366 2050 449 2113 haec
470 2049 606 2134 propria
626 2051 753 2134 specics
774 2049 984 2114 alienationis
1002 2070 1108 2112 rerum
1126 2047 1274 2133 mancipi
1289 2068 1351 2110 esse
1367 2041 1462 2106 dicitur:

261 2157 399 2244 Ulpiani
419 2159 549 2240 Fragm.
570 2157 661 2220 XIX.
682 2157 712 2224 3.
731 2159 800 2222 Cic.
820 2160 918 2242 Tapic.
935 2181 960 2218 c.
976 2157 1027 2220 10.
1057 2156 1219 2236 Quamvis
1243 2155 1328 2218 enim
1346 2173 1387 2216 res
1402 2169 1463 2210 nan-

262 2266 327 2351 cipi
350 2267 450 2330 etiam
473 2265 559 2330 tradi
580 2267 707 2351 possint
729 2268 799 2330 sine
822 2267 1084 2350 mancipatione:
1105 2273 1221 2330 tamen
1241 2273 1316 2328 tunc
1334 2253 1461 2324 tantunia

146 2447 148 2452 ,
261 2376 356 2441 bouis
377 2384 471 2438 erant
493 2376 702 2459 accipientis,
724 2395 791 2438 non
815 2376 849 2438 in
872 2374 1019 2438 dominio
1042 2371 1246 2450 Quiritarioc
1270 2369 1389 2456 Ulpian.
1403 2359 1459 2425 lli.
1493 2385 1494 2400 .

185 2463 189 2469 ⁶
262 2483 324 2546 nisi
346 2503 407 2567 per
425 2481 557 2544 modum
574 2482 771 2566 adquirendi
788 2483 873 2568 juris
892 2482 998 2547 civilis
1022 2480 1218 2545 adcessisset
1235 2476 1397 2544 dominium
1408 2467 1460 2546 Qui·

153 2673 157 2684 .
261 2589 418 2655 ritarium.
448 2587 539 2673 (Gaj.
557 2590 634 2651 Inst.
653 2592 695 2650 II.
713 2591 802 2672 204.)
829 2590 905 2669 Quo
927 2591 1097 2677 pertinent
1122 2591 1229 2654 verba
1252 2583 1376 2652 Horatii
1394 2578 1456 2660 Eril·

261 2697 347 2759 [aa.
364 2696 536 2779 v.158.cq.
565 2770 570 2784 ἴ

410 2804 448 2865 Si
455 2807 618 2886 propriam
633 2813 689 2880 cst,
706 2809 789 2887 qaod
802 2813 870 2889 qais
885 2809 965 2869 libra
980 2793 1138 2870 mercatus
1155 2817 1186 2870 ct
1203 2825 1277 2868 acre
1291 2811 1342 2873 est,

412 2911 584 2990 Quaedam,
599 2917 750 2976 consalta·
762 2919 793 2975 ci
804 2915 925 2990 credas,
940 2919 1099 2996 mancipat
1113 2938 1201 2979 usas.
1351 2899 1354 2916 ⁵

261 3021 424 3110 Loquitur
447 3040 526 3084 sane
542 3021 701 3086 Horatius
718 3021 760 3084 de
776 3022 874 3086 rebus
893 3023 1051 3108 mancipi,
1068 3044 1153 3108 quae
1171 3044 1215 3086 ex
1236 3007 1457 3084 sententiata-

262 3129 483 3193 consultorum
501 3129 601 3193 ctiam
620 3130 821 3214 usucapione
837 3139 972 3214 possunt
995 3131 1134 3217 adquiri.
1158 3130 1209 3196 cf.
1232 3128 1310 3192 Ant.
1327 3113 1457 3188 Sohultini·
1491 3135 1492 3169 l

261 3241 305 3300 ad
323 3239 451 3320 Ulpiani
461 3239 591 3319 Flagra.
608 3238 698 3298 XIX.
712 3236 742 3298 3.
754 3259 787 3318 p.
802 3237 873 3301 620.

836 3395 865 3476 §-
886 3393 937 3456 20.

443 3509 605 3578 Mana'patio
622 3507 750 3578 quomodo
758 3509 858 3576 sacta?
875 3519 900 3562 ct
918 3509 1070 3580 differentia
1087 3513 1150 3566 neci
1166 3519 1192 3562 ct
1208 3502 1334 3574 mancipii.

360 3609 580 3674 Maioriano
598 3632 678 3674 vero
700 3619 772 3674 erat
787 3621 877 3676 actus
899 3611 1078 3697 legitimus,
1103 3635 1168 3699 quo
1188 3633 1241 3676 res
1259 3595 1454 3682 mancipiant

262 3719 414 3784 sollemni
439 3717 669 3782 tradebanturz
692 3719 872 3803 Bynkcrsh.
888 3722 935 3782 de
957 3723 1020 3784 reb.
1038 3743 1139 3786 manc.
1156 3723 1183 3784 1.
1196 3743 1231 3803 p.
1243 3714 1316 3778 105.
1329 3709 1365 3789 ¹).
1387 3698 1415 3762 1ss
1430 3706 1454 3804 0¹⁰
1489 3737 1490 3779 a

263 3825 443 3892 adhibendi
462 3835 555 3888 erant
578 3827 723 3911 quinque
738 3835 850 3910 testes,
873 3828 961 3892 cives
980 3825 1141 3914 Romani,
1158 3827 1308 3914 puberes,
1325 3800 1455 3877 coalita·

261 3935 371 4022 pende
397 3945 431 3997 ct
455 3941 629 3998 antestato.
648 3933 754 4023 ‘Ritus
778 3944 812 3999 et
836 3937 991 4002 formulas
1007 3940 1076 4024 jam
1102 3961 1200 4024 supra
1221 3925 1325 3996 nial.
1348 3917 1392 3980 ili·
1408 3897 1454 4028 dil*
1488 3995 1489 4006 χ

168 4025 170 4032 ’
262 4066 346 4110 nam.
359 4043 389 4106 6.
408 4043 438 4105 7.
457 4043 487 4105 9.
505 4041 742 4129 descripsimus.
769 4045 809 4108 Id
833 4044 932 4115 modo
956 4047 1160 4127 addendum,
1182 4065 1247 4108 una
1265 4023 1454 4108 mancipatione
1488 4009 1489 4085 l

333 4252 358 4319 Ι)
378 4249 492 4304 Silentio
513 4249 652 4316 praeteriit
674 4253 778 4304 Auctor
810 4251 931 4318 regulam
962 4250 1170 4317 mancipationis
1193 4248 1228 4302 ab
1250 4239 1357 4308 Ulpiano
1382 4221 1455 4317 Q*

262 4337 347 4390 XIX.
364 4341 390 4390 6.
407 4336 450 4390 his
471 4334 561 4388 verbis
578 4334 719 4388 traditam:
742 4335 823 4400 „lies
846 4335 953 4390 aratam
975 4355 1028 4390 nen
1045 4337 1097 4388 niti
1109 4341 1262 4406 pausantes
1279 4318 1403 4414 mettim
1415 4310 1454 4424 V't
1487 4315 1488 4391 l

261 4431 338 4484 nnn·
353 4431 379 4473 ct
395 4439 449 4474 aaa
461 4421 565 4490 plara,
581 4437 660 4490 pacm
672 4429 735 4490 quot
752 4437 833 4474 mana
850 4423 911 4492 capi
921 4431 1047 4492 poemata
1063 4421 1206 4474 imantia,
1223 4423 1303 4471 autom
1313 4414 1379 4458 caea
1390 4387 1444 4459 pisa

262 4507 351 4567 mmai,
371 4516 396 4560 ct
413 4525 479 4577 qaae
498 4506 606 4558 diversis
623 4505 686 4558 iocis
702 4516 781 4565 cant,
804 4508 952 4576 mancipari
971 4509 1115 4577 pascunt?
1148 4521 1230 4577 quam
1243 4501 1297 4568 jam
1313 4475 1452 4608 confirmat
1486 4551 1487 4554 Ἴ

262 4593 354 4646 videas
373 4610 388 4645 a
408 4594 477 4656 Gajo
495 4593 515 4646 l.
534 4593 554 4659 t.
575 4595 631 4644 121.
650 4592 785 4661 ,‚pracdia
809 4605 870 4642 uero
890 4591 1005 4645 absentia
1020 4593 1103 4646 solent
1120 4587 1264 4660 mancipari
1270 4583 1293 4634 ''·
1309 4565 1383 4630 fflli·
1486 4653 1487 4697 1
