3122 5162
238 357 310 426 768
404 410 409 420 ,
655 351 730 422 Lus
755 348 815 422 lv.
839 353 919 422 Tm.
945 349 1076 424 xvru.

237 529 389 609 minibus,
405 525 581 611 dequibus
599 535 710 592 certae
726 533 902 595 exstabant
916 528 1020 614 leges.
1041 530 1092 594 At
1103 529 1247 615 populus
1262 531 1444 616 judicabat
1455 534 1492 598 de

238 637 508 721 quibuscumque,
531 657 617 721 quae
634 637 726 699 adse
741 637 916 702 detulisset
937 637 1146 722 magistratus
1161 639 1208 721 ¹),
1222 648 1258 702 et
1271 641 1308 703 in
1324 641 1446 726 quibus
1456 643 1492 704 de

237 745 348 829 capite
363 745 445 806 civis
458 744 603 806 Romani
615 746 777 828 agebatur
790 751 833 825 ⁶).
846 746 886 809 In
900 746 1012 830 primis
1028 754 1136 809 tamen
1150 747 1217 811 duo
1228 748 1370 811 crimina
1384 748 1426 811 ad
1437 772 1495 833 po-

236 852 347 936 pulum
363 850 486 915 deferri
503 851 673 932 solebant,
695 855 870 934 majestatis
889 861 969 936 puta
991 863 1026 916 et
1041 857 1219 935 peculatus.
1242 856 1300 918 Sic
1316 858 1493 941 majestatis

236 981 380 1023 caussam
408 959 496 1043 apud
518 958 675 1042 populum
698 959 815 1031 disere
835 962 967 1040 Marcus
988 960 1202 1043 Coriolanus,
1218 961 1275 1046 Sp.
1292 963 1437 1044 Cassius,
1452 963 1489 1025 Τ.

235 1067 422 1146 Menenius,
438 1066 494 1149 Sp.
512 1065 688 1148 Servilius,
704 1068 791 1151 App.
808 1067 982 1150 Claudius,
997 1075 1032 1132 et
1047 1069 1115 1132 alii.
1138 1069 1192 1132 Ob
1208 1069 1402 1153 peculatum
1423 1069 1487 1133 dies

85 1157 92 1168 ¹
191 1193 195 1200 ·
236 1174 325 1238 dicta
348 1174 394 1235 M.
410 1172 571 1254 Camillo,
595 1174 642 1236 Μ.
657 1174 754 1237 Livio
777 1174 976 1257 Salinatori,
996 1177 1035 1238 P.
1052 1175 1228 1259 Africano,
1251 1177 1300 1240 M.
1322 1179 1490 1242 Postumio

237 1290 271 1345 et
294 1280 387 1361 aliis,
410 1281 524 1365 qualia
548 1281 702 1365 exempla
728 1281 869 1368 collegit
889 1283 963 1348 Car.
991 1283 1146 1368 Sigonius
1167 1286 1207 1346 de
1229 1286 1362 1348 Micia
1383 1287 1445 1346 III.
1465 1285 1492 1346 2

230 1411 264 1471 p.
279 1388 352 1451 687.
370 1410 416 1470 sq.

812 1473 841 1554 s·
863 1473 915 1536 3⁵·
1183 1463 1197 1494 ⁴

651 1588 685 1642 Ia
702 1587 793 1658 quibu
810 1589 920 1642 comitiis
937 1589 1072 1643 s'nstitata?

319 1689 581 1753 Instituebantur
598 1689 681 1753 haec
696 1690 826 1774 judicia
849 1688 928 1752 olim
951 1691 985 1752 in
1008 1691 1149 1754 comitiis
1172 1691 1326 1775 curiatis,
1344 1701 1381 1756 ut
1403 1701 1492 1778 patet

237 1820 280 1861 ex
297 1798 452 1882 exemplo
468 1798 506 1859 Ρ.
522 1797 671 1878 Horatii,
688 1798 751 1879 cui,
774 1820 871 1881 quum
896 1820 954 1861 sua
976 1821 1073 1861 manu
1092 1821 1237 1862 sororem
1260 1799 1492 1882 interemisset,

238 1904 308 1969 dies
323 1905 411 1967 dicta
429 1917 478 1968 est
500 1905 587 1989 apud
604 1905 773 1990 populum,
790 1905 881 1990 cujus
899 1905 1060 1989 suffragiis
1073 1905 1234 1969 liberatus
1252 1909 1489 1992 perduellionis

237 2011 431 2096 supplicium
455 2013 575 2075 evasit:
597 2012 710 2076 Livius
730 2013 755 2074 I.
776 2013 827 2075 26.
851 2013 970 2076 Cicero
996 2014 1085 2077 Orat.
1105 2036 1164 2096 pro
1189 2015 1221 2075 Τ.
1245 2021 1358 2078 Annio
1379 2017 1490 2077 Milone

236 2143 261 2183 c.
276 2120 307 2184 3.
327 2119 433 2210 Atqui
448 2142 490 2182 eo
513 2129 663 2205 tempore
686 2121 820 2184 comitia
838 2127 1014 2183 nonerunt
1036 2121 1118 2203 alia,
1140 2143 1237 2206 quam
1254 2123 1403 2204 curiata,
1421 2145 1495 2186 cen-

236 2228 364 2290 turiatis
388 2227 491 2290 multo
521 2237 596 2312 post
619 2253 639 2292 a
661 2228 752 2291 Serv.
779 2226 894 2291 Tullio
919 2227 1017 2312 Rege
1040 2229 1193 2292 inventis.
1222 2229 1364 2294 Exactis
1385 2239 1493 2296 autem

236 2335 406 2420 Regibus,
435 2358 534 2422 quum
551 2337 620 2420 jam
651 2335 754 2434 δεῖν.Ν
766 2335 896 2398 Tullius
919 2339 1122 2416 centuriata,
1146 2345 1181 2399 et
1201 2347 1321 2421 postea
1353 2337 1493 2402 Tribuni

166 2463 168 2468 ·
237 2444 344 2530 plebis
361 2444 459 2507 etiam
481 2445 604 2507 tributa
617 2443 818 2509 invenissent
840 2443 988 2507 comitia:
1011 2466 1077 2506 nou
1094 2443 1243 2507 curiatim
1259 2446 1424 2539 amplius,
1441 2445 1494 2509 sed

237 2552 291 2616 ve]
308 2572 369 2636 per
391 2552 565 2633 centurias,
583 2551 637 2615 vel
653 2552 843 2635 partribus,
860 2551 902 2613 de
919 2551 1106 2616 criminibus
1129 2530 1252 2616 civium·
1263 2553 1492 2618 Romanorum

231 2659 374 2744 judicari
391 2658 512 2740 coepit.
535 2658 735 2721 Centuriatis
756 2681 828 2722 eam
851 2668 1049 2743 potestatem
1075 2660 1213 2724 dederat
1229 2660 1267 2724 P.
1284 2659 1407 2724 Valet.
1431 2663 1492 2724 Po-

237 2764 360 2850 plicola
377 2764 470 2846 Cos,
486 2765 543 2850 qui
563 2765 633 2832 lata
653 2765 731 2850 lege
748 2778 919 2850 sanxerat,
935 2775 971 2830 ut
986 2791 1006 2830 a
1022 2767 1200 2832 Consulum
1224 2769 1405 2832 sententiis
1422 2791 1492 2854 pro-

237 2875 368 2940 vocatio
386 2883 472 2938 esset
486 2875 527 2938 ad
542 2874 718 2960 populum:
734 2869 847 2939 Liuius
858 2878 899 2937 II.
915 2876 945 2940 8.
968 2874 1063 2952 Quae
1078 2877 1136 2940 lex
1152 2875 1275 2939 deinde
1289 2877 1395 2940 etiam
1408 2879 1495 2940 inter

84 3045 90 3059 ,
195 2997 199 3003 ’
237 2994 377 3049 sacratas
398 2984 542 3068 repetita
564 2983 756 3069 firmataque
785 2993 850 3047 est:
873 2985 998 3048 Cicero
1011 2985 1100 3047 Orat.
1116 3006 1178 3066 pro
1196 2988 1236 3045 P.
1260 2985 1372 3047 Sestio
1396 3009 1424 3047 c.
1445 2986 1494 3048 30.

238 3091 383 3158 Invaluit
399 3114 441 3155 ex
458 3113 499 3154 eo
521 3100 681 3175 tempore,
697 3101 733 3155 ut
750 3093 791 3155 de
810 3091 1004 3155 mulctandis
1021 3091 1146 3156 civibus
1160 3092 1321 3155 Romanis
1339 3094 1372 3156 in
1391 3095 1494 3156 comi·
1545 3081 1546 3157 l

238 3202 292 3265 tiis
306 3201 437 3266 tributis
453 3190 496 3282 03
519 3199 560 3262 de
577 3200 685 3284 capite
702 3200 891 3263 eorumdem
915 3200 1045 3263 nonnisi
1060 3200 1094 3263 in
1112 3199 1302 3263 centuriatis
1319 3211 1492 3286 ageretur:

239 3310 357 3373 Cicero
373 3310 413 3370 de
426 3309 525 3392 legg.
545 3310 600 3370 III.
616 3309 646 3369 4.
662 3317 696 3371 et
710 3309 760 3370 19.
783 3308 889 3386 Quam
909 3308 1019 3392 legem
1034 3308 1203 3372 Valeriam
1228 3307 1350 3372 iterum
1374 3307 1488 3372 retulit

307 3517 340 3583 d)
362 3515 407 3569 Sic
426 3517 461 3569 de
479 3517 580 3570 sororis
599 3517 681 3569 caede
699 3515 757 3570 dies
776 3518 850 3570 dicta
868 3524 909 3570 est
933 3518 966 3569 P.
983 3516 1117 3570 Horatio:
1145 3515 1240 3570 Livius
1259 3517 1283 3571 Ι.
1301 3522 1346 3570 26.
1365 3515 1493 3568 Valerius

106 3629 109 3636 ·
239 3601 317 3656 Max.
343 3601 421 3654 VIII.
441 3608 463 3654 l.
485 3609 507 3654 1.
527 3603 560 3654 de
574 3602 714 3656 homicidii
735 3603 891 3670 suspicione
910 3605 942 3656 P.
962 3601 1066 3656 Sestio:
1085 3601 1133 3654 sed
1153 3601 1232 3654 etde
1249 3600 1377 3654 vindiciis
1397 3610 1493 3653 contn
1544 3617 1545 3660 3

135 3685 138 3690 '
180 3747 183 3754 Ι
238 3691 312 3756 leges
337 3685 408 3740 datia
434 3688 504 3754 App.
529 3689 660 3742 Claudio:
683 3688 778 3742 Livius
803 3688 861 3742 III.
884 3683 927 3740 66.
946 3687 981 3740 de
998 3687 1155 3754 repetundis
1174 3688 1206 3739 C.
1226 3685 1371 3739 Lucretio:
1397 3684 1493 3738 Livius
1544 3685 1545 3767 l

241 3773 354 3826 XLIII.
372 3777 397 3826 8.
416 3773 450 3824 de
467 3774 651 3837 perduellione
663 3774 693 3826 C.
711 3775 841 3849 Claudio:
860 3772 954 3827 Livius
969 3773 1082 3826 XLIII.
1098 3778 1136 3826 16.
1148 3773 1181 3824 de
1194 3771 1322 3838 peculatu
1339 3769 1393 3824 Μ’.
1408 3769 1494 3823 Acilio

240 3856 395 3914 Glabrioni:
419 3856 513 3910 Livius
534 3859 632 3911 XXX
638 3859 699 3912 VII.
716 3863 758 3913 67.
778 3863 810 3914 P.
828 3866 855 3912 et
873 3860 903 3911 1..
922 3858 1112 3924 Scipionibus:
1129 3856 1223 3908 Livius
1246 3857 1347 3908 XXX
1354 3857 1435 3909 VIII.
1452 3861 1493 3908 66.

240 3947 271 4002 1..
288 3942 445 3997 Postumio:
461 3942 554 3996 Livius
570 3945 667 3999 XXV.
685 3949 715 3997 3.-
727 3946 761 3998 de
780 3961 864 4011 puero
882 3945 917 3998 ad
935 3949 1060 4009 stuprum
1078 3945 1194 4009 pellecta
1209 3942 1240 3993 C.
1255 3939 1427 3995 Scantinius
1441 3943 1495 3993 l'a-

240 4030 322 4086 urim
341 4031 419 4084 Max.
444 4029 488 4083 VI.
514 4035 537 4082 1.
561 4034 586 4082 7.
603 4030 639 4082 de
655 4029 682 4082 vi
700 4037 803 4083 armata
820 4028 936 4084 Miloni:
959 4030 1059 4081 Ascon.
1082 4029 1221 4082 Pedianus
1247 4026 1277 4080 in
1295 4026 1385 4079 Cicer.
1418 4028 1495 4079 orac

236 4133 289 4186 pro
311 4117 341 4171 T.
363 4116 452 4168 Annio
470 4116 572 4168 Milone
589 4135 611 4167 c.
629 4119 655 4168 6.
671 4133 699 4184 p.
719 4121 776 4170 196.
792 4133 831 4185 sq.
849 4117 929 4168 Haisa
999 4133 1002 4142 ·

306 4203 336 4269 e)
357 4203 418 4266 „De
435 4201 522 4266 capite
540 4199 624 4263 civis,
642 4201 695 4254 nisi
714 4218 761 4267 per
779 4201 929 4253 maximum
947 4198 1117 4254 comitiatum
1131 4227 1163 4272 -χ-
1177 4216 1210 4251 ne
1227 4198 1372 4260 feruuto”;
1390 4199 1452 4251 Cic.
1464 4199 1495 4250 de

240 4285 328 4356 Lapis.
347 4287 396 4338 llI.
414 4292 440 4340 4.
459 4285 577 4338 Dirkseu
596 4285 802 4355 Zmiitstafilpes.
821 4303 847 4354 p.
865 4291 924 4340 645.
943 4302 1004 4354 sqq.
1023 4286 1064 4338 Cf.
1082 4291 1137 4338 not.
1155 4285 1173 4338 I.
1191 4283 1227 4336 ad
1245 4285 1266 4350 t
1283 4299 1342 4352 seq.
1363 4283 1458 4338 Mitt.

308 4372 332 4439 I)
353 4374 478 4426 Attamen
497 4372 577 4425 etiam
599 4372 633 4423 de
658 4370 746 4436 capite
764 4373 805 4428 M.
825 4371 964 4425 Coriolani
988 4370 1015 4423 in
1041 4371 1158 4425 comitiis
1186 4367 1296 4422 tributis
1320 4373 1418 4424 actum
1436 4385 1497 4422 esse

241 4467 320 4506 nemo
338 4455 458 4524 ignorat:
476 4456 570 4511 Livius
582 4457 630 4522 II.
649 4461 692 4509 36.
709 4457 813 4510 Verum
824 4458 853 4510 id
865 4457 939 4510 nulla
954 4459 1013 4523 lege
1025 4462 1072 4508 aut
1083 4472 1159 4510 more
1173 4472 1221 4522 per
1236 4457 1387 4508 tumultum
1404 4463 1496 4508 amum

241 4551 301 4590 esse
319 4547 389 4592 recte
407 4542 534 4594 observat
551 4543 613 4598 Car.
632 4532 760 4609 Sigonius
779 4544 811 4594 de
828 4544 942 4596 Iudiciis
961 4543 1017 4594 III.
1034 4547 1059 4594 ὁ.
1073 4559 1103 4611 p.
1121 4547 1180 4595 696Ἰ
1199 4540 1280 4594 Heia.
