3058 5164
236 382 308 454 786
649 377 728 447 Ins.
753 372 815 446 w.
841 377 924 448 Τιι.
949 374 1080 448 xvm.
1154 481 1157 484 Ι

239 556 312 642 gius
335 557 380 618 od
394 555 495 618 Paeb'
516 553 670 618 Seuteatt.
692 553 833 636 Iteceptt.
853 553 888 618 V.
908 551 959 616 at.
982 553 1012 617 1.
1035 575 1070 637 p.
1094 553 1167 618 513.
1198 553 1444 632 Quaerebatur
1461 577 1485 618 er

237 663 300 729 bac
314 663 393 748 lege
408 662 451 726 de
467 662 539 746 ejus
554 662 674 746 capite,
690 663 746 746 qui
768 660 934 726 bominem
951 659 1126 726 occidisset
1145 661 1228 727 dolo
1244 661 1351 743 malo,
1370 665 1486 748 cujusne

240 772 320 836 dolo
340 770 429 834 malo
452 771 574 834 factum
598 779 685 833 esset
712 769 901 834 incendium
916 773 969 850 ¹),
991 768 1090 852 quise
1112 769 1192 834 furti
1214 769 1373 834 faciundi
1397 792 1488 834 caussa

238 901 311 942 cum
341 878 412 942 telo
435 878 636 942 ambulasset
649 881 699 958 ι)ι
720 877 845 942 Paulus
867 877 1022 940 Sententt.
1044 877 1182 959 Recepta.
1203 879 1239 940 V.
1253 877 1308 941 23.
1329 878 1363 938 1.
1388 877 1487 942 Cicero

240 988 332 1049 Oret.
352 1007 410 1068 pro
433 986 466 1048 Τ.
482 987 588 1048 Arsada
602 986 721 1047 Melone
738 1007 764 1047 o.
778 986 809 1048 4.
832 983 1066 1062 Quaerebatur
1086 984 1186 1049 etiam
1209 1005 1253 1048 ex
1278 983 1408 1048 eadem
1427 985 1485 1069 lege

239 1095 283 1158 de
299 1095 368 1180 ejus
391 1092 519 1177 capite,
537 1093 593 1177 qui
614 1111 778 1155 venenum
802 1093 943 1156 necandi
964 1091 1106 1156 bominis
1126 1112 1240 1156 caussa
1260 1091 1412 1175 iecerit,
1427 1115 1487 1156 sen·

240 1201 380 1282 diderit,
396 1201 529 1282 emerit,
551 1198 717 1282 babuerit,
734 1199 844 1284 quive,
861 1219 960 1284 quum
982 1199 1189 1283 magistratus
1204 1208 1306 1282 esset,
1323 1200 1385 1264 vel
1403 1201 1487 1265 Sena·

239 1317 303 1390 tor,
320 1309 449 1391 coierit,
470 1307 675 1387 convenerit,
698 1309 918 1389 consenserit,
935 1328 1002 1391 quo
1018 1308 1090 1392 quis
1112 1306 1229 1370 falsum
1245 1307 1414 1372 indicium
1429 1331 1489 1394 pro·

239 1419 408 1499 literetur,
434 1424 471 1479 ut
493 1413 566 1500 quis
591 1414 750 1478 innocens
767 1415 897 1500 judicio
918 1413 1055 1499 publico
1081 1415 1384 1499 condemnaretur,
1409 1418 1488 1502 quive

239 1524 462 1589 testimonium
485 1521 565 1586 dolo
588 1522 676 1586 malo
693 1522 834 1604 dixerit,
851 1541 917 1607 quo
938 1523 1010 1607 qula
1032 1523 1168 1607 publico
1184 1523 1319 1607 judicio
1341 1527 1397 1588 rei
1418 1527 1488 1610 capi-

239 1633 315 1697 talis
330 1632 557 1714 damnaretur,
579 1629 678 1715 quive
698 1633 904 1716 magistratus
920 1630 1071 1713 judexve
1086 1631 1290 1716 quaestionis
1307 1633 1355 1696 ob
1378 1635 1488 1718 capita·

239 1741 305 1804 lem
323 1758 466 1804 caussam
482 1737 654 1822 pecuniam
674 1739 856 1822 acceperit,
872 1745 909 1803 ut
929 1737 1063 1822 publica
1078 1737 1156 1823 lege
1177 1759 1254 1801 reus
1270 1739 1386 1804 fieret.
1410 1741 1488 1820 Quae

240 1848 351 1932 capita
364 1846 464 1930 hujus
474 1845 560 1929 legis
572 1845 668 1909 nobis
684 1856 855 1909 servarunt
873 1846 992 1909 Cicero
1016 1847 1104 1910 Orat.
1122 1868 1182 1931 pro
1197 1851 1237 1908 A.
1257 1849 1408 1910 Cluentio
1419 1847 1489 1910 abl.

241 1954 364 2019 Paulus
382 1951 535 2015 Sententt.
550 1954 689 2035 Recepit.
710 1953 745 2016 V.
760 1953 811 2016 23.
822 1953 852 2015 1:
874 1954 1060 2018 Marcianus
1076 1954 1113 2018 Ι..
1135 1954 1165 2018 3.
1179 1959 1283 2038 prebe.
1301 1957 1345 2016 D.
1366 1957 1412 2016 od
1428 1957 1489 2036 Ing.

245 2064 335 2125 Ocra.
352 2063 391 2124 de
406 2065 498 2122 sicar.
519 2059 676 2124 Adsensit
698 2068 732 2124 et
756 2060 896 2144 SCtum,
912 2068 962 2142 ut,
986 2062 1042 2146 qui
1065 2062 1148 2126 mala
1172 2062 1338 2126 sacrificia
1356 2063 1488 2141 fecisset,

243 2172 313 2256 ejus
334 2169 419 2256 legis
443 2189 553 2253 poena
568 2176 754 2232 teneretur:
776 2169 815 2230 L.
832 2167 884 2232 13.
904 2171 944 2232 D.
961 2171 1005 2230 od
1023 2171 1101 2252 Leg.
1119 2170 1209 2231 Corn.
1232 2172 1274 2232 de
1289 2176 1386 2233 sebar.
1409 2187 1486 2234 unns

242 2293 430 2343 ssuasrscls
446 2276 526 2340 alias
541 2284 616 2341 sunt
629 2298 722 2339 sacre
734 2281 827 2358 s‘mps'o
842 2277 949 2340 Paulo
967 2277 1120 2339 Sententt.
1133 2278 1274 2358 Recepta
1285 2275 1324 2362 [⁸
1333 2274 1485 2360 mala]

241 2390 330 2450 ds'rae
346 2389 547 2468 precationes
568 2385 680 2448 Plinio
704 2385 787 2447 Ha‘st.
808 2385 884 2446 Not.
908 2387 949 2446 II.
970 2383 1021 2447 28.
1045 2389 1186 2446 commo
1208 2393 1242 2446 et
1266 2385 1483 2447 devotsbrses-

242 2499 312 2580 quts
333 2494 482 2567 creditur,
503 2496 625 2555 anemos
643 2493 819 2554 namimbus
840 2493 973 2571 sisserm's
987 2495 1114 2556 socrati
1124 2489 1246 2554 Tacito
1260 2494 1388 2554 Armet.
1399 2494 1437 2554 II
1445 2487 1479 2552 (d.

242 2600 366 2666 Merill.
382 2600 555 2661 Observatt.
569 2599 655 2662 VIII.
666 2600 696 2661 4.
715 2600 831 2663 Poena
843 2597 933 2663 hisce
949 2599 1100 2663 omnibus
1117 2598 1241 2663 inflicta
1254 2620 1327 2662 nou
1348 2599 1475 2685 depom-

242 2709 301 2786 tio‚
317 2716 353 2771 ut
368 2705 481 2769 scribit
494 2698 618 2769 Paulus
633 2705 726 2792 [illst.
741 2708 828 2769 lead.
850 2707 885 2768 V.
899 2706 950 2771 23.
970 2706 1034 2792 1.]=
1055 2707 1139 2770 baec
1154 2707 1240 2770 enim
1256 2715 1343 2771 tunc
1360 2705 1470 2771 noudum

241 2822 385 2898 reperta,
397 2812 455 2876 sed
469 2833 575 2898 aquae
592 2822 626 2877 et
641 2813 727 2901 ignis
739 2814 942 2896 interdictio,
955 2823 990 2878 ut
1006 2823 1096 2878 recte
1111 2835 1151 2878 eo
1166 2813 1244 2878 loco
1262 2812 1478 2880 animadvertit

241 2921 359 2989 Jacob.
376 2919 537 3006 Cujacius.
558 2920 753 3006 Aliquando
776 2921 875 2985 etiarn
897 2943 939 2984 ex
962 2922 1057 2986 bonis
1077 2919 1266 2986 homicidae
1287 2923 1416 3009 aliquid
1436 2921 1494 2985 ad-

242 3031 363 3096 dictum
388 3050 458 3092 esse
482 3027 631 3092 defuncti
649 3029 840 3114 parentibus
862 3029 917 3094 vel
937 3029 1069 3112 liberis,
1092 3028 1192 3095 docet
1208 3030 1365 3115 Cujacius
1385 3031 1483 3092 Obser-

228 3131 317 3202 ¹aaut.
333 3137 421 3200 XIV.
436 3137 466 3200 4.
518 3197 521 3202 .

311 3379 345 3445 u)
365 3376 395 3428 Ο.
414 3376 447 3428 G.
466 3376 598 3428 Wiichter
616 3376 658 3428 De
676 3377 785 3429 crims'ne
802 3377 923 3430 incendii.
940 3377 1016 3443 Lips.
1039 3379 1113 3430 1833.
1139 3374 1285 3438 Quaedam
1303 3372 1425 3429 etiamad
1441 3369 1485 3423 bi·

243 3461 354 3515 storiem
371 3461 454 3528 bujos
473 3459 593 3512 oriminis
610 3460 820 3530 interioremque
833 3461 893 3528 ejus
912 3461 1093 3528 cognitionem
1110 3460 1263 3526 spectantia
1281 3459 1396 3513 invenies
1408 3456 1440 3510 iu
1457 3457 1488 3510 Ρ.

243 3547 290 3600 W.
309 3542 423 3612 Ziegleri
454 3546 686 3616 Quaestionem
701 3535 751 3616 jus
771 3549 922 3602 Romanum
936 3547 1099 3616 pertinentes
1117 3543 1209 3612 (Lips.
1230 3545 1325 3613 1837.)
1350 3543 1486 3615 quaesti.

241 3630 277 3682 ιι.
295 3647 321 3696 p.
340 3633 432 3683 1-aa.
450 3627 536 3681 nunt.

311 3715 343 3782 o)
364 3713 437 3767 Ollm
454 3713 559 3766 scilicet
574 3729 631 3768 non
648 3713 746 3768 licebat
762 3733 825 3771 curn
843 3717 897 3768 telo
915 3716 1054 3769 ambulare
1071 3716 1142 3768 istra
1157 3714 1262 3767 urbem.
1283 3715 1320 3768 lit
1338 3717 1389 3768 buc
1406 3711 1487 3778 respi-

238 3798 280 3852 cit
295 3801 410 3852 Plautus
428 3799 554 3854 Aululer.
571 3803 632 3854 Act.
651 3801 708 3854 III.
726 3818 762 3853 sc.
780 3805 805 3853 2.
822 3819 846 3852 a.
863 3805 888 3854 2.
906 3817 944 3870 sq.

381 3883 463 3938 Euae.
486 3885 555 3944 Quia
572 3888 609 3939 ed
629 3887 765 3940 Ilesoiros
773 3887 836 3957 jem
854 3903 901 3954 eyo
918 3884 1040 3952 deferens
1058 3891 1131 3936 waes
1147 3899 1251 3936 mesen.
1300 3927 1304 3934 .

454 3968 557 4023 Cbrtoa.
580 3970 778 4031 Quamobrem?

260 4047 266 4090 'l
380 4054 463 4108 Ebcr..
487 4055 558 4114 Quis
575 4055 689 4107 cultrum
708 4055 795 4109 labes.
825 4055 929 4109 eonon
951 4054 1048 4107 Cocum
1066 4054 1147 4106 decet.

215 4201 216 4204 Ἴ
245 4140 324 4202 Inde,
342 4141 390 4209 qui
407 4157 469 4194 cum
488 4141 545 4193 sica
562 4140 650 4193 aliove
667 4141 721 4193 telo
740 4142 931 4203 ambulabant,
961 4141 1026 4192 dicti
1044 4143 1109 4192 eunt
1125 4137 1223 4192 ιόοαιιῗιζ
1249 4137 1334 4200 Quos
1351 4137 1488 4190 bominum

244 4237 327 4290 genus
346 4226 473 4280 describit
486 4227 562 4278 Illas.
579 4225 717 4290 Iosephus
735 4228 903 4296 Antiquitatt.
920 4226 1027 4280 Iudeis.
1041 4225 1113 4278 XX.
1126 4227 1153 4278 7.
1167 4225 1188 4292 ἓ.
1199 4229 1225 4277 5.
1238 4224 1319 4276 Baro.
1331 4220 1489 4274 Blissoniss
1521 4287 1522 4304 χ

245 4307 409 4379 Αιιίᾳιιίιιιε.
418 4312 479 4382 jur.
492 4313 544 4368 ,cia
563 4311 683 4365 selectae.
701 4312 742 4364 ΙΙ.
763 4317 802 4365 ll.
823 4313 855 4365 Id
875 4312 1037 4364 vocabalum
1055 4307 1155 4362 deinde
1173 4310 1209 4360 ad
1227 4319 1321 4360 omnes
1339 4307 1488 4360 homicida

189 4413 191 4417 ·
244 4397 409 4448 translatum.
428 4398 508 4450 Unde
525 4401 552 4449 et
569 4398 635 4450 haec
653 4397 698 4447 lex
713 4397 839 4450 Cornelia
857 4398 929 4452 dicta
947 4399 980 4449 de
998 4397 1117 4449 sicariis:
1133 4386 1334 4458 Quinctilienus
1348 4391 1420 4443 last.
1434 4407 1489 4444 ore
1521 4421 1524 4460 ,ι

243 4485 293 4530 eor.
313 4482 348 4532 x.
370 4487 391 4534 ι.
411 4483 431 4548 ς.
451 4487 490 4534 ιι.
509 4482 588 4534 Heln.
