3062 5164
203 415 275 481 342
672 405 750 474 Lm.
776 405 823 472 ll.
855 403 937 472 Trr.
964 405 991 472 Ι.

211 588 369 666 Insors'ptt.
379 605 413 666 p.
421 583 554 645 nm
554 583 642 645 VIII.
654 602 683 642 n.
692 580 722 644 l.
733 579 790 642 ubi
804 595 999 657 Rssumumn.
1014 593 1217 642 resumas.
1234 575 1395 641 (licuntur
1405 575 1470 638 111.

211 708 331 758 Nouis.
348 709 443 756 rnen.
460 709 515 755 nx.
533 702 1378 754 rnnnrssv.eouunett.r0rtr1rlu.r1acuuo.sacro.
1396 684 1469 746 Imo

211 825 253 866 ne
276 801 368 866 refici
392 801 526 886 quidem
549 804 793 864 monumentum
816 805 950 880 poterat
974 798 1045 862 sine
1069 795 1227 880 permissu
1252 794 1469 872 Pontificum,
1515 781 1516 784 ¹

211 913 274 977 nisi
296 909 331 972 id
352 910 400 974 ita
415 909 488 972 lieri
509 915 635 992 posset,
658 927 701 970 ne
723 905 887 989 reliquiae
902 912 1135 989 tangerentur:
1156 906 1196 970 L.
1209 905 1261 968 44.
1276 905 1306 984 §-
1322 902 1351 965 l.
1375 905 1419 963 Π.
1434 905 1469 964 de

211 1021 359 1101 treugas.
385 1019 426 1081 Id
452 1017 547 1102 quod
574 1017 673 1080 etiam
699 1035 742 1076 ex
771 1035 932 1078 marmore
959 1021 1088 1078 constat
1116 1012 1205 1097 apud
1232 1011 1418 1074 Gruterum
1438 1033 1468 1092 p.

103 1151 109 1158 ·
212 1128 285 1189 DX
285 1127 370 1188 VIII.
383 1149 415 1189 n.
430 1126 460 1188 4.
490 1125 562 1187 Imo
585 1144 648 1188 nec
670 1144 787 1206 corpus
805 1123 839 1186 in
863 1121 929 1194 alia
954 1143 1030 1186 arca
1053 1129 1188 1204 poterat
1208 1120 1392 1203 collocari,
1409 1120 1466 1182 nisi

213 1234 348 1298 volente
364 1234 537 1317 Principe:
553 1231 688 1296 Gruteri
703 1233 861 1313 Insenptt.
871 1253 906 1314 p.
925 1231 1061 1294 DOVII.
1076 1252 1107 1292 u.
1122 1229 1152 1291 1.

771 1425 826 1505 ‘§·
847 1422 877 1484 o.

610 1541 658 1593 An
676 1540 799 1608 sepulcra
817 1540 894 1591 vendi
908 1541 1059 1608 potuerint?

296 1657 404 1722 Multo
427 1661 531 1722 minus
556 1680 637 1743 ergo
656 1657 805 1741 sepulcra
830 1667 923 1722 erant
943 1659 977 1721 in
1000 1657 1198 1722 commercio
1217 1657 1273 1721 vel
1300 1657 1459 1721 dominio:

213 1767 249 1830 L.
265 1766 315 1828 12.
330 1769 359 1849 §.
375 1766 404 1830 1.
420 1767 460 1828 D.
476 1768 515 1829 de
529 1768 677 1849 Rek'gz'os.
699 1765 846 1852 quamvis
866 1767 971 1850 ipsum
986 1769 1042 1852 jus
1064 1768 1231 1830 inferendi
1252 1775 1416 1830 mortuum
1431 1767 1457 1828 in

212 1874 310 1938 alium
327 1876 496 1938 transferri
511 1896 717 1961 quocumque
734 1874 833 1939 titulo
849 1883 974 1958 posset:
987 1876 1023 1939 L.
1037 1876 1087 1938 14.
1103 1877 1136 1940 0.
1149 1877 1313 1959 delegat.
1326 1875 1459 1961 [Quam-

102 2003 105 2009 ·
212 1982 261 2046 vis
286 1982 372 2044 enim
403 1983 590 2068 exemplum
615 1991 723 2046 exstat
752 1983 881 2046 venditi
902 1985 1044 2069 sepulcri
1073 1985 1128 2050 vel
1150 1985 1354 2048 monumenti
1374 1983 1454 2067 apud

213 2089 387 2155 Gruterum
404 2094 561 2174 Inscriptt.
577 2113 608 2173 p.
625 2093 813 2155 MLXXXI.
829 2114 861 2155 n.
877 2092 921 2156 l.:
940 2094 1085 2157 nondum
1101 2104 1212 2158 tamen
1232 2093 1266 2156 in
1284 2094 1320 2156 id
1338 2092 1457 2154 illatum

214 2221 285 2263 esse
304 2210 480 2281 mortuum,
500 2201 599 2264 docet
616 2200 797 2264 Brummer.
814 2200 856 2264 ad
873 2202 951 2286 Leg.
973 2204 1055 2266 Ll'nc.
1074 2226 1099 2264 c.
1118 2201 1168 2264 14.
1182 2224 1213 2264 n.
1226 2201 1256 2265 3.
1271 2226 1306 2286 p.
1318 2200 1407 2286 214]
1428 2201 1459 2262 Si

212 2308 305 2371 locus
318 2309 493 2394 religiosus
511 2308 671 2373 aedificiis
685 2309 820 2392 junctus
837 2319 918 2391 erat,
935 2312 1036 2376 vendi
1056 2331 1122 2374 non
1138 2317 1271 2393 poterat
1286 2333 1361 2374 cum
1378 2310 1459 2374 aedi-

212 2416 310 2480 ficiis:
324 2427 358 2481 at
369 2419 521 2481 aedificia
535 2417 669 2480 seorsim
682 2417 784 2479 vendi
798 2426 964 2502 poterant,
978 2420 1059 2484 licet
1074 2419 1247 2504 conjuncta
1264 2426 1379 2481 essent
1392 2417 1459 2480 loco

211 2524 389 2609 religioso,
408 2526 443 2588 id
462 2526 552 2610 quod
575 2547 617 2589 ex
637 2525 758 2610 insigni
778 2528 943 2592 sententia
959 2529 1028 2592 lata
1049 2551 1068 2591 a
1087 2527 1274 2590 Senecione
1298 2527 1459 2611 Subprae-
1518 2595 1519 2627 ἢ

212 2634 303 2696 fecto
318 2632 437 2695 Classis
455 2633 662 2716 Misenensis,
679 2644 714 2696 et
730 2657 747 2697 a
764 2657 798 2697 se
816 2635 850 2698 in
869 2635 976 2699 lucem
990 2644 1159 2722 protracta
1172 2636 1292 2722 probat
1312 2635 1387 2699 Jac.
1404 2635 1455 2698 Cu·
1518 2643 1519 2722 l

206 2741 271 2826 jac.
292 2741 362 2801 Obs.
380 2740 504 2802 XVIII.
522 2741 572 2804 32.
589 2741 674 2830 [Ἢ
691 2766 742 2827 ap.
760 2743 891 2808 Gruter.
904 2768 938 2827 p.
957 2745 1085 2806 CCVII.
1103 2743 1153 2830 1.]
1176 2744 1337 2808 Attamen
1363 2743 1398 2807 id
1412 2743 1458 2804 vix
1518 2787 1519 2808 t

211 2847 466 2930 intelligendum
483 2851 668 2934 putaverim
687 2851 869 2934 devincis,
888 2852 1056 2936 aedificiis,
1076 2853 1180 2940 agris,
1200 2873 1286 2937 quae
1304 2873 1458 2914 nonnum-

212 2978 309 3042 quam
331 2955 489 3040 sepulcris
508 2958 642 3022 adnecti
658 2960 810 3024 solebant
830 2961 871 3024 ad
895 2982 1008 3024 eorum
1027 2961 1174 3025 tutelam.
1198 2959 1299 3048 Cujus
1319 2960 1373 3023 rei
1392 2981 1457 3045 per—

212 3065 315 3128 multa
337 3064 491 3151 exempla
511 3076 585 3131 sunt
604 3069 692 3152 apud
713 3067 888 3132 Gruterum
909 3072 1068 3152 Inscrsirtt.
1083 3092 1116 3152 p.
1130 3067 1328 3132 DGOXVII.
1344 3092 1375 3131 n.
1390 3069 1417 3131 7.
1428 3089 1456 3150 p.

153 3240 155 3249 ¹
212 3173 385 3236 DGGOIII.
404 3197 434 3236 n.
453 3173 483 3239 8.
499 3197 530 3256 p.
543 3175 795 3236 DCCOLXVII.
814 3177 1455 3260 n.5.p.1)00L111.n.4.p.1)0XXlll.

211 3304 242 3344 n.
258 3281 287 3344 8.
303 3305 336 3364 p.
357 3282 573 3345 DOXXXVI.
590 3305 619 3345 n.
637 3281 687 3344 12.
702 3306 736 3366 p.
760 3283 956 3347 COCXCIX.
976 3307 1007 3347 n.
1025 3284 1054 3346 l.
1077 3296 1112 3348 et
1129 3285 1281 3348 Reinesii
1307 3288 1449 3368 Inseruit.

214 3390 313 3452 Closs.
328 3389 359 3451 V
356 3391 380 3452 I.
390 3413 423 3472 p.
435 3389 507 3452 450.
516 3413 547 3454 π.
564 3391 663 3452 CXII.
686 3389 795 3468 Quum
810 3415 891 3455 vero
908 3393 1118 3458 nihilominus
1127 3395 1183 3478 jus
1198 3393 1369 3457 inferendi
1385 3413 1453 3478 quo-

212 3496 388 3559 dammodo
407 3499 440 3560 in
460 3498 657 3562 commercio
675 3508 778 3563 esset:
794 3499 894 3564 facile
913 3500 1141 3586 intelligimus,
1167 3524 1224 3564 cur
1239 3502 1391 3565 caverint
1407 3520 1455 3562 ve-

211 3609 299 3667 teres
319 3604 352 3667 in
370 3609 588 3670 monumentis
608 3607 683 3690 suis,
699 3630 739 3670 ne
755 3613 933 3692 ewulm-um
952 3620 1140 3683 mutaretur,
1156 3632 1233 3672 neve
1244 3615 1376 3682 oenIret,
1391 3629 1456 3672 nese

211 3713 392 3786 donaretur,
415 3738 492 3778 neve
512 3720 645 3798 pignori
663 3718 864 3798 obligaretur,
894 3740 972 3780 neve
992 3720 1032 3779 de
1052 3722 1175 3781 amoene
1196 3724 1295 3780 exeret
1311 3715 1456 3796 familiae,

212 3842 269 3882 neo
298 3823 361 3884 ullo
386 3825 475 3885 modo
501 3824 752 3886 abalienantur:
779 3824 913 3889 Gruteri
935 3827 1093 3908 Insonplt.
1111 3848 1146 3911 p.
1168 3825 1362 3888 Ducum
1386 3847 1415 3888 n.
1431 3823 1456 3882 5.

209 3950 241 4010 p.
264 3929 437 3991 neom.
459 3951 490 3993 n.
514 3931 562 4013 2„
585 3931 772 3996 comminati
799 3934 897 3997 etiam
921 3954 1063 4018 poenam
1088 3933 1164 3996 fisco
1188 3933 1396 3998 inferendam
1414 3931 1456 4003 iis,

213 4037 269 4120 qui
288 4058 379 4101 secus
395 4037 514 4101 facturi
531 4047 655 4102 essent:
671 4035 805 4104 Gruteri
820 4043 977 4124 Inscrzptt.
990 4067 1025 4127 p.
1040 4040 1241 4104 nouom
1258 4064 1289 4103 n.
1308 4041 1360 4103 13.
1383 4039 1456 4103 Rei-

212 4143 296 4207 nesii
313 4147 470 4229 Insoriptt.
489 4143 587 4210 Closs.
604 4149 629 4209 I.
644 4170 676 4230 p.
694 4148 744 4210 87.
759 4170 789 4210 n.
804 4149 923 4210 XLIII
939 4147 1073 4214 Selden.
1089 4151 1128 4212 de
1148 4150 1281 4230 Synedr.
1299 4151 1378 4212 Etr.
1394 4149 1417 4210 I.
1431 4149 1456 4206 5.

212 4253 404 4339 Aliquando
424 4262 534 4318 tamen
556 4265 590 4320 et
615 4257 719 4321 divisa
740 4255 889 4342 sepulcra
914 4257 1069 4343 legimus,
1091 4278 1199 4343 eoque
1225 4257 1373 4342 pertinet
1395 4256 1456 4317 for-

213 4361 315 4428 mula:
333 4381 370 4427 ns
388 4381 497 4427 eanrn
511 4381 648 4429 munus
664 4381 738 4443 sus,
751 4367 839 4449 apud
856 4365 1033 4430 Gruterum
1047 4369 1204 4450 Inscrtmt.
1216 4390 1249 4450 p.
1267 4363 1454 4428 DOLXXII.

211 4491 242 4530 n.
265 4471 315 4534 14.
331 4493 364 4555 p.
387 4471 611 4536 DOCLXXII.
633 4495 663 4536 n.
686 4473 715 4534 l.
736 4497 768 4557 p.
791 4474 1052 4536 DGCGCXLVI.
1078 4498 1108 4537 n.
1127 4477 1157 4537 5.
1181 4485 1214 4539 et
1237 4473 1386 4538 Reinesii
1408 4471 1454 4531 In-

212 4583 329 4660 scriptt.
352 4579 449 4642 Closs.
465 4581 522 4641 IX.
535 4603 570 4664 p.
587 4581 658 4642 564.
674 4603 704 4643 n.
723 4581 896 4644 XXXIIX.
911 4592 940 4646 et
958 4584 1113 4646 XXXIX.
