3130 5148
211 371 286 424 xlv
623 353 829 421 Pnaasnrro
854 347 1050 420 Hiasonur.

212 530 255 592 H.
272 549 371 614 quum
382 535 493 591 tamen
506 525 549 592 sit
562 524 791 609 Gannags'eten‘.
807 527 929 612 Neque
943 524 1039 590 novis
1048 521 1176 592 mendis
1192 520 1284 596 caret
1297 529 1382 594 baec
1393 529 1468 596 edt-

211 637 272 717 tio,
290 635 383 699 velut
404 634 439 698 in
456 637 600 718 Adpead.
616 635 680 699 Ls‘t.
696 636 721 696 Ι.
736 636 765 718 §s
780 634 832 700 54.
848 635 882 698 in
902 635 992 718 cujus
1008 634 1104 698 initio
1126 643 1217 719 post:
1239 641 1399 728 ‚populas
1408 640 1468 721 ju-

210 743 365 815 bebatur,''
380 731 576 809 euoiderunt
592 741 686 825 plura
700 746 819 810 uerba:
842 751 1013 818 ‚armatos
1029 744 1139 806 adesse
1159 747 1193 806 in
1211 763 1318 826 campo
1337 745 1467 819 Martio,

211 851 267 912 aba·
282 851 507 912 lustrabatur?
530 849 698 930 Ceterum,
713 848 804 933 quod
825 849 939 912 mirum
955 849 1063 914 videri
1084 851 1198 934 possit,
1221 852 1323 917 serius
1342 851 1469 916 editio-

211 958 262 1021 nis
276 959 423 1022 Batavae
444 955 533 1022 fama
554 966 737 1041 propagata
757 962 808 1020 est
827 955 869 1020 ad
886 955 1089 1038 Germanos,
1105 979 1302 1044 quamquam
1317 947 1470 1045 ejus'no·

210 1065 316 1129 titiam
339 1064 401 1130 sibi
424 1068 615 1148 comparare
637 1071 793 1147 poterant
818 1083 837 1126 e
859 1067 1067 1149 Samiopere
1090 1064 1191 1150 paulo
1220 1075 1297 1130 ante
1318 1066 1468 1131 laudato.
1520 1076 1523 1092 ¹

211 1174 268 1252 17)
289 1173 433 1236 Seorsim
453 1175 486 1236 Τ.
503 1173 528 1234 Ι.
545 1173 587 1234 ΙΙ.
603 1171 709 1234 Venct.
725 1168 817 1234 1796.
833 1170 884 1234 12.
899 1191 962 1234 nec
977 1193 1044 1235 non
1059 1171 1118 1252 18)
1136 1174 1262 1236 totidem
1280 1175 1379 1236 Ίὶκιιίε
1394 1175 1468 1238 sisu.

210 1280 478 1366 1797.12.cujus
500 1289 609 1345 tamen
625 1280 675 1342 rei
693 1276 775 1342 fides
790 1279 832 1340 sit
853 1299 956 1362 penes
976 1281 1144 1354 lbrresioa
1161 1278 1314 1344 librarios
1329 1281 1469 1366 Neapo-

211 1386 332 1450 litanos
345 1389 393 1468 *).
414 1388 527 1472 Atque
551 1387 635 1450 haec
657 1387 700 1450 da
722 1385 945 1470 superioribus
966 1385 1044 1450 libri
1065 1388 1286 1452 Heinecciani
1307 1386 1469 1452 editioni-

210 1494 271 1557 bus
288 1494 378 1558 dicta
392 1495 563 1558 sufficiant.

179 1643 183 1651 f
293 1602 380 1683 Jam,
395 1601 477 1687 quid
493 1603 527 1666 in
541 1603 602 1667 bac
617 1601 791 1667 novissima
806 1611 975 1686 praestare
990 1601 1202 1686 intenderim,
1216 1604 1328 1689 paucis
1343 1613 1394 1668 cst
1406 1627 1469 1668 ex·
1535 1671 1537 1678 s

212 1710 413 1794 ponendum.
434 1711 544 1788 Quum
559 1710 662 1796 igitur
683 1710 725 1773 ab
741 1729 843 1794 opere
866 1716 979 1774 tantae
996 1711 1199 1776 auctoritatis
1216 1720 1250 1776 et
1269 1733 1348 1776 vcro
1365 1712 1466 1776 etiam

211 1816 364 1880 utilitatis
392 1818 493 1901 plane
517 1817 729 1882 reformando
746 1818 815 1902 jam
839 1839 881 1882 ea
901 1817 944 1881 de
976 1839 1088 1882 caussa
1107 1819 1351 1902 abhorruerim,
1374 1820 1467 1905 quod

211 1924 315 1988 lectio
336 1926 414 1990 libri
434 1925 655 1989 Heinecciani
677 1925 803 2009 optima
823 1926 943 1988 mento
964 1925 1106 1990 habetur
1134 1928 1315 2000 summatim
1338 1949 1467 2012 cogno-
1540 1981 1558 2010 ,

212 2033 354 2096 scendae
367 2033 650 2118 jurisprudentiae
665 2031 859 2115 historicae,
880 2033 1011 2117 qualem
1031 2033 1152 2102 heroes
1175 2035 1292 2098 aetatis
1314 2045 1468 2122 praeter-

211 2141 297 2223 itae,
313 2141 471 2223 Noodtii,
493 2141 709 2225 Schultingii,
723 2141 1006 2225 Bynkershoekii,
1022 2142 1256 2230 edolaverant,
1279 2141 1466 2227 disciplina,

211 2250 275 2314 bac
296 2270 377 2314 vero
398 2269 511 2312 carere
530 2257 716 2335 nequeunt,
732 2249 789 2333 qui
805 2231 1052 2334 progressuum,
1068 2271 1151 2336 quos
1168 2249 1283 2314 eadem
1300 2271 1351 2314 ars
1373 2259 1467 2334 post-

211 2358 344 2422 modum
367 2358 463 2439 iecit,
490 2357 629 2421 fructum
650 2355 807 2419 idoneum
831 2378 950 2450 capere
972 2346 1124 2443 cupiunt3
1146 2379 1187 2421 ne
1204 2358 1248 2420 de
1262 2357 1382 2424 ceteris
1403 2357 1468 2420 im-

211 2465 411 2550 pedimentis
432 2485 520 2528 nunc
542 2464 666 2547 dicam,
683 2485 768 2548 quae
792 2465 851 2528 tali
868 2464 1006 2528 consilio
1028 2485 1099 2528 sese
1120 2466 1260 2530 fuissent
1275 2463 1466 2548 objectaret

211 2572 317 2657 prima
332 2574 495 2634 Heineccai’
511 2573 622 2635 denuo
640 2571 763 2635 edendi
777 2571 836 2635 lex
851 2573 935 2636 haec
950 2593 1021 2635 esse
1044 2563 1170 2656 debuit,
1186 2582 1222 2636 ut
1241 2573 1384 2640 sollicite
1401 2573 1466 2650 eir-

131 2693 135 2704 “
212 2681 446 2764 cumspicerem
469 2689 569 2764 atque
591 2675 820 2765 conquirerem
837 2701 894 2760 ea,
910 2701 996 2765 quae
1019 2679 1166 2744 melioris
1183 2691 1286 2745 notae
1307 2678 1467 2744 editioni-

213 2790 272 2852 bus
295 2807 413 2871 reapse
429 2788 500 2872 jam
522 2786 684 2870 inessent,
706 2788 776 2852 sive
792 2787 834 2850 ab
856 2788 928 2872 ipso
945 2789 1119 2861 nemaeus,
1141 2788 1211 2852 sive
1227 2790 1269 2852 ab
1291 2787 1364 2852 aliis
1384 2789 1465 2852 viris

212 2897 319 2959 doctis
344 2905 454 2959 essent
477 2894 609 2960 collata.
641 2895 754 2973 Quare
776 2901 909 2979 praeter
934 2895 1115 2958 editionem
1138 2895 1363 2960 Basileensem
1386 2896 1464 2959 anui
1556 2915 1557 2920 ¹

212 3004 303 3066 1742.
323 3005 426 3082 (num.
441 3003 503 3086 6.),
525 3003 577 3066 cui
600 3013 764 3088 tamquam
787 3002 1003 3066 fundamento
1025 3010 1170 3066 nostrum
1194 3001 1378 3071 aedificium
1401 3003 1465 3067 fuit

212 3111 465 3196 imponendum,
480 3111 684 3176 adhibendas
699 3109 810 3174 curavi
825 3117 891 3173 tres
907 3109 988 3174 alias
1006 3110 1172 3174 editiones
1186 3109 1366 3194 primarias,
1382 3131 1464 3196 qua-

212 3239 282 3285 rum
299 3239 451 3304 quaeque
474 3219 654 3305 aliquidiu
676 3239 711 3281 se
727 3217 932 3301 contineret,
947 3217 1039 3304 quod
1060 3218 1299 3282 adornandum
1313 3218 1465 3282 Heinec-

212 3327 307 3418 cium
323 3327 467 3392 valeret:
499 3326 730 3391 Genevens'em
754 3326 830 3390 anni
857 3325 949 3388 1747.
977 3329 1087 3406 (num.
1107 3327 1175 3410 a),
1198 3328 1289 3412 cujus
1318 3308 1485 3410 singulas.

212 3434 432 3518 adcessiones,
447 3444 505 3500 aut
521 3435 650 3517 eodem,
667 3455 733 3518 quo
747 3434 782 3497 in
797 3441 978 3518 prototypo
995 3433 1189 3517 obveniunt,
1211 3433 1306 3518 signo
1322 3431 1339 3519 [
1379 3432 1395 3518 ]
1412 3433 1464 3498 in-

212 3541 335 3619 clusas,
361 3552 438 3625 aut,
458 3542 569 3627 quoad
591 3542 729 3628 integris
750 3540 1089 3606 animadversionibus
1110 3549 1278 3623 coustant,
1294 3539 1464 3626 duplicata

210 3651 325 3714 littera
335 3650 518 3734 insignitas,
530 3650 658 3734 recepi;
670 3650 988 3734 Argentoratensem
1005 3649 1083 3712 anni
1093 3649 1187 3712 1755.
1202 3653 1305 3728 (uam
1319 3648 1388 3730 ll.)
1407 3669 1463 3712 cu-

205 3761 261 3844 jus
276 3758 406 3822 notulas
421 3757 589 3822 addititias
606 3757 742 3834 retinui3
755 3758 912 3822 Batauam
927 3756 1073 3841 denique
1085 3755 1162 3819 anni
1173 3755 1266 3818 17’77.
1276 3757 1382 3836 (uum.
1390 3754 1459 3836 16.)
1507 3801 1514 3814 .

213 3888 233 3929 e
248 3887 331 3950 qua,
345 3854 438 3950 ¹quae
453 3868 560 3928 Herm.
580 3867 827 3948 Omaacgcbterua
846 3855 1034 3948 adnotavit,
1050 3863 1086 3926 in
1105 3863 1204 3926 imam
1223 3862 1378 3947 cujusque
1401 3884 1464 3946 pa·-

212 3976 311 4062 ginae
327 3993 434 4049 oram,
448 3971 625 4042 dimidiatis
638 3973 796 4038 columnis
812 3982 846 4034 et
864 3969 1048 4056 praemissis
1070 3970 1355 4055 uumeris,.rejeci.
1376 3970 1464 4034 Pro-

212 4082 300 4144 xima
315 4101 394 4144 cura
415 4079 493 4157 fuit,
508 4089 592 4145 utet
611 4090 788 4146 contextus
807 4087 842 4142 et
862 4087 963 4142 notae
982 4100 1080 4163 quam
1102 4076 1368 4142 emendatissime
1389 4077 1463 4140 lieri

212 4197 322 4272 posset
339 4187 587 4272 exhiberentur,
604 4207 792 4272 summaque
810 4207 881 4248 cum
895 4183 1072 4270 diligentia
1086 4184 1172 4269 typis
1187 4183 1461 4248 describerentur.

216 4352 483 4365 —————--

263 4444 293 4510 *)
317 4444 441 4512 Catcloyo
460 4446 484 4498 I.
503 4446 531 4497 di
553 4443 615 4496 libri
638 4441 760 4495 vendibili
780 4459 874 4509 presso
895 4442 1037 4496 irmioni
1057 4442 1155 4496 Terras
1179 4443 1299 4512 (Nepoti
1318 4445 1393 4496 1802.
1410 4443 1458 4503 8.)

209 4548 236 4598 p.
253 4534 314 4582 222.
