3062 5156
489 379 569 452 sna
594 381 849 454 (luseramus.

535 597 538 606 .
641 560 672 641 g.
692 559 722 622 2

416 669 708 743 turcomanorum
725 685 751 728 et
764 677 949 745 prods'pmm.
980 682 986 690 '

143 779 194 840 Ex
214 777 345 862 legibus
368 776 441 840 XII
466 774 670 839 Tabularum
686 781 715 858 ο)
740 787 907 841 curatores
934 778 1145 862 accipiebant
1175 792 1309 842 contest

74 895 103 949 et
118 898 258 949 cuonrat.
279 881 386 962 Quam
401 883 513 968 legem
531 881 785 948 decemviralem
802 905 845 947 ex
866 883 972 948 Gicer.
993 881 1126 962 Quaest'
1143 884 1232 948 Ilaec.
1249 887 1328 974 'III'
1354 879 1356 886 ‘

74 993 116 1054 ll.
133 1001 165 1055 et
183 994 222 1054 de
241 993 362 1054 Inueni.
380 993 422 1054 II.
438 993 489 1054 59.
504 993 551 1056 ita
574 993 720 1055 restituit
736 992 964 1056 Gotbofredus
982 995 1027 1055 od
1039 995 1112 1054 XII
1125 993 1217 1055 Tati.
1238 993 1311 1053 aab.

79 1101 108 1160 V.
123 1116 151 1163 sr
169 1115 332 1163 rumoso·
354 1115 425 1161 aur
445 1115 612 1164 reomaus
637 1116 821 1183 axsrsrnr,
841 1117 887 1162 nr
913 1117 947 1162 ar
965 1115 1092 1164 cuseos
1111 1118 1177 1164 unc
1203 1115 1311 1181 asem,

75 1223 271 1272 rennuerunt
287 1223 546 1300 catenatumque
562 1225 598 1270 m
612 1226 655 1270 uo
673 1224 859 1272 rucumavu
879 1221 960 1270 mus
977 1222 1154 1290 remesses¹
1166 1222 1251 1270 asro
1267 1208 1311 1286 11).

77 1314 216 1390 Quamvis
239 1313 347 1376 adhuc
368 1317 483 1398 quaeri
505 1317 623 1400 possit,
641 1297 747 1380 utrum
768 1335 811 1378 ex
834 1316 943 1381 verbis
958 1315 1249 1396 Decemvirorum,
1271 1333 1312 1378 au

77 1443 112 1484 ex
128 1422 315 1486 eorumdem
330 1401 607 1505 interpretatione
623 1429 701 1486 nata
711 1423 753 1486 sit
768 1422 982 1510 prodigorum
998 1422 1136 1486 curatio.

648 1599 677 1680 s.
698 1598 729 1663 a.

283 1715 411 1784 Prodigia
429 1723 539 1768 curator
558 1715 634 1767 dotus
651 1724 711 1784 port
728 1716 936 1768 interdictionem
957 1713 1092 1768 bonorum.

146 1815 254 1893 Quum
276 1837 357 1879 vero
378 1816 476 1879 initio
500 1823 535 1878 et
549 1815 682 1900 prodigi
705 1822 739 1878 et
762 1815 877 1880 furiosi
899 1817 972 1901 ipso
992 1817 1070 1900 jur'e
1096 1815 1313 1898 adgnatorum

76 1923 303 2008 gentiliumque
322 1923 486 1987 curationi
511 1925 695 1988 subessent:
715 1925 753 1987 L.
772 1920 802 1986 1.
819 1945 869 2006 pr.
889 1924 930 1986 1).
950 1925 989 1986 de
1013 1923 1086 1984 Cur.
1102 1922 1220 2000 furtos.
1237 1942 1316 2005 pro-

76 2030 134 2113 digi
148 2038 264 2114 postea
278 2039 345 2094 tum
369 2030 499 2093 demum
516 2042 699 2094 curatorem
716 2031 935 2115 accipiebant,
955 2029 981 2091 si
997 2027 1240 2113 postulantibus
1256 2027 1316 2090 ad-

75 2140 170 2222 gnatis
189 2138 273 2216 (vid.
290 2137 403 2201 Valer.
419 2135 509 2199 Max.
531 2135 617 2198 VIII.
633 2137 678 2218 6.)
699 2137 738 2200 iis
758 2161 778 2201 a
793 2139 954 2201 Praetore
971 2135 1167 2220 interposita
1181 2143 1316 2198 senten-

75 2247 114 2308 tia
140 2245 232 2308 bonis
255 2254 342 2308 esset
364 2243 592 2307 interdictum:
616 2243 702 2306 1,.1.
726 2245 767 2304 D.
792 2245 830 2305 de
856 2243 930 2307 Cur.
942 2245 1058 2321 soruba.
1083 2241 1161 2325 Ulp.
1183 2245 1314 2324 Fragm.

75 2354 139 2415 XII
153 2351 182 2416 2.
197 2353 298 2417 Unde
316 2351 476 2415 Horatius
493 2353 633 2414 Sermon.
648 2352 685 2414 L.
700 2352 743 2412 II.
761 2349 830 2412 Sat.
844 2348 874 2411 3.
891 2371 918 2412 v.
932 2349 1004 2413 217.
1019 2370 1064 2429 aq.

280 2496 320 2506 -
342 2495 384 2506 -
404 2493 429 2505 —
468 2461 637 2522 Interdc'cto
652 2459 723 2520 bute
737 2478 827 2519 onrne
841 2459 960 2520 edebant
967 2459 1025 2539 jus

280 2565 428 2639 Praetor,
444 2568 534 2628 etad
553 2587 646 2629 sanos
662 2567 752 2628 abeat
768 2567 867 2628 tutela
877 2569 1079 2648 propinquos.

76 2673 121 2735 Ex
137 2693 198 2758 quo
214 2671 311 2736 simul
326 2680 420 2756 patet
434 2674 536 2756 ratio,
553 2695 611 2736 cur
631 2675 722 2754 furor
737 2680 924 2736 contractus
948 2671 1057 2734 statim
1073 2669 1113 2732 ab
1126 2668 1222 2732 initio
1239 2669 1318 2732 red-

80 2780 183 2844 diderit
206 2781 336 2862 irritos,
362 2781 509 2864 quamvis
537 2781 676 2846 furiosus
699 2780 916 2866 adgnatorum
945 2778 1148 2842 curationem
1171 2777 1316 2840 nondum

77 2887 228 2971 subiisset,
247 2885 406 2974 prodigus
421 2910 513 2971 vero,
529 2889 717 2974 priusquam
746 2889 778 2950 ei
797 2895 885 2950 esset
900 2887 995 2950 bonis
1011 2883 1241 2966 interdictum,
1257 2907 1318 2948 va-

76 2993 132 3057 lide
148 2996 363 3060 contraxerit.
638 3007 641 3016 ‘

650 3128 679 3208 §-
702 3128 732 3189 4.

477 3245 606 3298 Formula
624 3244 799 3298 interdicendi
816 3241 897 3296 bonis.

144 3344 346 3426 Formulam‚
363 3366 427 3430 qua
441 3346 537 3409 bonis
553 3344 775 3408 interdicebat
789 3345 941 3422 Praetor,
960 3338 1105 3404 servavit
1118 3336 1217 3412 nobis
1229 3321 1318 3400 Pauss

76 3447 117 3513 lus
129 3453 268 3534 Recepta
286 3451 555 3516 senensem.
572 3456 613 3516 A.
626 3453 656 3516 7.
674 3467 814 3528 oununo
831 3468 900 3513 run
917 3465 1007 3512 noua
1025 3461 1181 3511 aurnuns
1198 3461 1318 3508 amra-

78 3572 133 3630 Quu
148 3574 317 3634 nuceram
337 3575 406 3621 run
422 3575 610 3643 ursmarus,
626 3573 836 3634 arsurosque
855 3572 942 3620 ruos
957 3572 1004 3618 nn
1018 3566 1220 3619 caussarum
1239 3568 1317 3616 rnn-

134 3790 161 3855 ο)
180 3787 348 3842 verosimile
361 3794 452 3844 tumen
463 3796 512 3855 est,
527 3807 590 3843 eum
604 3805 708 3843 morem
720 3791 778 3856 jam
793 3791 855 3840 aute
869 3787 942 3853 leges
955 3784 1015 3837 XII
1029 3783 1197 3836 Tabularum
1214 3781 1319 3834 Romae

78 3867 192 3935 viguisse.
210 3873 340 3930 Moribus
358 3891 424 3928 saue
441 3875 493 3929 ista
510 3875 677 3928 furiosorum
700 3872 934 3939 prodigorumque
957 3865 1064 3920 curatio
1081 3864 1223 3918 tribuitur:
1241 3866 1274 3918 L.
1295 3872 1317 3917 1.

79 3953 107 4005 D.
123 3957 152 4008 de
170 3959 263 4012 cierat.
270 3958 372 4026 furios.
386 3966 413 4013 et
424 3961 497 4026 apud
516 3961 595 4012 Paul.
615 3961 736 4026 Recepta
756 3955 871 4008 sentent.
890 3953 948 4006 111.
966 3957 992 4005 4.
1011 3951 1094 4014 Quod
1107 3963 1192 4017 quum
1205 3949 1320 4015 intelligi

78 4037 140 4092 baud
164 4043 255 4107 possit
279 4043 314 4096 de
331 4043 468 4108 moribus,
491 4049 556 4110 post
572 4059 605 4096 ee
622 4050 746 4108 tempora
763 4029 874 4092 demum
891 4037 1023 4102 receptis:
1044 4034 1195 4101 (siquidem
1212 4033 1275 4097 Uip.
1295 4035 1321 4086 d.

78 4122 105 4174 b
122 4129 143 4176 l.
160 4126 191 4176 de
214 4125 389 4193 Gur-furios.
407 4131 476 4182 bano
492 4129 661 4182 curationem
678 4128 790 4196 quidem
808 4139 844 4178 ex
861 4125 921 4176 ΧΠ
933 4119 1046 4174 Tabulis
1062 4117 1183 4181 arcessit,
1201 4117 1250 4171 sed
1268 4115 1320 4172 iui-v

78 4205 137 4260 unm
152 4215 243 4264 lamen
270 4210 393 4276 ejusdem
419 4215 514 4270 tribuit
536 4213 686 4279 moribus),
705 4212 802 4276 procul
825 4208 909 4260 mrbio
929 4207 989 4273 iam
1007 4204 1058 4256 sub
1076 4202 1186 4268 regibus
1204 4200 1262 4254 dati
1278 4202 1320 4253 fu·
1418 4241 1425 4258 .
1513 4207 1514 4226 ¹

78 4291 150 4344 riosis
169 4301 234 4346 suut
251 4301 398 4351 curatores.
417 4300 469 4352 Est
486 4314 519 4350 ea
537 4296 741 4350 sententiolae.
753 4293 867 4360 Gujacii
886 4293 945 4344 Iao.
963 4286 1132 4352 Gotbotrcdi,
1150 4287 1322 4354 aliorumque

78 4373 190 4430 virorum
207 4380 359 4445 doctorum,
377 4400 460 4451 quam
478 4386 550 4436 male
567 4383 710 4448 impugnat
727 4381 769 4432 Va
781 4379 812 4430 C.
830 4379 892 4430 Jau.
909 4391 926 4426 a
940 4375 1024 4428 Costa
1042 4371 1078 4424 od
1090 4371 1111 4438 ξ.
1128 4375 1151 4422 1.
1165 4369 1231 4422 Iasi.
1244 4370 1278 4420 de
1290 4369 1321 4422 J.

80 4458 108 4509 N.
125 4463 156 4514 G.
167 4472 193 4512 et
209 4464 238 4516 0.
252 4465 424 4530 et§·3.1aat.
437 4469 463 4522 Ιι.
476 4477 494 4520 t.
514 4468 578 4521 Vid.
594 4464 743 4529 Scirultiug.
757 4464 793 4516 ad
806 4461 1062 4526 Penelopam.
1080 4455 1159 4508 Heio.
1246 4503 1248 4510 .

141 4547 172 4610 d)
194 4548 235 4598 ct.
251 4546 368 4602 Dirksen
382 4553 471 4604 Kritik
483 4571 509 4606 u.
525 4551 696 4613 Herstelluup
710 4550 734 4601 d.
750 4547 815 4599 XII
830 4537 1323 4610 Tusci-Fropm.p.369-380.]l1a'ild.

1072 4625 1128 4691 ,13
