3040 5164
139 293 142 298 ’
188 323 262 388 coa
498 355 501 363 ι
624 313 1002 384 lm.ll.Tn=.vl11.

190 491 387 576 Exemplum
417 498 467 555 est
496 490 583 575 apud
605 490 801 553 Terentium
823 491 927 553 Andr.
948 490 1019 552 Act.
1046 487 1081 552 V.
1109 509 1202 552 oceno
1222 489 1253 550 4.
1276 509 1304 550 o.
1324 489 1372 552 47.
1391 511 1433 572 oq.

192 601 365 665 Chremes:
806 648 812 652 -

189 689 194 696 ’
553 742 579 751 -
616 741 644 750 -
679 704 754 776 Dos,
777 704 950 784 Pamphile,
971 715 1018 766 est

552 812 667 872 Decem
687 814 816 874 talento.
841 813 900 872 ΡΛ.
923 789 1077 892 Accipio.¹

192 938 242 1000 Ea
258 935 345 997 enim
363 933 465 998 verba
479 933 652 996 sollemnia
668 934 868 1027 ‹it—legitima
886 932 986 998 fuisse
1001 937 1156 998 observat
1171 936 1326 1003 Donatus
1340 935 1438 998 Scho-

173 1030 304 1108 ¹liastes
317 1042 367 1105 his
379 1043 504 1105 verbis:
517 1043 575 1103 Ille
586 1031 649 1102 o'r'si
661 1043 805 1102 dixisset:
816 1062 968 1114 roomo,
979 1043 1034 1102 doe
1047 1063 1109 1103 noo
1126 1049 1217 1104 esset.
1232 1043 1332 1106 Unde
1345 1043 1433 1108 facte

195 1159 300 1236 patet,
316 1149 401 1212 hanc
416 1148 607 1212 sollemnem
625 1149 725 1210 fuisse
742 1148 853 1232 dotem
864 1149 1275 1219 constituendiformulam
1291 1174 1311 1213 a
1322 1153 1439 1213 datione

193 1259 231 1322 ac
244 1260 446 1340 promissione
462 1258 539 1318 dotis
562 1255 829 1320 diversissimam:
845 1255 920 1318 add.
936 1254 1050 1319 Sidon.
1069 1257 1098 1318 A
1103 1256 1219 1339 pollin.
1237 1259 1341 1339 Epist.
1357 1258 1437 1318 Ι.11.

194 1365 295 1430 Tales
311 1363 471 1427 formulae
485 1363 595 1426 dotem
614 1363 746 1426 dicendi
762 1370 935 1426 occurrunt
952 1363 1051 1426 etiam
1068 1364 1188 1447 injure
1203 1373 1337 1428 nostro:
1353 1364 1439 1425 Mu.

193 1473 231 1533 L.
247 1472 298 1533 44.
314 1473 342 1554 §.
358 1471 387 1532 1.
403 1473 440 1534 L.
454 1471 505 1534 46.
520 1473 549 1553 §.
563 1471 592 1532 1.
609 1471 647 1532 L.
661 1469 711 1532 57.
721 1475 823 1552 preire.
839 1472 881 1534 D.
896 1473 935 1532 de
949 1472 1028 1534 Jure
1043 1473 1104 1532 dot.

778 1619 807 1699 ς.
828 1617 858 1679 r.

466 1718 521 1793 Qui
538 1735 610 1794 dore,
620 1735 786 1802 promittere,
807 1735 893 1786 dicere
912 1735 998 1786 dotem
1012 1736 1167 1803 potuerint?

277 1837 391 1898 Dicere
410 1855 490 1898 vero
514 1834 626 1898 dotem
652 1840 785 1917 poterat
806 1836 877 1918 ipsa
900 1835 1033 1915 mulier,
1049 1835 1104 1898 vel
1131 1837 1201 1921 ejus
1224 1836 1364 1918 debitor,
1385 1837 1433 1900 vel

194 1952 307 2028 pater,
338 1964 432 2021 avus,
460 1941 583 2029 aliique
611 1963 673 2024 per
696 1941 824 2004 virilem
854 1963 967 2005 sexum
991 1944 1191 2027 cognatione
1212 1945 1330 2028 juncti.
1354 1947 1434 2004 liare

195 2057 304 2113 autem
332 2057 365 2111 et
387 2054 571 2131 promittere
592 2049 716 2112 licebat
739 2049 906 2130 omnibus,
934 2049 1060 2124 etiarnsi
1084 2049 1175 2112 nulla
1197 2052 1436 2134 propinquitate

195 2157 394 2243 conjunctis:
420 2156 555 2240 Ulpiani
577 2159 707 2239 Fragm.
729 2157 779 2216 VI.
796 2157 826 2218 2.
843 2165 876 2218 et
900 2156 1035 2219 Paullus
1050 2158 1087 2219 Ι..
1102 2158 1152 2218 41.
1169 2159 1209 2219 1).
1233 2160 1273 2220 de
1288 2149 1368 2220 Jore
1387 2160 1438 2219 dot.

195 2266 273 2349 Ipsa
284 2285 363 2328 vero
379 2264 497 2327 mulier
508 2262 590 2327 nihil
605 2267 638 2327 in
651 2263 701 2326 his
713 2271 846 2348 poterat
861 2265 931 2326 sine
943 2265 1139 2328 auctoritate
1156 2272 1318 2329 tutorum:
1332 2266 1438 2329 Cicero

192 2395 250 2456 pro
272 2375 385 2436 Flacco
400 2395 424 2434 c.
443 2372 494 2434 34.
519 2379 553 2434 et
567 2372 619 2434 35.
641 2373 720 2435 Doti
739 2373 865 2434 Valeria
881 2377 1044 2452 pecaniam
1065 2387 1182 2435 omnem
1202 2395 1295 2436 strom
1315 2376 1440 2436 diderat.

195 2482 284 2543 Nihil
303 2485 431 2542 istorum
455 2483 605 2563 explicari
626 2489 743 2565 potest,
768 2485 832 2542 misi
850 2482 1039 2552 ostenderis,
1065 2483 1199 2542 illumin
1222 2485 1323 2543 tutelo
1347 2485 1443 2543 Flacci

195 2608 258 2650 ooo
267 2589 383 2665 sitisse.
406 2588 444 2649 Si
454 2589 536 2665 soit,
556 2608 767 2669 quoecumque
789 2591 856 2648 ar'oe
877 2588 932 2648 doe
953 2576 1081 2649 auctore
1099 2596 1148 2648 eat
1166 2589 1249 2648 dicto
1271 2591 1344 2660 doe,
1366 2592 1437 2652 nollo

196 2702 252 2758 est.
273 2692 427 2756 Addatur
443 2693 560 2756 Cicero
581 2695 650 2755 ibid.
666 2715 690 2755 c.
710 2693 760 2755 25.
781 2694 917 2776 Ulpiani
934 2697 1063 2775 Fragm.
1078 2694 1136 2755 XI.
1153 2693 1204 2756 27.
1225 2695 1316 2758 Hinc
1334 2697 1362 2758 si
1380 2696 1439 2758 nul-

197 2802 247 2865 lus
264 2810 335 2864 erat
351 2801 480 2864 mulieri
496 2809 598 2864 tutor:
617 2802 742 2865 dandus
758 2811 828 2864 erat
843 2802 1036 2864 aPraetore
1053 2804 1177 2866 urbano
1194 2823 1236 2866 ex
1252 2801 1332 2888 lege
1347 2803 1440 2888 Papia

197 2910 359 2994 Poppaea
379 2909 421 2971 ad
445 2908 555 2971 dotem
581 2909 737 2985 dandam,
760 2908 1287 3014 dicendam,(promittendamver
1312 2910 1439 2997 Ulpiani
1507 2909 1508 2984 l

199 3019 330 3099 Fragm.
346 3018 403 3079 XI.
418 3017 468 3078 20.
490 3017 544 3079 De
567 3039 608 3080 eo
630 3026 740 3081 tutore
760 3017 855 3101 plura
876 3015 1016 3078 diximus
1035 3018 1068 3080 in
1089 3019 1254 3080 Commeat.
1273 3022 1318 3080 od
1333 3020 1371 3081 L.
1389 3021 1438 3080 Jut.

200 3134 230 3188 et
251 3127 331 3206 Pop.
351 3127 449 3208 Popp.
465 3127 529 3188 Lib.
546 3128 588 3187 II.
608 3148 633 3188 o.
653 3125 702 3186 13.
718 3148 751 3207 p.
770 3125 905 3204 253ssq.
928 3126 984 3186 ubi
1007 3131 1041 3186 et
1065 3111 1283 3202 ostendimus,
1307 3134 1437 3189 tutorem

199 3233 329 3296 mulieri
349 3235 392 3296 ob
422 3232 549 3314 dotem,
575 3233 630 3295 vel
651 3231 779 3316 pupillo
805 3233 848 3294 ob
873 3231 965 3294 litem
985 3231 1190 3295 cum'tutore
1215 3233 1347 3313 datum,
1368 3234 1430 3295 ideo

198 3344 455 3432 Praetorionom,
474 3340 529 3403 vel
545 3345 746 3403 Praetorium
767 3339 968 3424 adpellatum
986 3360 1070 3420 esse,
1091 3331 1168 3425 quia
1183 3340 1236 3402 hic
1258 3364 1327 3407 non
1349 3342 1437 3406 daba-

201 3458 254 3513 tur
274 3447 472 3533 suffragante
488 3448 612 3532 majore
631 3454 725 3531 parte
743 3447 965 3510 Tribunorum
986 3447 1108 3530 plebis,
1127 3456 1163 3512 ut
1182 3448 1239 3511 alii
1260 3458 1388 3514 tutores
1403 3468 1438 3509 ex

201 3557 279 3642 lege
295 3556 401 3620 Atilia
423 3557 509 3636 dati,
525 3557 583 3620 sed
600 3579 619 3618 a
640 3555 711 3618 solo
729 3554 899 3618 Praetore.
922 3554 1010 3618 Add.
1026 3554 1163 3638 Ulpiani
1179 3557 1311 3638 Fragm.
1328 3559 1387 3620 XI.
1399 3555 1439 3618 it.

786 3717 814 3797 ς.
836 3713 865 3776 e.

498 3809 579 3891 'Quid
595 3833 642 3883 dos
656 3831 818 3900 projectitia,
838 3829 986 3892 adventitia,
1005 3831 1149 3898 recepir'tio.

225 3963 226 3967 ¹
286 3930 522 4017 Quaecumque
539 3942 634 4016 pater
649 3953 773 4017 genero
788 3931 841 3995 vel
857 3932 925 4014 ejus
941 3930 1026 4013 patri
1041 3929 1082 3992 ad
1099 3929 1237 3992 ferenda
1250 3927 1441 3992 matrimonii

152 4054 155 4060 “
202 4060 304 4112 onera
325 4038 478 4115 dederat,
495 4061 536 4103 ca
559 4041 645 4103 dotis
662 4044 858 4123 praffectitioe
879 4037 1011 4100 nomine
1034 4037 1222 4108 veniebant.
1246 4035 1344 4114 Quae
1370 4037 1441 4102 alius

165 4213 171 4222 ,
203 4146 399 4232 quicumque
427 4148 608 4230 obtulerat,
634 4148 693 4211 dos
722 4150 892 4210 adventitio
918 4147 1105 4210 vocabatur.
1129 4144 1181 4207 Ac
1206 4143 1285 4206 olim
1316 4145 1439 4228 quidem

202 4256 393 4340 profectitia
411 4278 518 4341 aeque
535 4279 573 4320 ac
588 4255 770 4321 adventitia
787 4257 845 4318 dos
862 4255 979 4318 marito
996 4253 1152 4326 cedebat:
1172 4252 1253 4331 (vid.
1270 4273 1367 4335 supra
1383 4249 1439 4310 Lib.

205 4365 229 4423 Ι.
250 4365 306 4426 lit.
326 4364 366 4426 X.
383 4365 411 4445 §.
430 4365 476 4444 7.)
502 4366 626 4428 Postea
642 4387 738 4448 quum
755 4385 828 4427 raro
845 4384 964 4426 uxores
981 4363 1013 4424 in
1026 4381 1153 4422 marnum
1171 4360 1397 4438 convenirent,
1411 4362 1439 4415 et

203 4468 468 4554 frequentissima
490 4480 604 4535 contra
627 4481 734 4536 essent
756 4471 913 4550 divortia,
938 4457 1094 4552 distingui
1120 4469 1206 4530 inter
1226 4465 1438 4550 profectitiam
