3062 5156
221 339 292 406 176
400 420 403 427 Ι
668 331 743 398 Lus.
770 330 798 399 l.
823 328 903 396 Tur.
928 329 1022 412 xvl.

220 507 394 584 dicebatur
407 503 452 586 l’).
473 504 581 589 quue
596 505 651 588 jus
666 504 758 569 velut
775 503 990 588 imaginariae
1006 505 1132 569 tutelae
1151 529 1171 571 a
1189 505 1369 573 fiduciariis
1385 517 1469 574 tuto-
1523 535 1524 564 1

218 616 308 678 ribus
333 611 472 696 primum
494 612 607 695 coepit
633 615 691 692 (ut
715 611 849 695 quidem
872 612 1009 676 credere
1028 613 1077 676 ias
1101 617 1188 694 est),
1207 634 1245 675 ac
1271 616 1412 680 subinde
1432 619 1470 680 ad

219 721 300 786 alias
325 717 501 782 tutelarum
527 719 735 782 muliebrium
756 719 882 802 species
902 720 1088 784 traductum
1112 728 1179 802 est,
1197 730 1342 806 excepta
1364 731 1469 788 tamen

218 827 370 913 legitima
390 825 504 889 tutela.
528 825 635 902 Quam
651 827 694 890 ob
715 847 784 890 rem
808 827 910 911 Gajus
934 827 1117 912 legitimam
1135 827 1307 892 mulierum
1324 830 1468 913 tutelam,

219 943 256 1000 ut
271 955 381 998 veram
399 954 438 996 ac
453 933 646 1016 perfectam,
658 936 700 997 ab
717 935 851 998 alterius
868 933 1000 1019 generis
1015 933 1316 1019 tutelissejungere
1328 936 1417 1001 solet
1430 943 1468 1018 ⁶);
1489 1017 1492 1026 ‚
1523 951 1524 966 ³

220 1062 286 1127 quo
303 1041 438 1126 quidem
448 1041 482 1102 in
498 1061 622 1123 genere
637 1050 734 1105 erant
749 1050 784 1106 et
802 1041 1041 1105 testamentarii
1057 1049 1193 1124 tutores,
1205 1052 1240 1107 et
1256 1043 1375 1127 optivi,
1392 1065 1469 1129 quos

220 1171 263 1214 ex
279 1148 386 1212 mariti
408 1154 606 1210 testamento
630 1149 693 1212 sibi
718 1149 867 1234 eligebat
887 1148 1005 1212 mulier
1023 1148 1069 1229 (ὃ.
1084 1148 1167 1230 18.),
1184 1157 1219 1213 et
1232 1149 1394 1234 Atiliani,
1419 1153 1469 1235 qui

218 1256 419 1342 petebantur
436 1277 457 1318 a
472 1255 665 1340 magistratu
679 1257 723 1337 ί1).
746 1259 968 1340 Posteaquam
991 1276 1072 1318 vero
1094 1255 1188 1339 Lege
1213 1256 1355 1321 Claudia
1377 1279 1469 1342 pror·
1523 1269 1524 1350 q

219 1386 270 1428 sus
287 1371 358 1426 erat
374 1383 393 1424 e
409 1360 519 1425 medio
535 1363 665 1427 sublata
680 1363 832 1448 legitima
846 1369 1041 1446 agnatorum
1058 1362 1181 1445 tutela,
1197 1383 1264 1427 non
1279 1364 1343 1428 nisi
1358 1373 1469 1449 patro·
1523 1409 1524 1414 κ

218 1492 332 1535 norum
357 1478 391 1533 et
405 1479 578 1552 parentum
599 1470 769 1553 legitimae
791 1467 919 1534 tutelae
933 1470 998 1533 vim
1017 1462 1165 1554 aliquam
1178 1471 1356 1535 habebant.
1372 1473 1468 1534 Melz.
1523 1515 1524 1526 .

218 1577 342 1641 Mansit
357 1584 468 1639 tamen
483 1577 679 1660 imperfecta
693 1599 734 1641 ea
749 1578 921 1642 mulierum
936 1577 1043 1640 tutela
1056 1577 1115 1640 sub
1129 1577 1320 1663 Antoninis,
1333 1601 1468 1664 quorum
1523 1567 1524 1624 3

219 1683 421 1769 temporibus
438 1683 625 1768 exemplum
645 1693 752 1750 exstat
768 1685 994 1769 Pudentillae,
1014 1685 1126 1766 uxoris
1142 1684 1291 1770 Apuleji,
1308 1706 1406 1770 quae,
1421 1698 1469 1750 tu·
1523 1713 1524 1744 ι

218 1800 292 1855 tore
309 1799 455 1873 auctore,
467 1792 638 1874 praedium
655 1800 793 1856 emerat:
807 1793 943 1878 Apulej.
958 1793 1104 1874 Apotrl.
1110 1813 1146 1873 p.
1159 1791 1231 1854 327.
1250 1792 1375 1856 Mansit
1389 1803 1469 1857 tem-

218 1920 301 1984 pore
317 1897 471 1980 Ulpiani,
496 1920 592 1982 quem
617 1900 659 1962 ad
674 1899 861 1964 Alexandri
878 1899 994 1962 Severi
1014 1908 1167 1982 tempora
1185 1899 1306 1963 vixisse
1333 1909 1468 1964 constat.
1523 1975 1524 1984 χ

218 2005 342 2069 Mansit
362 2006 420 2067 sub
440 2005 512 2091 ipso
530 2005 759 2089 Constantino,
776 2016 813 2070 ut
836 2007 976 2091 adparet
995 2028 1038 2068 ex
1054 2006 1136 2069 12.
1156 2005 1188 2068 0.
1207 2007 1319 2068 vueod.
1341 2009 1381 2070 de
1404 2009 1467 2070 Tul.

218 2113 345 2175 errand.
366 2111 491 2175 Mansit
512 2112 657 2196 denique
682 2116 740 2177 sub
761 2115 877 2178 Leone
898 2114 995 2198 Imp.,
1022 2113 1112 2197 cujus
1135 2113 1406 2177 constitutionem
1427 2116 1466 2178 de
1523 2117 1524 2174 i

154 2252 156 2256 ·
219 2219 324 2283 tutela
345 2217 517 2283 mulierum
533 2221 570 2281 L.
586 2219 616 2282 3.
636 2221 667 2283 0.
683 2223 722 2282 de
743 2223 843 2304 Legit.
864 2231 922 2284 tut.
943 2243 962 2284 a
982 2220 1180 2283 Triboniani
1201 2219 1470 2305 interpolationi-

218 2331 278 2394 bus
299 2325 481 2392 vindicavit
497 2326 649 2391 Schilter.
669 2329 780 2390 Exere.
796 2329 970 2392 XXXVII.
989 2328 1061 2392 239.
1084 2318 1212 2390 Sensim
1234 2335 1346 2391 tamen
1371 2350 1470 2393 exeo

218 2445 369 2518 tempore
389 2417 576 2518 obsolevit,
593 2435 698 2518 adeo,
719 2443 756 2498 ut
773 2435 952 2498 iustiniani
975 2436 1178 2520 temporibus
1200 2434 1289 2498 illius
1312 2458 1376 2500 nec
1397 2437 1471 2500 vola

219 2563 281 2606 nec
298 2541 479 2625 'vestigium
501 2551 686 2626 superesset
701 2547 745 2624 e).
766 2542 866 2606 Unde
883 2550 917 2604 et
932 2543 1035 2606 multa
1049 2544 1084 2606 in
1099 2542 1277 2605 Pandectis
1295 2551 1330 2606 et
1347 2543 1470 2607 Codice
1523 2599 1524 2628 ,

218 2650 326 2713 latent
340 2648 544 2732 fragmenta,
568 2671 672 2734 quae,
694 2672 792 2735 quum
814 2649 857 2733 de
879 2649 987 2713 tutela
1009 2650 1180 2713 mulierum
1205 2648 1433 2734 loquerentur,
1453 2674 1471 2714 a

219 2755 427 2834 Triboniano
443 2755 620 2820 insensum
644 2779 775 2841 prorsus
792 2756 893 2839 alium
909 2756 1041 2823 detorta
1056 2757 1219 2848 videntur.

672 3070 758 3133 LIB.
780 3069 807 3132 Ι.
830 3069 921 3134 ΤΙΤ.
942 3070 1042 3136 XVI.

822 3238 858 3276 Dll

532 3357 741 3434 CAPITIS
767 3355 1156 3434 ΒΕΜΙΝΠΤΙΟΝΕ.

302 3521 389 3598 Quia
404 3522 614 3607 adgnationis
626 3522 682 3606 jus
699 3523 814 3607 capitis
833 3524 1060 3588 deminutione
1075 3521 1258 3607 perimitur,
1278 3530 1314 3587 et
1328 3525 1469 3608 proinde
1523 3521 1524 3524 ’

218 3629 317 3711 etiam
333 3629 440 3694 tutela
458 3628 610 3714 legitima
625 3639 732 3693 morte
747 3631 812 3694 ista
834 3631 924 3695 civili
939 3632 1039 3715 perit:
1057 3631 1160 3694 visum
1181 3638 1232 3693 est
1250 3630 1470 3711 Triboniano,
1523 3679 1524 3720 ,

109 3755 111 3761 ·
218 3736 401 3799 doctrinam
426 3735 516 3798 illam
542 3735 584 3797 de
606 3753 737 3802 enrrrrs
763 3753 1001 3802 osumurrona
1025 3737 1104 3800 loco
1130 3737 1212 3800 licet
1232 3736 1332 3821 plane
1359 3737 1470 3800 alieno
1523 3763 1524 3776 2

215 3841 431 3924 interserere,
456 3863 594 3925 eamque
618 3845 780 3930 subjicere
804 3848 894 3906 ta'tulo
917 3843 990 3907 XV.
1013 3845 1052 3907 de
1074 3846 1230 3926 Legitima
1258 3846 1471 3926 adgnatorum
1523 3843 1524 3862 ¹

216 3953 326 4012 tutela.
346 3949 434 4031 Nos,
458 3971 556 4032 quum
573 3974 686 4016 omnes
704 3952 879 4016 tutelarum
897 3951 1024 4034 species
1046 3951 1329 4035 conjunxerimus,
1345 3951 1419 4035 jam
1440 3955 1471 4010 et

285 4155 318 4220 b)
339 4154 440 4220 Gall.
459 4161 518 4210 114.
539 4163 596 4210 115.
616 4153 704 4208 unilt.
918 4196 921 4206 .

284 4239 315 4305 c)
337 4239 398 4304 Gaj.
416 4240 438 4292 1.
458 4244 516 4294 194.
533 4241 570 4292 ΙΙ.
590 4243 648 4292 122.
665 4267 696 4280 -
710 4237 743 4290 cs.
760 4236 880 4289 Rudorli
891 4239 909 4292 l.-
927 4240 945 4290 1.
962 4255 990 4305 p.
1006 4243 1050 4293 66.
1063 4255 1124 4309 sqq.
1141 4257 1169 4306 p.
1187 4243 1247 4293 340.
1265 4235 1357 4291 nsaht.

284 4323 318 4389 d)
338 4324 400 4390 Gai.
417 4325 439 4378 L
459 4329 554 4379 173-
568 4328 625 4378 181.
646 4321 992 4388 19⁵.1J1p.x1.§.20-
1005 4327 1047 4376 22.
1071 4323 1159 4377 Mittl.
1523 4347 1524 4352 ¹

283 4408 314 4475 e)
334 4407 398 4461 Vid.
423 4408 458 4460 de
481 4407 555 4462 Lo'lu
583 4406 656 4476 May.
682 4408 732 4460 111.
754 4423 784 4474 p.
807 4410 867 4460 4³1.
889 4423 929 4474 sq.
954 4412 982 4458 et
1007 4408 1042 4460 de
1062 4410 1203 4462 Buobholz
1225 4407 1262 4461 ad
1284 4409 1341 4462 Vnt.
1360 4409 1468 4475 Fraqm.

215 4492 235 4558 ξ.
253 4496 312 4544 325.
335 4490 422 4544 1111111.
992 4521 994 4526 ·
1213 4501 1216 4508 ·
