3080 5154
508 354 562 436 Du
587 356 853 430 Anamares.
1234 369 1301 436 151

74 539 130 604 alii:
145 537 179 600 1.
196 536 226 598 7.
242 537 276 599 in
287 538 362 617 flue
378 541 414 598 et
436 531 474 594 L.
489 529 540 594 63.
557 531 585 612 §.
601 530 652 594 lo.
669 532 711 595 1).
726 534 771 596 od
785 533 845 597 SC.
865 533 994 598 metm.
1016 533 1085 600 Sed
1108 554 1150 600 ea
1170 536 1305 604 heredis

73 645 211 712 institutio
227 643 365 727 proprie
381 639 519 724 adoptio
533 639 601 712 dici
616 639 673 702 vix
688 647 831 724 poterat,
847 662 945 724 quum
961 664 1059 708 nemo
1077 665 1117 710 ea
1131 645 1303 731 redigere-

73 764 113 818 tur
135 754 165 816 in
189 751 331 835 patriam
357 756 574 834 potestatem:
601 746 712 834 Cujac.
741 749 813 812 Ode.
838 750 908 813 VII.
927 750 957 812 7.
986 751 1137 816 Nominis
1162 753 1304 820 heredes

74 869 160 936 erant;
180 859 240 924 sed
260 879 318 922 eos
333 857 448 920 liberti
466 856 597 940 paterni
621 865 654 920 et
676 855 743 918 alia
763 855 909 922 familiae
926 857 1005 942 jura
1025 881 1094 924 non
1117 864 1303 945 sequeban-

73 981 119 1044 tur,
138 968 223 1053 qnod
246 974 358 1030 tamen
387 965 421 1026 in
450 963 523 1028 aliis
549 964 785 1048 adoptionibus
804 963 922 1029 fiebat:
947 964 1059 1050 Cujac.
1083 969 1153 1032 oto.
1178 970 1250 1033 VII.
1271 973 1302 1034 1.
1427 983 1434 996 “

74 1077 151 1140 Unde
174 1075 291 1137 mirum
312 1093 379 1136 non
407 1078 477 1151 est,
497 1071 588 1155 quod
617 1070 755 1154 adoptio
779 1093 840 1156 per
862 1079 1094 1138 testamentum
1114 1074 1203 1140 facta
1220 1099 1304 1142 non·

73 1205 223 1268 numquam
246 1183 408 1266 repetita,
424 1187 459 1245 et
480 1200 572 1241 more
589 1179 748 1261 majorum
765 1180 820 1244 vel
839 1180 918 1264 lege
935 1181 1076 1264 curiata,
1094 1184 1150 1247 vel
1165 1207 1226 1270 per
1248 1207 1305 1250 aes

73 1301 99 1355 et
114 1291 224 1358 libram
242 1291 361 1353 iterum
384 1288 473 1352 facta
486 1286 620 1372 legitur.
648 1286 818 1371 Augustus
836 1309 914 1351 sane
926 1335 935 1369 ,
948 1279 1148 1353 testamento
1165 1291 1306 1376 adopte-

74 1408 111 1461 tus
124 1423 139 1462 a
153 1397 295 1461 Caesare
302 1444 311 1479 ,
329 1418 399 1460 eam
418 1394 633 1480 adoptionem
656 1393 734 1480 lege
751 1395 877 1460 curiata
897 1396 1151 1462 confirmandam
1168 1401 1305 1486 curavit,

75 1506 298 1570 utauctoritate
319 1505 404 1589 legis
426 1503 647 1583 adcederent,
665 1524 750 1588 quae
775 1511 975 1567 testamento
994 1493 1108 1570 nactus
1129 1529 1195 1570 non
1219 1517 1307 1574 erat:

75 1613 196 1698 Appiam.
218 1616 300 1678 Bell.
325 1615 403 1677 οἰυιῖ.
425 1613 485 1675 ΙΙΙ.
500 1611 551 1674 94.
581 1611 625 1674 Et
652 1609 826 1694 Tiberine,
852 1609 933 1678 licet
960 1613 1159 1679 testamento
1184 1639 1305 1682 nomen

76 1721 196 1808 Augusti
216 1723 304 1785 ferre
314 1722 439 1806 jussus,
460 1721 501 1782 ab
518 1718 637 1781 eodem
652 1726 763 1782 tamen
782 1728 858 1803 post
874 1719 947 1808 Caji
964 1728 999 1783 et
1012 1722 1107 1786 Lucii
1128 1722 1306 1788 Caesarum

76 1843 189 1895 mortem
209 1830 273 1894 rite
293 1829 472 1913 adrogatus
491 1827 609 1890 fertur:
625 1826 762 1890 Sueton.
778 1827 877 1890 Tidcr.
891 1851 916 1890 o.
929 1829 979 1891 15.
1000 1829 1073 1894 Imo
1086 1851 1184 1916 quum
1200 1832 1308 1898 libera

76 1940 222 2024 republica
244 1939 397 2003 mulieres
419 1937 581 2020 adoptare
604 1935 749 1998 nondum
772 1944 923 2021 possent:
945 1935 1098 2004 solebant
1118 1959 1179 2004 eae
1197 1948 1308 2006 tamen

73 2049 123 2132 jam
136 2071 175 2111 eo
192 2056 342 2132 tempore
358 2043 499 2108 heredes
519 2067 560 2107 ea
576 2043 654 2128 lege
671 2043 856 2127 instituere,
872 2053 909 2108 ut
926 2067 1046 2110 nomen
1064 2069 1155 2112 suum
1173 2047 1309 2116 ferrent.

77 2156 251 2241 Exemplum
276 2162 327 2218 est
344 2154 431 2238 apud
456 2153 608 2216 Ciceron.
623 2153 725 2235 splot.
741 2153 786 2212 od
802 2153 870 2216 Aa.
890 2151 959 2215 VII.
972 2153 1001 2217 8.
1021 2155 1111 2240 quod
1133 2178 1211 2220 sane
1235 2179 1307 2221 cum

77 2263 134 2328 aliis
151 2270 342 2350 argumento
359 2272 424 2339 est,
443 2283 509 2324 nou
525 2281 638 2324 veram
661 2249 760 2322 fuisse
778 2259 866 2322 hanc
882 2259 1112 2344 adoptionem,
1129 2262 1188 2325 sed
1203 2264 1310 2348 adop-

77 2374 158 2436 tionis
179 2371 383 2436 simulacrum
405 2368 590 2454 quoddam,
615 2367 705 2452 quod
732 2375 868 2450 praeter
888 2389 1009 2431 nomen
1032 2378 1067 2433 et
1088 2371 1309 2436 hereditatem

79 2481 146 2544 nihil
159 2481 238 2566 juris
253 2479 288 2542 iu
312 2475 502 2562 adoptivum
518 2475 677 2539 devolvit.
699 2474 802 2538 Plura
822 2476 864 2539 de
890 2476 953 2540 hac
968 2477 1150 2563 adoptione
1166 2501 1227 2563 per
1242 2489 1312 2544 tes-

79 2597 234 2654 tamentum
253 2586 380 2652 dabunt
393 2567 494 2652 iiriss.
512 2585 552 2648 de
572 2586 677 2646 Form.
700 2584 769 2646 Vll.
787 2605 818 2666 p.
834 2584 907 2648 601.
927 2587 1056 2652 Huber.
1076 2589 1220 2672 Digress.
1239 2589 1308 2654 12.

30 2771 32 2776 Ι
80 2696 122 2758 73.
135 2697 161 2760 2.
175 2707 206 2761 et
220 2696 316 2780 hujus
336 2694 422 2758 filius
438 2691 654 2778 amplissimus
670 2692 770 2756 Zach.
789 2693 918 2758 Huber.
932 2698 1067 2759 Dosara
1077 2696 1180 2778 jureii.
1195 2706 1226 2760 et
1242 2699 1309 2780 pln'·

82 2803 123 2865 Iol.
139 2805 205 2868 m.
218 2809 273 2886 ¹²).
534 2825 536 2832 ’

633 2975 662 3056 ς.
685 2973 735 3036 19.
763 2925 765 2933 J

237 3091 365 3161 Adoptioi
381 3092 442 3144 olim
460 3092 488 3144 in
501 3099 660 3160 potestatem
677 3099 704 3141 et
718 3097 823 3158 pentem
841 3087 954 3142 alienam
971 3088 1127 3145 transibant.

146 3208 297 3272 Ceterum
316 3226 440 3272 Parma
455 3223 628 3272 vosnsrns
645 3203 724 3271 olim
740 3216 812 3271 erat
835 3206 987 3270 effectum
1007 3207 1197 3290 adoptionis
1212 3209 1311 3272 etiam

84 3319 178 3392 stricte
190 3319 235 3381 sic
250 3317 370 3379 dictae.
393 3316 492 3380 Unde
515 3323 550 3378 et
566 3314 717 3409 adoptivi
739 3316 930 3400 cognomini
949 3337 1019 3398 suo,
1040 3315 1161 3378 leviter
1176 3313 1312 3399 inflexo,

84 3423 152 3488 illins
165 3426 291 3512 gentis,
311 3427 402 3510 cujus
418 3446 460 3487 ex
479 3423 577 3486 sacris
594 3425 802 3507 transierant,
819 3445 939 3487 nomen
961 3423 1179 3514 adjiciebant,
1198 3445 1312 3508 quam-

84 3534 120 3594 vis
135 3533 164 3595 id
184 3555 252 3597 non
275 3555 415 3617 semper,
439 3554 501 3596 nec
521 3532 640 3595 eodem
660 3531 760 3594 modo
779 3532 900 3595 factum
918 3552 988 3596 esse
1006 3531 1314 3614 animadvertamus,

85 3661 163 3724 quum
176 3640 357 3727 aliquando
371 3641 473 3726 patris
496 3639 655 3704 naturalis
675 3647 709 3702 et
731 3639 881 3724 adoptivi
900 3660 1020 3702 nomen
1038 3641 1224 3724 promiscue
1247 3639 1314 3702 fer-

84 3758 154 3812 rent:
180 3749 437 3813 Pe1·izon.Dias.
456 3751 481 3810 I.
496 3772 531 3833 p.
550 3749 601 3811 97.
624 3756 658 3812 et
678 3749 842 3810 Antinodo.
861 3749 979 3810 He'stor.
993 3747 1115 3831 p.131.
1138 3746 1315 3831 Spanhem.

84 3857 112 3918 de
123 3881 177 3921 usu
193 3869 226 3922 et
239 3865 420 3940 praestant.
437 3861 580 3920 numism.
603 3857 684 3917 lom.
702 3854 743 3918 II.
754 3878 789 3939 p.
802 3855 852 3918 77.
876 3853 985 3934 Quum
1002 3855 1115 3940 Scipio
1137 3853 1315 3918 Africanus

83 3965 170 4029 minor
184 3988 227 4032 ex
242 3964 389 4030 Aemilia
411 3974 512 4048 gente
527 3965 561 4027 in
575 3961 765 4028 Corneliam
780 3983 842 4046 per
856 3962 1107 4048 adrogationem
1118 3962 1317 4026 transiisset:

82 4083 196 4138 vocatus
220 4080 271 4137 est
287 4073 327 4134 P.
351 4073 511 4136 Cornelias
535 4073 637 4155 Scipio
665 4073 871 4134 Aemilianos.
892 4071 937 4134 Et
965 4072 1021 4156 qui
1039 4070 1196 4144 anteaC.
1216 4069 1318 4133 Octa-

82 4179 138 4263 vius
157 4190 236 4264 erat,
255 4179 431 4264 adoptatus
453 4205 473 4245 a
493 4181 646 4265 Caesare,
668 4179 773 4243 dictus
791 4187 841 4242 est
859 4179 891 4240 0.
910 4177 1015 4242 Julius
1035 4181 1154 4241 Caesar
1176 4179 1319 4242 Octavia-

138 4397 177 4462 m)
197 4397 241 4448 Jo.
260 4397 314 4448 Gn.
331 4395 492 4448 Hoffmauui
509 4395 655 4464 depuleris
673 4395 761 4462 capito
779 4413 812 4446 ea·
831 4394 939 4446 littorio
958 4392 1153 4451 traiamoiratas5
1170 4389 1199 4443 iu
1213 4391 1321 4442 Fellen·

81 4475 155 4543 hergli
171 4480 320 4548 jurisprud.
338 4480 452 4548 antiqua
470 4482 501 4535 T.
520 4481 556 4532 11.
573 4497 600 4546 p.
618 4483 678 4533 274.
697 4493 758 4548 sqq.
775 4478 896 4533 Dirirsen
920 4479 992 4533 Vere.
1009 4495 1062 4531 zar
1079 4475 1152 4530 Kar.
1168 4493 1195 4530 o.
1213 4473 1323 4544 Amico.

83 4562 103 4612 a.
120 4565 153 4618 a.
170 4567 204 4620 n.
221 4582 248 4633 p.
267 4571 308 4621 ra.
326 4583 386 4634 sqq.
405 4566 454 4619 ur.
471 4565 508 4618 u.
534 4563 622 4618 mssa
760 4561 776 4578 ··
