3056 5154
513 383 567 454 Du
585 387 816 458 'Aerronrrum
918 333 921 338 Ι
1217 397 1290 468 ddi

28 583 118 648 quos
134 568 171 626 et
185 581 261 626 reus
275 559 396 626 eodem
408 567 560 644 tempore
573 569 690 646 petere
706 563 846 630 solebat.
860 563 933 628 Imo
947 563 1026 646 iilis,
1043 567 1099 651 qui
1114 567 1147 631 in
1159 567 1288 653 judicio

30 691 94 754 pro
111 692 149 734 se
164 667 332 752 postulare
351 686 420 734 noo
441 679 611 754 poteraut,
627 671 806 736 advocatos
822 671 848 734 si
864 693 931 736 non
953 673 1132 758 haberent,
1148 677 1290 745 Praetor

30 798 75 840 ex
93 777 206 840 officio
223 775 332 843 dabat.
353 775 452 838 Unde
467 777 501 840 in
518 777 629 840 edicto
644 779 723 844 fuit:
738 794 769 844 sr
786 795 857 844 nou
871 795 1054 846 ussusuur
1068 799 1289 868 annosarum,
1331 839 1333 850 .

29 903 107 978 noo·
119 901 227 949 osso:
242 885 280 950 b.
296 883 326 946 1.
340 884 369 964 5.
387 883 473 976 429·
488 886 527 948 de
542 887 664 949 Postul.
688 883 893 950 Postulatam
907 888 1084 970 actionem,
1100 899 1134 953 et
1151 913 1170 952 a
1185 891 1291 954 Prae-

29 1001 108 1055 tore
128 992 337 1074 impetratam
357 998 453 1054 actor
464 1007 608 1072 numne,
628 993 718 1076 cujus
733 993 783 1056 rei
798 995 944 1077 quinque
962 1004 1055 1060 erant
1071 996 1221 1060 diversae
1235 1019 1290 1062 ra-

30 1101 152 1164 tiones.
168 1079 374 1179 Poma-erat,
394 1098 420 1160 si
436 1099 508 1182 quis
524 1099 661 1180 diceret,
678 1121 744 1184 qua
757 1101 890 1166 actione
902 1103 949 1164 uti
964 1101 1083 1166 vellete
1094 1107 1244 1180 secundo,
1261 1106 1289 1168 si

31 1197 432 1272 actionis'describcndae
447 1215 543 1270 actor
555 1228 614 1270 reo
627 1209 753 1272 faceret
765 1210 910 1292 copiam:
926 1214 1031 1285 tertio,
1046 1213 1072 1274 si
1087 1221 1181 1276 notor
1197 1233 1286 1278 suam

31 1313 256 1380 intentionem
276 1314 311 1377 in
325 1312 445 1376 libello
465 1322 552 1377 esset
575 1305 785 1398 complexus,
801 1337 941 1401 eamque
956 1318 1003 1380 sic
1019 1319 1154 1385 offerret
1169 1319 1287 1384 adver·

32 1423 138 1486 sario:
157 1429 294 1504 quarto,
316 1421 343 1484 si
365 1441 408 1484 ex
430 1420 550 1485 iibetlo
568 1443 640 1485 eam
658 1423 847 1494 adversario
872 1425 1029 1490 dictaret:
1054 1431 1178 1509 quma,
1199 1427 1224 1489 si
1243 1426 1288 1492 ud

31 1531 146 1596 album
177 1527 379 1612 produceret
402 1529 641 1611 aduersarium,
672 1540 706 1594 et
736 1541 933 1612 monstrata,
960 1553 1025 1617 qua
1049 1555 1164 1598 usums
1191 1543 1287 1618 esset,

30 1638 168 1704 actione
180 1644 301 1701 comam
314 1635 486 1700 formulam
494 1637 643 1722 ejusdem
655 1639 812 1703 recitaret
825 1639 872 1721 ¹¹):
882 1642 919 1702 L.
928 1639 993 1722 l.§.
1005 1641 1034 1702 1.
1044 1643 1085 1704 D.
1096 1643 1136 1703 de
1147 1643 1287 1705 Ertendu

30 1743 356 1810 Jacobmaevardus
368 1746 583 1808 Protre'dunot
594 1745 651 1806 IV.
662 1769 695 1828 p.
710 1746 782 1810 885.
803 1747 842 1810 ln
859 1768 925 1832 quo
942 1749 1081 1812 maxime
1098 1749 1288 1814 adhibenda

32 1863 108 1918 erat
131 1853 172 1916 ab
193 1860 307 1916 actore
324 1853 445 1933 cautio,
461 1853 539 1938 quia
563 1853 589 1916 si
604 1854 660 1917 vel
675 1851 748 1938 plus
770 1853 957 1920 intentione
974 1875 1031 1920 sua
1046 1856 1289 1940 complectere·-

32 1972 108 2044 tur,
127 1982 226 2044 quam
247 1961 289 2024 ad
305 1981 379 2024 eum
402 1961 610 2044 pertinebat,
628 1961 683 2024 vel
705 1963 738 2024 in
762 1963 894 2025 actione
915 1961 1088 2028 recitanda
1107 1966 1288 2049 aberraret,

35 2077 245 2154 mentemque
271 2067 388 2152 lingua
410 2077 654 2151 praecurreret,
676 2089 788 2132 caussa
807 2071 914 2133 statim
936 2071 1087 2134 caderet:
1109 2071 1228 2135 Cicero
1250 2075 1289 2136 de

33 2180 160 2239 Inserit.
177 2176 281 2238 11.19.
305 2179 357 2238 Itu
374 2178 432 2257 jus
451 2177 539 2236 eicite
557 2176 705 2236 tutemus
720 2180 937 2249 constitutum,
956 2187 992 2239 ut
1007 2195 1123 2239 caussa
1142 2181 1237 2240 cadat
1253 2185 1288 2251 is,

32 2290 94 2368 qui
108 2305 185 2357 non,
207 2283 464 2364 quemadmodum
485 2291 618 2364 oportet,
639 2286 747 2363 egerit.
766 2279 895 2350 Auctor
913 2283 958 2343 od
976 2283 1174 2347 Herennium
1194 2286 1218 2344 Ι.
1237 2284 1287 2346 12.

33 2395 73 2454 ln
92 2396 221 2473 privetu
247 2394 367 2454 oetimm
389 2411 505 2452 caussa
533 2390 615 2451 cadit
637 2395 680 2462 ts,
707 2393 763 2471 qui
781 2410 858 2457 son.
879 2389 1136 2470 quemadmodum
1159 2401 1287 2472 oportet,

33 2504 144 2581 egerit.
166 2496 409 2576 Quinctiliauus
425 2499 508 2559 *Imc
530 2497 656 2558 Orator.
672 2494 777 2558 [118.
799 2507 833 2559 et
854 2495 924 2558 VII.
942 2495 972 2560 3.
992 2497 1021 2578 §.
1039 2496 1090 2559 17.
1111 2497 1173 2560 uss
1195 2501 1289 2560 etiam
1319 2559 1322 2564 .

29 2609 259 2690 periculorum,
281 2627 390 2687 quum,
415 2609 446 2667 si
463 2623 527 2667 orso
552 2605 643 2668 uerbo
670 2605 713 2666 sit
728 2613 889 2680 errotruu,
915 2613 981 2667 toto
1004 2625 1119 2668 caussa
1142 2583 1320 2690 cecidis'se,

33 2713 197 2776 or'eieamur
210 2713 254 2794 ¹).
311 2743 314 2746 ·

500 2823 503 2826 ’
605 2851 708 2934 sm.

487 2969 668 3021 Vadimonium
685 2977 846 3036 conceptum.

117 3071 316 3153 Impetrata,
333 3069 490 3156 editaque
508 3093 527 3136 a
542 3071 703 3134 Praetore
721 3069 863 3150 actione,
880 3076 973 3132 actor
986 3090 1086 3153 porro
1102 3079 1193 3135 certa
1209 3092 1285 3134 ver-

104 3285 139 3352 h)
159 3282 286 3338 Actiones
304 3285 373 3337 adeo
392 3283 515 3356 formulis
534 3282 679 3336 adstrictae
696 3287 780 3346 eraut,
807 3280 924 3334 ntideo
942 3281 1017 3347 ipsae
1043 3283 1220 3338 formularum
1238 3299 1287 3338 uo·

31 3369 110 3424 mino
120 3369 239 3422 venient
252 3368 300 3422 Sic
313 3370 404 3422 damni
416 3371 471 3422 dari
479 3369 603 3436 formula
621 3365 719 3420 dicitur
733 3366 804 3420 actio
819 3367 900 3432 Legis
914 3367 1059 3434 Aquiltiae,
1077 3370 1151 3435 apud
1166 3371 1287 3424 Plinium

31 3457 108 3510 He'st.
128 3455 190 3506 Not.
202 3455 259 3507 IX.
270 3459 313 3508 59.
332 3455 475 3508 Formutoe
493 3454 597 3506 dedolo
611 3453 713 3506 mentio
731 3455 762 3506 fit
779 3452 852 3520 opud
865 3452 1024 3506 Ciceronem
1038 3455 1069 3505 de
1088 3454 1162 3522 Offic.
1175 3454 1232 3509 ΙΙΙ.
1248 3461 1287 3510 14.
1306 3483 1310 3494 ·

31 3548 60 3594 et
76 3543 107 3592 de
127 3541 190 3592 Nat.
202 3540 286 3593 Deor.
299 3540 358 3593 111.
372 3543 414 3594 30.
431 3541 508 3592 Idem
521 3540 616 3592 Cicero
630 3556 684 3606 pro
707 3540 739 3596 Q.
756 3539 852 3592 Roscio
870 3538 998 3591 Comoedo
1011 3539 1037 3610 [.*
1045 3559 1070 3592 c.
1081 3543 1107 3592 8.
1107 3539 1204 3610 fiue.]:
1220 3540 1289 3594 Sunt

28 3630 107 3697 juro,
127 3633 188 3676 sunt
196 3625 337 3692 formulae
355 3626 387 3676 de
402 3625 520 3678 omnibus
535 3623 614 3676 rebus
631 3625 794 3682 constitutae,
820 3640 853 3675 oe
871 3623 928 3692 quis
945 3632 993 3676 out
1008 3626 1036 3676 in
1051 3641 1148 3693 perere
1165 3626 1289 3695 injurias,

30 3719 83 3764 oret
100 3712 203 3762 ratione
219 3711 328 3762 aemonis
345 3727 439 3762 errore
454 3712 546 3778 possit.
569 3710 719 3778 Expressae
736 3716 797 3760 suot
821 3709 890 3760 enim
914 3727 947 3760 ee
963 3711 1166 3781 uniuscujusque
1183 3710 1289 3771 damno,

30 3797 137 3856 dolore,
153 3797 326 3856 mcommodu,
339 3794 495 3860 calamitate,
512 3796 620 3865 injurio,
629 3793 751 3864 publicae
766 3810 782 3845 a
798 3794 1084 3864 Praetoresormuluc,
1102 3795 1139 3848 od
1155 3813 1220 3863 qims
1228 3795 1287 3862 pri·

30 3891 97 3936 uoto
116 3881 148 3933 lis
166 3871 387 3933 adcommodetser.
406 3880 595 3934 Formutorum
607 3894 690 3946 porro
703 3880 734 3930 de
751 3876 883 3930 atrocibus
899 3879 1004 3949 injuriis
1015 3879 1138 3934 meminit
1149 3879 1287 3932 Arnobius

29 3965 93 4022 Lib.
106 3965 159 4020 IV.
187 3965 312 4018 adsersus
327 3972 419 4034 pentes
434 3983 456 4018 c.
471 3969 513 4018 ³4.
535 3983 564 4033 p.
583 3969 631 4018 89.
644 3982 679 4018 ex
697 3965 758 4019 edit.
780 3965 962 4023 Elmenhorst.
984 3968 1064 4020 Hem.
1090 3964 1173 4028 Quod
1190 3965 1242 4016 boc
1259 3962 1288 4014 iu

29 4057 96 4106 loeo
113 4050 229 4106 strictim
247 4067 278 4102 ac
296 4050 412 4103 breviter
424 4049 530 4102 monuit
543 4051 645 4102 Auctor
664 4051 697 4104 de
714 4048 838 4104 formulis
856 4064 1004 4119 serumque
1021 4055 1095 4120 recto
1106 4049 1135 4100 in
1148 4047 1212 4115 jure
1225 4061 1287 4109 usu,

29 4155 70 4192 ex
89 4138 132 4191 bis
151 4135 204 4190 erit
221 4137 412 4202 supplendum,
431 4151 502 4204 quoe
520 4135 591 4187 inira
610 4135 736 4188 dabimus
753 4135 774 4201 ἕ.
786 4138 830 4188 25.
842 4138 885 4188 26.
905 4135 993 4188 Most.

104 4224 130 4290 i)
151 4223 367 4290 Nonnumquam
385 4227 474 4285 tamen
494 4222 608 4274 Praetor
626 4235 696 4284 cum,
724 4219 772 4288 qui
789 4220 906 4272 formula
923 4219 1066 4284 ceciderat,
1085 4217 1242 4270 restituebat
1259 4214 1288 4267 iu

29 4312 189 4377 integrum:
207 4309 229 4375 t.
240 4310 283 4360 33.
300 4307 367 4360 Iust.
386 4307 418 4360 de
435 4307 539 4359 Action.
558 4307 659 4360 Seneca
676 4304 760 4374 Epist.
772 4309 814 4360 48.
831 4306 887 4358 iere
905 4306 955 4357 sub
964 4307 1018 4374 fin.
1047 4303 1120 4362 Quis
1136 4303 1203 4354 enim
1216 4300 1306 4353 aliud'

30 4397 119 4464 ops'tis,
138 4409 220 4463 quum
233 4409 300 4453 eurr,
318 4409 394 4462 quem
405 4392 582 4459 interruptum,
593 4391 702 4444 seientes
719 4390 887 4457 defraudem
902 4389 1031 4449 inducitis,
1044 4405 1121 4456 quom
1132 4385 1289 4453 reformida

29 4482 160 4534 cecidisse
185 4478 323 4530 videatur?
353 4478 408 4530 Sed
430 4477 646 4547 quemadmodum
669 4473 744 4528 ilium
769 4489 911 4536 reserum·
936 4474 972 4526 sic
999 4473 1046 4525 hos
1064 4472 1230 4541 philosophis
1252 4486 1287 4523 ru

30 4580 189 4618 rn'rrerruu
207 4577 366 4618 surrrrurr.
385 4564 464 4616 Heio.
959 4577 965 4584 “
