3030 5160
380 399 434 470 nr
459 399 657 471 vannorum
682 403 989 477 Onnrasrroursus.
1242 421 1312 486 549

635 582 664 662 §-
686 581 737 644 16.

513 693 702 762 &epulationes
709 697 861 768 judiciales.

140 791 299 856 Ceterum
324 793 554 877 stipulationes
576 796 763 879 Imperator
783 798 903 863 dividit
920 799 954 862 in
976 815 1190 884 tunsoratus,
1209 821 1312 868 rann-

36 910 560 979 uonrss,oonvsnu10rsn1.sset
580 919 773 968 nonnosus.
795 903 827 968 A
847 925 938 969 mero
948 907 1070 990 judicis
1086 907 1195 971 officio
1212 912 1313 993 proli-

37 1005 243 1068 ciscebatur
258 1009 367 1070 cautio
384 1006 532 1071 dedolo.
554 1008 639 1070 Nam
655 1008 689 1072 in
710 1012 760 1074 rei
775 999 1003 1076 vindicatione
1023 1021 1057 1076 et
1073 1017 1205 1080 actione
1222 1019 1313 1102 quod

38 1119 165 1175 metus
181 1133 293 1176 caussa
309 1115 417 1196 judex
434 1115 572 1199 exigere
589 1118 767 1180 tenebatur
780 1121 966 1183 cautionem
983 1120 1026 1184 de
1043 1120 1141 1186 dolo:
1155 1123 1192 1184 11.
1206 1123 1258 1188 20.
1278 1133 1313 1188 et

37 1220 99 1279 45.
123 1221 167 1280 D.
187 1222 227 1282 de
242 1221 305 1281 Rei
315 1221 396 1282 orbd.
412 1221 449 1281 L.
464 1220 496 1284 9.
510 1223 539 1303 §-
554 1222 584 1285 ὅ.
601 1231 636 1286 et
649 1224 680 1288 7.
697 1225 738 1288 D.
759 1227 851 1303 Qrsod
864 1237 964 1290 metus
977 1249 1081 1290 conss.
1103 1229 1196 1294 Talis
1212 1231 1311 1294 etiam

40 1335 128 1390 erat
147 1327 259 1390 cautio
278 1324 320 1388 de
337 1329 570 1412 persequendo
587 1351 696 1411 servo,
716 1333 772 1416 qui
794 1333 827 1397 in
851 1333 930 1422 fuga
953 1343 1041 1415 erat,
1063 1336 1312 1402 restituendove

40 1435 177 1518 pretio.
199 1433 285 1496 Nam
301 1434 328 1496 si
344 1455 454 1498 servus
471 1444 542 1499 erat
565 1436 714 1521 legatus,
731 1440 788 1524 qni
808 1461 844 1504 se
866 1441 998 1504 interim
1014 1442 1048 1505 in
1071 1443 1181 1526 fugam
1205 1445 1314 1530 prori-

40 1550 192 1625 puerat,
217 1541 327 1604 officio
343 1541 727 1626 judiciscontinebatur,
751 1554 787 1609 nt
808 1549 1080 1632 interponeretur
1095 1551 1220 1632 cautio,
1247 1572 1312 1637 qua

43 1648 168 1731 heres,
184 1668 220 1710 se
236 1667 363 1712 servum
381 1659 652 1735 persequuturum
673 1653 965 1739 restituturnmque
979 1655 1157 1739 legatario,
1172 1659 1313 1740 promit·
1332 1731 1341 1748 ο

43 1765 161 1820 teret:
176 1756 214 1818 L.
227 1755 277 1818 69.
294 1756 360 1836 §.b
375 1757 415 1818 D.
424 1759 464 1818 de
471 1759 583 1841 Legat.
598 1759 770 1842 LL.14.§.
788 1761 838 1822 11.
849 1763 889 1822 D.
909 1764 975 1840 Quo
990 1775 1059 1826 met.
1073 1785 1175 1827 conss.
1198 1764 1311 1849 Stipu-

42 1857 200 1927 lationes
222 1883 322 1946 porro
332 1862 510 1946 judiciales
526 1865 826 1950 interponebantur
848 1869 947 1932 etiam
965 1870 998 1933 in
1017 1870 1146 1956 judicio
1163 1871 1310 1935 familiae
1377 1871 1384 1878 ’

46 1969 338 2035 erciscundae2L
352 1969 403 2034 25.
418 1972 448 2053 ς.
463 1971 513 2036 10.
528 1975 569 2036 D.
585 1976 697 2038 Fornr't.
716 1979 823 2040 nmio.

632 2123 661 2204 ς.
683 2121 733 2184 17.

600 2231 769 2284 Praetoriae.

141 2332 366 2395 Pusuronrsu
387 2349 408 2392 a
422 2349 514 2392 mero
529 2330 698 2394 Praetoris
720 2329 829 2393 officio
846 2331 1148 2414 proficiscebantur,
1164 2353 1310 2418 semper-

49 2461 122 2526 que
147 2437 316 2522 interponi
339 2435 492 2500 solebant
516 2447 593 2500 ante
616 2437 708 2500 litem
727 2446 962 2519 contestatam,
979 2439 1058 2523 quia
1081 2441 1123 2502 ab
1142 2440 1200 2504 illa
1216 2440 1310 2525 jndi-

49 2549 141 2610 cium
168 2544 349 2630 primordia
372 2543 543 2629 capiebat:
573 2543 700 2630 Cujacii
727 2546 902 2606 Obsernott.
920 2547 992 2607 XV.
1011 2544 1060 2610 10.
1090 2547 1193 2613 Tales
1216 2559 1310 2612 erant

50 2654 230 2718 cautiones
245 2651 355 2716 damni
370 2651 502 2734 infecti,
523 2651 709 2736 legatorum
731 2650 964 2717 servandorum
980 2675 1109 2734 caussa,
1123 2655 1307 2738 judicatum

50 2760 157 2840 solvi,
175 2769 278 2822 ratam
301 2780 370 2822 rem
383 2759 524 2840 baberi,
541 2757 650 2826 cautio
676 2759 869 2836 fructuaria,
887 2769 950 2823 etc.
973 2760 1015 2824 de
1040 2761 1157 2846 quibus
1177 2763 1308 2846 prolixe

50 2865 292 2932 Jureconsulti.
320 2867 398 2930 Vid.
419 2865 501 2928 Arn.
520 2867 662 2930 Vinnius
683 2867 727 2928 orl
741 2866 770 2948 §.
787 2866 817 2928 2.
835 2868 913 2928 Inst.
933 2869 972 2930 de
992 2869 1090 2930 Dama.
1112 2871 1182 2948 erp.
1211 2868 1308 2946 Quae

52 2975 289 3060 stipulationes
305 2974 423 3057 quibus
439 2972 588 3036 formulis
604 2971 722 3035 solitae
738 2973 801 3036 sint
816 2974 956 3057 concipi,
972 2974 1127 3058 exemplo
1147 2975 1308 3039 cautionis

48 3085 235 3167 judicatam
255 3084 333 3144 solos·
351 3079 570 3144 ostendemus.
602 3080 641 3143 In
666 3100 707 3142 ea
728 3086 822 3141 actor
849 3079 897 3144 ita
918 3083 1059 3165 rogabat
1083 3079 1308 3164 fidejussorem

54 3207 151 3266 quon
172 3204 315 3252 annuum
330 3201 575 3266 vascosanum,
597 3201 692 3262 QUEM
712 3201 873 3250 rossrusr
894 3204 925 3249 1..
942 3201 1151 3267 u1uruS,sss
1168 3203 1211 3248 uo
1233 3203 1308 3249 vrrs·
1410 3259 1413 3272 Ι

54 3384 227 3452 temporibus
243 3399 292 3450 per
309 3398 356 3436 aes
381 3389 409 3436 ct
425 3383 531 3448 libram,
556 3383 583 3435 h.
601 3399 625 3434 e.
643 3399 692 3450 per
716 3382 903 3450 imaginariam
926 3383 1118 3448 venditionem,
1135 3383 1222 3439 fuisse
1237 3386 1308 3436 ocle-

54 3471 172 3535 branda‚
191 3485 323 3538 perquam
339 3473 381 3520 est
397 3467 552 3521 vermimile.
570 3467 642 3528 lam,
660 3468 734 3536 quod
753 3467 914 3538 obligationis
925 3469 1120 3522 connalrndae
1134 3483 1216 3524 causa
1226 3470 1307 3526 flebat

55 3555 214 3623 negotium,
231 3571 328 3605 nexum
349 3552 517 3617 dictumest,
533 3567 554 3605 s.
572 3570 655 3604 arms
678 3552 764 3620 (idem
781 3553 855 3624 quod
868 3553 1053 3620 corrtractnr)·,
1070 3553 1143 3607 unde
1159 3556 1222 3607 nesi
1243 3553 1308 3608 otti-

54 3643 137 3711 patio,
151 3637 287 3692 contrario
306 3637 435 3704 opposito
452 3636 561 3688 nomine
578 3637 642 3687 nexi
658 3636 818 3691 liberationis
835 3639 904 3705 (vid.
925 3638 995 3690 infra
1011 3635 1064 3691 Tit.
1079 3639 1183 3693 XXX.
1203 3641 1306 3707 §.11.).

56 3729 95 3782 At
110 3724 213 3778 sensim
224 3722 373 3776 invaluisse
383 3721 499 3785 videtur,
511 3727 542 3773 ut
557 3720 624 3773 solis
636 3723 725 3774 verbis
741 3722 897 3776 solennibus
907 3723 1001 3790 lingna
1013 3725 1175 3792 nuncupatis
1186 3724 1273 3776 civilis
1286 3739 1308 3776 s.

59 3812 156 3865 stricta
168 3807 470 3873 efficereturobligati03
483 3823 566 3876 quare
575 3807 668 3872 potins
677 3805 832 3872 dicendum,
844 3823 878 3860 ex
890 3825 965 3862 nexu
976 3808 1178 3875 stipulationem
1193 3807 1309 3860 traxisse

60 3896 204 3963 originem,
220 3909 302 3962 quam
320 3891 540 3958 stipulationibus
558 3891 705 3946 accessisse
729 3891 964 3958 mancipationem.
990 3895 1052 3948 llos
1074 3900 1164 3946 nmen
1187 3892 1309 3945 credide-

60 3980 123 4044 rim,
135 3979 237 4031 liberae
249 3977 416 4043 temporibus
431 3975 594 4042 reipnblioae
604 3992 659 4030 una
670 3976 823 4028 constitisse
841 3983 868 4029 et
881 3993 984 4030 nexum
1001 3984 1029 4030 et
1045 3979 1187 4031 verborum
1205 3976 1309 4042 obliga-

60 4065 174 4127 tionem,
185 4077 236 4114 nao
248 4077 361 4129 prorsus
372 4063 487 4115 eandem
501 4061 644 4130 utriusque
662 4060 747 4112 inisse
758 4059 814 4112 vim
834 4067 1054 4127 soporantem
1074 4077 1128 4131 qua
1145 4062 1180 4112 dc
1198 4077 1228 4112 re
1241 4075 1310 4113 non·

60 4150 138 4202 nulla
149 4147 232 4201 otiam
244 4147 315 4200 inlra
328 4147 483 4200 notabimus
501 4145 536 4197 ad
553 4146 574 4211 ξ.
586 4151 643 4198 2-
652 4151 678 4198 .'›.
696 4146 749 4198 Tit.
759 4147 861 4200 XXX.
870 4147 1027 4214 (XXIX).
1044 4147 1188 4198 Caeterum
1206 4145 1250 4196 bio
1262 4146 1310 4196 oli.

61 4250 133 4303 qnae
148 4234 207 4301 jam
225 4247 309 4298 supra
324 4232 358 4284 de
367 4229 576 4297 mancipationis
596 4234 624 4282 et
641 4230 706 4282 neri
718 4231 873 4284 discrimine
884 4229 1011 4296 exposita
1022 4234 1093 4292 snut,
1106 4230 1166 4281 Lib.
1180 4231 1215 4280 ΙΙ.
1225 4230 1278 4281 Tit.
1288 4230 1310 4282 1.

60 4320 81 4386 ς.
93 4323 138 4372 20.
157 4315 265 4380 Quibus
279 4317 341 4370 add.
353 4317 481 4382 lingonis
501 4316 538 4367 R.
551 4315 585 4366 G.
602 4329 629 4380 p.
641 4318 701 4367 275.
715 4319 776 4368 280.
789 4320 847 4368 282.
858 4319 918 4368 atto.
938 4315 970 4366 C.
985 4315 1018 4366 G.
1033 4315 1065 4366 Ε.
1079 4313 1228 4366 Heimbach
1239 4313 1308 4365 Dias.

62 4405 94 4456 de
116 4404 147 4457 C.
164 4401 242 4455 Aelio
264 4401 343 4454 Gallo
360 4399 432 4454 soro
457 4403 562 4470 ey'usqae
578 4398 750 4466 frequentis.
775 4399 851 4465 Lips.
872 4402 945 4452 lsas.
966 4403 991 4450 0.
1015 4399 1082 4449 Exn.
1100 4397 1121 4448 l.
1138 4396 1173 4447 ad
1193 4397 1223 4447 O.
1238 4396 1309 4448 Aelii

62 4488 136 4540 Galli
152 4487 261 4553 Fragor.
275 4486 338 4537 Vll.
354 4499 399 4550 ap.
416 4479 489 4537 Fe'st.
507 4499 532 4536 v.
552 4485 665 4536 Nonum.
682 4499 709 4549 p.
720 4487 764 4538 40.
777 4497 839 4552 sqq.
857 4484 965 4538 Puebta
981 4481 1100 4551 praefat.
1118 4480 1155 4533 ad
1168 4477 1266 4534 Lesrt.
1284 4481 1308 4532 si.

61 4575 150 4628 Instit.
168 4587 195 4638 p.
209 4569 349 4626 XXVlll.
365 4567 428 4637 sqq.
446 4585 520 4622 num.
535 4569 569 4622 V.
590 4567 677 4622 Mitt.
791 4609 794 4616 .
