3062 5164
537 585 622 650 LIB.
640 587 685 650 ΙΙ.
704 587 796 652 ΤΙΤ.
814 589 841 653 Ι.

671 737 707 774 DE

52 845 269 924 RERUM·
282 843 581 938 DIVISIONE,
606 847 676 922 ΕΤ
701 847 1053 948 snoulnunno
1077 851 1315 932 [assuunt

418 997 421 1003 ·
567 967 811 1044 DOMINIO.

145 1123 257 1200 Quum
272 1121 442 1206 superiore
460 1120 548 1184 libro
566 1122 608 1185 de
628 1124 705 1208 jure
721 1145 934 1207 personarum
951 1130 1141 1214 exposuerit
1155 1131 1316 1198 Justinia—

58 1255 138 1294 uns:
154 1231 222 1293 hoc
246 1228 404 1311 secundo,
427 1228 546 1314 Gajum
573 1239 728 1315 sequutus
752 1231 886 1317 ducem,
903 1253 948 1297 nu
971 1254 1078 1303 nunus
1103 1239 1180 1325 agit.
1203 1239 1316 1318 Quare

61 1361 171 1402 rerum
195 1337 375 1401 divisiones
394 1337 509 1421 paullo
529 1337 716 1404 adcuratius
738 1362 776 1404 ac
799 1339 981 1406 distinctius
1005 1366 1047 1407 cx
1067 1349 1317 1434 antiquitatibus

59 1447 223 1512 Romanis
248 1466 452 1532 proponere,
474 1453 574 1530 atque
602 1446 780 1510 hincinde
808 1449 971 1514 illustrare
990 1452 1132 1538 juvabit.
1162 1455 1316 1520 Ceterum

63 1579 114 1618 res
135 1565 170 1619 et
189 1559 326 1638 pecunia
346 1553 513 1638 quomodo
536 1554 689 1618 differant
706 1557 740 1619 in
755 1559 832 1643 jure
850 1566 974 1642 nostro,
995 1581 1037 1623 ex
1054 1563 1092 1625 J..
1108 1566 1137 1626 5.
1150 1587 1203 1646 pr.
1222 1568 1261 1627 1).
1279 1567 1319 1628 de

72 1665 157 1726 Verl.
173 1668 256 1748 sign.
274 1662 351 1726 satis
366 1670 480 1752 notum
497 1670 556 1725 est.

649 1781 677 1862 ς.
699 1781 729 1842 1.

535 1892 638 1950 Prima¹
649 1915 741 1950 rerum
759 1899 856 1953 diviu'o.

148 1998 284 2062 Summa
307 2019 413 2062 rerum
438 1995 576 2080 divisio,
600 2006 636 2062 ut
659 2008 751 2065 recte
778 2002 934 2067 observat
961 2002 1078 2088 Gajus:
1105 2005 1143 2068 L.
1164 2005 1193 2068 1.
1219 2009 1260 2070 D.
1281 2009 1319 2070 de

68 2111 163 2170 llinis.
186 2128 251 2170 rer.
267 2109 297 2188 ⁸)
317 2105 350 2169 in
375 2106 456 2169 duos
478 2105 633 2170 articulos
658 2106 842 2173 deducitur.
863 2109 963 2174 Aliae
989 2112 1075 2177 enim
1100 2120 1194 2178 erant
1212 2131 1318 2176 nrvnu

64 2232 176 2290 sttn183
199 2213 285 2278 aliae
307 2231 455 2278 nummu.
484 2213 570 2277 Illae
587 2213 704 2278 iterum
721 2217 898 2284 iusseras
921 2226 955 2281 et
972 2236 1170 2286 anurerosss
1190 2222 1321 2285 divide-

66 2326 196 2387 bantur.
219 2336 372 2387 SANorAn
392 2322 494 2405 enim,
510 2344 596 2408 quae
612 2323 690 2386 addi
705 2323 825 2407 solent,
845 2333 971 2390 tantum
989 2329 1210 2408 quodammodo
1226 2331 1323 2392 diciret

60 2436 153 2526 juris
172 2427 396 2516 habebantur,
414 2440 451 2493 ut
469 2432 650 2514 diligentius
673 2433 749 2494 urbs
768 2436 931 2516 religione,
953 2455 1045 2516 quam
1063 2438 1236 2510 menaea,
1258 2442 1320 2500 cin-

64 2549 218 2622 geretur:
233 2537 350 2601 Cicero
370 2539 409 2600 de
425 2538 499 2600 Nae.
516 2541 611 2600 Deor.
628 2537 753 2602 [1140.

651 2693 681 2773 r.
702 2692 732 2755 a.

602 2808 658 2860 Res
677 2826 778 2862 remae.

147 2909 219 2972 Res
241 2923 372 2972 stultas
391 2907 597 2991 dicebantur,
614 2930 699 2993 quae
721 2909 858 2993 publico
874 2910 1016 2976 civitatis
1040 2912 1190 2976 instituto
1207 2920 1322 2976 aucto-

69 3017 163 3080 ritate
184 3015 385 3078 Pontificum
402 3023 496 3080 crant
512 3015 717 3080 sollemniter
735 3020 1011 3102 consecrantem:
1027 3013 1145 3083 Festus
1161 3023 1219 3084 sub
1237 3043 1320 3085 voce

74 3145 158 3187 socer
168 3147 202 3207 p.
214 3123 287 3186 417.
303 3122 416 3207 quales
434 3133 528 3188 erant
544 3145 632 3206 arae,
648 3123 759 3209 aedes,
773 3125 911 3190 donaria
925 3131 969 3212 ο),
986 3135 1021 3190 et
1037 3127 1198 3214 quidquid
1214 3130 1323 3196 fuerat

135 3335 168 3400 a)
189 3333 223 3384 In
241 3329 340 3385 Auiani
363 3329 569 3398 compilatione,
588 3332 616 3384 in
635 3348 690 3399 qua
713 3331 831 3384 islocus
853 3329 933 3384 aliter
954 3332 1060 3399 legitur,
1079 3339 1167 3388 totum
1189 3336 1241 3387 hoc
1259 3336 1323 3402 Gaji

70 3420 250 3486 fragmentum
268 3417 461 3494 interpolatum
479 3433 553 3483 esse,
572 3417 719 3485 unicuique
737 3421 827 3483 patet:
846 3418 959 3470 Aleand.
980 3419 1041 3472 Not.
1060 3420 1097 3472 ed
1117 3420 1181 3490 Geji
1195 3420 1262 3474 Isset.
1277 3421 1321 3474 ΙΙ.

72 3510 91 3556 1.
111 3511 134 3558 l.
154 3505 238 3556 Heia.
273 3503 369 3556 Jeme
394 3501 520 3568 genuum
547 3501 610 3568 Gaii
633 3501 851 3566 commentariis,
870 3509 1038 3570 quantopere
1059 3504 1089 3558 in
1103 3505 1322 3573 vvisigothorum

70 3591 139 3656 Gajo
157 3589 237 3642 locus
254 3587 300 3642 ille
318 3588 495 3654 interpolatus
514 3587 564 3653 sit,
582 3586 712 3654 cognosci
729 3586 842 3653 poterit,
861 3587 904 3641 II.
915 3589 936 3655 ξ.
955 3594 1046 3644 2-8.
1065 3589 1153 3646 Mtte.

136 3675 170 3744 b)
192 3675 277 3728 Henr.
296 3690 349 3726 vau
367 3674 474 3738 Alpben
489 3673 611 3740 (potiusr
629 3673 712 3727 baur.
731 3690 783 3728 van
796 3675 911 3740 Senten)
927 3675 997 3728 Dies.
1015 3694 1048 3728 ex
1056 3679 1124 3748 jare
1140 3679 1322 3732 Romanorum

68 3760 171 3826 publico
194 3761 226 3811 de
250 3759 293 3811 rei
310 3759 512 3812 consecratione.
536 3759 568 3810 1..
586 3761 619 3810 Β.
640 3762 715 3814 1791.
732 3764 758 3812 4.
784 3759 924 3814 Adversus
950 3761 993 3814 rei
1007 3779 1100 3816 sacru
1123 3763 1262 3816 notionem
1287 3764 1322 3816 ab

71 3845 217 3910 Helueccio
235 3845 262 3898 b.
279 3847 298 3898 1.
315 3843 484 3910 propositam
501 3846 632 3897 nonnulla
650 3845 729 3900 docte
742 3841 848 3896 monuit
863 3844 907 3896 Jo.
922 3845 992 3898 Dan.
1003 3846 1092 3900 Ritter
1107 3849 1178 3901 Dr'rs.
1191 3850 1223 3902 de
1234 3849 1323 3902 Fetia-

74 3930 133 3984 titus
152 3930 252 4001 populi
274 3931 352 3982 Rom.
377 3949 398 3982 c.
416 3934 440 3982 2.
453 3930 474 3996 t.
495 3934 535 3981 13.
554 3938 608 3982 not.
626 3935 650 3982 2.
664 3947 695 3998 p.
713 3934 755 3982 25.
773 3945 811 3998 eq.
836 3928 926 3982 Heub.
953 3933 1057 3985 Tnetur
1083 3938 1172 3986 tamen
1195 3934 1322 3989 Auctoris

76 4015 255 4070 definitionem
280 4021 385 4081 praeter
408 4016 520 4069 Festum
538 4013 573 4082 (l.
591 4015 647 4082 Μ.
668 4015 763 4068 Galles
780 4015 892 4082 Artius)
912 4015 993 4070 etiam
1016 4019 1104 4086 Gajus
1121 4019 1146 4072 Ι.
1164 4021 1185 4087 ξ.
1202 4026 1227 4074 5.
1255 4022 1322 4073 Cae-

75 4106 156 4156 terum
174 4107 314 4154 nonerat
331 4099 525 4164 omittendum,
543 4101 646 4168 reperis
664 4101 724 4154 Det
746 4101 944 4156 consecrandas
963 4102 1048 4156 subse
1065 4119 1121 4168 res,
1141 4119 1211 4171 quae
1229 4119 1322 4158 sacrae

72 4187 177 4251 tierent;
197 4188 260 4255 Gaj.
278 4187 320 4240 ΙΙ.
338 4187 359 4254 ᾖ.
377 4191 402 4240 4.
420 4187 462 4238 Cf.
481 4190 508 4238 et
526 4185 583 4238 Cic.
605 4185 669 4253 Top.
689 4189 731 4240 23.
750 4185 836 4240 Miilsl.

138 4277 170 4342 c)
190 4273 270 4328 Aliae
287 4277 364 4324 eram
381 4287 424 4324 res
441 4289 518 4324 sacro
537 4271 740 4332 commendatae,
758 4277 790 4324 ut
806 4275 887 4324 vocat
905 4273 1000 4326 Cicero
1019 4274 1051 4324 de
1068 4276 1149 4342 Lepp.
1167 4272 1244 4326 lto.
1262 4275 1323 4328 Hae

72 4359 141 4412 enim
160 4376 217 4412 non
234 4364 408 4412 consacratae
424 4365 505 4411 erant
516 4357 588 4422 Diis,
602 4357 651 4410 sed
669 4361 774 4408 tantum
789 4356 940 4412 securitatis
959 4374 1057 4412 caussa
1073 4357 1102 4412 in
1114 4357 1221 4423 templis
1240 4359 1323 4424 depo·

74 4444 153 4498 sitae:
170 4446 226 4498 Cic.
240 4446 271 4495 de
284 4446 356 4513 Leyp
367 4442 418 4496 .II.
435 4447 474 4496 16.
494 4445 564 4496 Sane
583 4444 611 4496 in
629 4441 737 4507 templis
756 4447 784 4494 et
801 4441 921 4496 delubris
939 4443 1090 4496 securitatis
1108 4457 1206 4496 caussa
1223 4443 1322 4509 deponi

74 4531 196 4581 solebant
213 4545 255 4580 res
270 4529 489 4594 pretiosissimae.
507 4531 538 4581 In
552 4529 653 4593 templo
667 4525 777 4578 Saturni
792 4532 817 4577 et
831 4526 899 4590 Opis
917 4529 1129 4582 adservabantur
1147 4529 1228 4597 leges,
1243 4529 1322 4592 scta,
