3130 5148
650 1175 1037 1270 PRAEFATIO

221 1401 1425 1467 ·PR10R1EDITIONIPRAEMISSA.

569 1588 799 1668 LECTORI
842 1587 1126 1668 BENEVOLO

774 1813 796 1852 Β.
833 1811 855 1848 Ρ.
891 1811 920 1851 D·

461 1937 542 2035 io
573 1966 801 2036 ao'r'rn.
833 1961 1234 2036 nurnuccrus

821 2161 872 2216 JC.

220 2426 407 2547 Quantum
424 2466 577 2532 utilitatis
596 2467 628 2531 in
646 2465 909 2552 jurisprudentia
924 2472 1037 2528 nostra
1057 2463 1289 2548 antiquitatum
1305 2461 1479 2528 Romana·

218 2593 289 2636 rum
312 2572 443 2636 adferat
464 2575 603 2656 notitia,
626 2595 736 2655 nemo,
752 2574 815 2636 nisi
829 2574 887 2668 qui
909 2593 1085 2656 numquam
1107 2579 1158 2663 est
1178 2570 1269 2670 hisce
1291 2571 1389 2634 saeris
1412 2571 1478 2634 ini·

219 2678 335 2760 flatus,
352 2680 494 2762 ignorat.
516 2681 679 2766 Equidem
697 2683 767 2766 jam
785 2703 826 2744 eo
848 2690 1014 2763 tempore,
1030 2701 1096 2764 quo
1113 2677 1219 2744 adhuc
1237 2678 1401 2751 florebant
1423 2700 1478 2742 res

219 2784 404 2867 Romanae,
418 2788 475 2850 vix
491 2789 661 2874 quisquam
681 2789 884 2873 praeclarum
900 2787 1124 2851 Jureconsulti
1142 2807 1262 2850 nomen
1279 2788 1365 2852 tueri
1381 2787 1479 2851 vide·

219 2895 328 2975 batur,
343 2893 486 2978 quierat
501 2899 543 2960 ab
566 2897 630 2961 hoc
646 2898 765 2981 insigni
788 2896 1136 2981 praestantissimoque
1153 2895 1321 2979 praesidio
1335 2895 1481 2960 destitu-

219 3009 281 3064 tus.
303 3001 450 3064 Ptaratna
471 3013 556 3079 arat,
579 3014 657 3068 teate
677 3006 851 3068 Clounoua
865 3007 911 3084 θ),
933 3005 966 3065 in
984 3007 1070 3066 omni
1080 3005 1159 3086 jare
1180 3007 1264 3066 cauda·
1280 3007 1480 3086 antiquitatis

220 3110 357 3190 ffgiea,
382 3117 414 3171 et
430 3115 537 3192 prisca
561 3115 725 3174 verboram
745 3121 904 3185 catastas,
926 3120 959 3174 ct
985 3116 1141 3174 actionum
1161 3114 1282 3194 genera
1306 3111 1480 3192 quaedam,

141 3237 142 3244 ¹
203 3237 302 3302 'qaae
318 3217 472 3300 majoram
490 3222 741 3282 consuetudinem
757 3223 911 3300 uitamque
925 3219 1136 3282 declarabant.
1158 3218 1255 3282 Haec
1270 3237 1350 3282 vero
1366 3221 1482 3284 omnia

223 3323 296 3408 quis
320 3344 443 3408 quaeso
465 3326 651 3410 intelligat,
674 3327 736 3390 nisi
759 3327 816 3412 qui
838 3327 1030 3390 interiorem
1057 3326 1120 3389 sibi
1141 3327 1348 3411 antiquitatis
1368 3326 1482 3389 scien-

222 3431 301 3494 tiam
318 3433 577 3516 comparaverit?
598 3434 687 3497 Hinc
705 3435 739 3496 in
763 3435 905 3498 maxima
920 3434 1113 3520 plerumque
1136 3456 1174 3498 ac
1190 3433 1367 3518 praecipua
1384 3441 1481 3496 vete-

223 3560 293 3602 rum
308 3540 615 3605 Jureconsultorum
638 3541 737 3606 laude
758 3543 946 3626 ponebatur
969 3543 1153 3608 accuratior
1167 3541 1399 3626 antiquitatum
1416 3563 1483 3604 no·-

222 3646 312 3723 titia3
335 3648 479 3712 Plautus
495 3649 540 3732 ¹³),
554 3665 749 3713 Amsuoussnt
769 3651 1036 3715 Jureconsultum
1057 3651 1258 3732 laudaturus,
1274 3649 1358 3713 nihil
1380 3649 1415 3713 in
1435 3671 1480 3712 eo

223 3755 345 3838 magis,
362 3776 458 3839 quam
481 3756 571 3820 illam
594 3758 693 3841 prisci
714 3759 812 3822 moris
835 3760 986 3842 peritiam
1004 3759 1197 3831 (admiratur.
1224 3758 1326 3834 Quam
1343 3761 1482 3839 peritus,

224 3861 349 3947 inquit,
365 3866 417 3925 tlte
438 3872 470 3925 et
485 3869 609 3946 prouti
618 3868 705 3947 juris
721 3877 752 3927 et
767 3869 909 3948 publici?
931 3868 1093 3944 Quantum
1110 3887 1232 3939 reram,
1252 3849 1405 3947 praeatum
1422 3885 1483 3926 ea·-

224 3972 402 4052 emplorum,
419 3982 570 4054 quantum
588 3986 832 4049 ANmQUlTATts
851 3978 957 4036 tenet?
976 3975 1064 4036 Na'dil
1081 3983 1137 4050 eat,
1160 3975 1242 4055 qaod
1257 3975 1377 4034 dataere
1395 3974 1483 4044 aetas,

224 4077 308 4160 qaod
324 4081 375 4141 ille
393 4080 504 4152 docere
520 4100 582 4141 aaa
598 4085 709 4162 pectit.
731 4083 813 4143 Mitt
824 4092 917 4154 certe,
936 4083 1051 4163 quoties
1067 4081 1186 4163 aliquid
1198 4082 1337 4142 additam
1352 4099 1483 4161 quaero,

223 4187 328 4248 taeter
346 4186 491 4248 thesauri
506 4198 562 4249 eet.
584 4189 678 4253 Idem
695 4189 937 4254 reconditarum
960 4189 1142 4252 litterarum
1160 4186 1360 4271 praesidium
1378 4186 1480 4248 etiam
1558 4223 1560 4228 ·

225 4337 522 4353 Q

295 4420 655 4488 QQQQMR
873 4435 876 4442 ·

294 4501 327 4575 b)
347 4505 426 4561 Pam.
444 4505 527 4578 Epist.
546 4509 570 4564 I.
588 4513 629 4562 22.
