3130 5148
212 362 256 426 ts
662 375 1010 434 [nocentium.

209 530 279 593 ulla
293 529 463 614 adpareat,
479 547 536 589 cur
550 533 625 610 post
645 527 885 610 Gregorianum
907 535 1015 589 actum
1037 547 1139 610 agere
1159 528 1303 592 voluerit
1320 529 1472 592 Hermo-

210 637 386 722 genianus:
407 656 474 698 non
491 644 624 718 praeter
639 656 708 698 rem
727 635 882 718 suspicari
906 633 985 696 mibi
999 635 1126 717 videor,
1143 635 1302 700 Codicem
1320 637 1470 699 Hermo-

210 744 386 829 genianum
403 741 543 806 nonnisi
554 741 816 826 supplementum
828 739 964 825 aliquod
974 741 1175 824 Gregoriani
1188 743 1298 826 inisse,
1311 744 1468 829 adeoque

209 857 343 937 praeter
354 871 406 931 ea,
418 869 503 934 quae
519 849 701 932 Gregorius
715 849 879 930 omiserat,
891 849 1093 932 superiorum
1104 843 1287 935 principum
1295 852 1469 934 rescripta,

209 959 417 1024 Diocletiani
441 957 546 1020 solum
568 964 603 1017 et
623 957 830 1037 Maximiani,
851 964 887 1018 ut
909 965 944 1019 et
968 957 1037 1040 ejus
1061 977 1281 1022 successorum
1306 959 1470 1022 constitu-

210 1071 320 1132 tiones
328 1066 539 1150 complexum
551 1085 634 1147 esse,
646 1084 749 1148 usque
762 1063 805 1126 ad
822 1064 929 1147 quarti
943 1063 1045 1126 seculi
1055 1063 1233 1130 Christiani
1245 1065 1386 1129 initium.
1398 1069 1431 1147 ⁰)

785 1212 813 1292 s·
836 1209 887 1272 20-
971 1223 978 1235 “

407 1327 463 1380 Cur
481 1325 510 1378 1ιί
526 1326 722 1394 Imperatorum
738 1325 874 1393 perititiam
893 1327 1087 1377 constitutiones
1106 1325 1275 1395 colleqerint?

293 1430 444 1515 Uterque
461 1425 622 1491 collector
635 1427 775 1510 profano
788 1425 924 1489 deorum
942 1425 1042 1489 cultui
1062 1425 1210 1490 addictus
1222 1427 1321 1492 fuisse
1334 1428 1470 1493 videtur

211 1536 432 1602 Gothofredo.
453 1535 507 1598 De
529 1533 803 1618 Hermogeniano
824 1553 903 1596 sane
924 1533 1153 1617 jureconsulto
1180 1542 1295 1599 contra
1312 1536 1365 1599 Jo.
1381 1534 1469 1600 Ber-

209 1644 359 1709 trandum
374 1648 406 1724 l)
425 1642 460 1705 id
469 1639 866 1724 demonstraruntAegid.
875 1642 1010 1725 Menag.
1023 1645 1224 1706 Amoenitctt.
1234 1644 1303 1705 Jur.
1314 1648 1369 1705 cio.
1379 1666 1405 1706 c.
1414 1644 1468 1706 11.

210 1760 245 1817 et
260 1751 351 1815 Guil.
366 1749 460 1814 Grot.
484 1749 853 1812 metamaucensem.
872 1747 923 1811 12.
941 1770 972 1830 p.
992 1747 1062 1810 178.
1081 1747 1154 1810 Nec
1176 1773 1196 1812 a
1211 1751 1352 1814 veritate
1370 1750 1469 1814 ablu-

210 1860 289 1924 dere
307 1859 437 1922 videtur
452 1858 617 1920 sententia
633 1853 845 1937 Gothofredi‚
864 1855 924 1918 hos
940 1863 1089 1918 auctores
1106 1856 1183 1920 ideo
1196 1865 1467 1942 tantamoperam

209 1970 243 2033 in
261 1964 459 2049 colligendis
476 1964 690 2028 vetustiorum
702 1962 892 2047 Principum
909 1964 1057 2047 epistolis
1071 1965 1217 2047 posuisse
1237 1965 1467 2048 existimantis,

210 2081 246 2138 ut
259 2073 381 2138 veteris
390 2072 671 2157 jurisprudentiae
688 2071 1062 2154 anteconstantinianae‚
1075 2094 1160 2156 quae
1177 2083 1244 2137 tum
1256 2073 1468 2137 Constantini

209 2181 255 2246 M.
273 2189 307 2244 et
319 2201 538 2245 successorum
555 2179 843 2243 constitutionibus
858 2179 1008 2263 quotidie
1025 2179 1247 2265 evertebatur,
1264 2181 1383 2247 facicm
1402 2203 1468 2265 po-

209 2291 350 2354 steritati
366 2286 652 2371 contemplandam
671 2287 834 2350 sisterent.

786 2403 815 2484 §-
836 2401 888 2465 21.

685 2518 773 2570 Codex
787 2495 998 2570 1’.ΙῚιοεοιίοειὶινιαι

292 2612 401 2690 Quum
413 2631 493 2675 vero
515 2609 550 2673 hi
566 2609 707 2674 Codices
727 2620 761 2675 et
776 2609 929 2694 privatim
943 2608 1077 2672 collecti
1098 2619 1218 2694 essent,
1236 2621 1271 2675 et
1290 2614 1465 2697 gentilium

209 2729 335 2786 tantum
354 2721 594 2804 Imperatorum
627 2720 787 2802 rescripta
816 2715 1129 2801 complecterentur:
1144 2723 1175 2800 1)
1204 2718 1465 2786 Christianorum

210 2931 301 2983 solum
319 2928 347 2981 in
365 2921 491 2988 immmis,
511 2926 559 2978 sed
568 2931 596 2977 et
605 2922 829 2989 inscriptionibus
845 2923 919 2987 apud
933 2924 1040 2975 Gruter.
1054 2940 1086 2991 p.
1105 2922 1209 2976 CLIX.
1223 2933 1250 2975 ct
1265 2925 1465 2982 CCLXXIX.

208 3013 337 3075 Adsedit,
356 3011 430 3080 quod
447 3009 514 3062 haec
531 3008 755 3062 constitutionum
772 3009 922 3072 fragmenta
939 3007 968 3058 in
987 3004 1187 3073 subscriptione
1204 3009 1306 3061 babent
1322 3007 1465 3075 Sirmium,

208 3115 244 3152 ex
262 3113 318 3167 qua
329 3096 489 3149 Pannoniae
506 3097 574 3148 urbe
586 3109 674 3164 ‚quem
691 3091 822 3159 plurimas
835 3092 934 3144 horum
952 3094 1152 3159 Imperatorum
1167 3093 1375 3147 constitutiones
1389 3111 1466 3148 emc-

208 3199 290 3236 nesse
306 3187 380 3250 patet
398 3198 434 3234 ex
445 3182 479 3232 L.
493 3182 631 3234 19.L.·24.
642 3180 674 3230 L.
686 3181 728 3230 ³9.
742 3175 770 3228 0.
789 3176 821 3227 de
844 3175 982 3228 mamea.
1003 3176 1119 3245 aliisque
1136 3178 1271 3244 plurimis.
1290 3179 1353 3231 Vid.
1366 3180 1466 3232 Scbnl·

208 3267 405 3335 tingdnrispr.
416 3269 546 3337 Aatq‘uct.
560 3283 590 3334 p.
607 3267 665 3318 709.
682 3260 762 3312 Heio.
776 3261 926 3314 etHccncl.
942 3260 970 3314 in
983 3261 1154 3314 Cod.Herm.
1169 3279 1195 3329 p.
1206 3268 1250 3316 64.
1265 3269 1321 3317 not
1328 3265 1353 3316 b.
1374 3263 1464 3316 Mtte.

277 3354 309 3420 o)
330 3353 362 3404 In
375 3352 476 3404 Codice
493 3349 666 3403 Justimaneo
683 3342 892 3399 constitutiones
910 3347 1043 3414 quaedam
1061 3355 1220 3410 occurrunt,
1235 3356 1299 3415 post
1315 3349 1465 3402 Diocletia-

208 3453 274 3489 num
293 3437 417 3502 scriptae,
435 3442 463 3488 et
476 3435 629 3490 anteriores
646 3438 737 3484 tanen
755 3433 859 3497 epocha
873 3430 984 3486 Codicis
997 3432 1189 3498 Theodosiaui,
1210 3435 1299 3502 qualis
1317 3441 1359 3488 est
1370 3437 1402 3489 L.
1414 3437 1465 3489 ott.

150 3561 151 3564 ¹
212 3522 240 3576 C.
259 3524 291 3574 de
313 3523 403 3574 lister.
422 3531 448 3574 et
468 3521 559 3573 Curat.
579 3519 624 3585 qui
642 3519 705 3570 sata
722 3533 776 3569 noa
794 3519 852 3569 ded.
870 3517 943 3570 edita
959 3532 1033 3569 enno
1051 3533 1136 3572 cccvi.
1148 3524 1175 3571 et
1192 3521 1225 3572 L.
1241 3525 1265 3572 l.
1283 3520 1312 3572 0.
1327 3519 1359 3571 de
1374 3520 1466 3572 Feriis

208 3605 299 3672 priore
316 3605 363 3658 illa
380 3608 532 3672 pnnllulniu
544 3602 689 3670 antiquior.
707 3603 777 3666 Hae,
789 3619 876 3672 quum
888 3619 924 3656 ex
936 3603 1037 3656 Codice
1050 3602 1241 3656 'theodosiano
1253 3605 1398 3658 desumme
1405 3621 1466 3658 non

208 3692 270 3755 siut,
283 3694 377 3758 procul
389 3692 474 3744 dubio
485 3707 522 3742 en
532 3691 664 3742 alterutro
681 3690 779 3742 horum
791 3689 915 3741 codicum
933 3686 961 3740 in
970 3701 1070 3753 corpus
1080 3690 1098 3740 J
1100 3687 1283 3742 ustinienenm
1293 3687 1464 3755 nigrarunt:

208 3777 332 3844 adeoque
354 3777 495 3842 probabile
518 3780 573 3838 est,
591 3773 840 3840 Hermogenianum
858 3775 954 3825 saltem
974 3773 1103 3825 Codicem
1121 3772 1285 3840 pertinuisse
1306 3776 1342 3826 ad
1359 3788 1464 3828 annum

209 3877 294 3915 cccvi.
313 3861 463 3927 Schultlng.
480 3857 541 3911 ibid
559 3859 639 3912 Heia.
664 3861 795 3926 Hermon.
815 3858 884 3910 Cod.
907 3856 1058 3911 novissima
1078 3859 1164 3912 editio
1180 3865 1273 3912 exstat
1289 3849 1416 3912 Hacnelii
1433 3860 1463 3912 in

208 3961 283 4012 corp.
299 3945 442 4012 junrom.
461 3943 590 4010 cntcjnst.
608 3947 699 3998 Bonn.
718 3947 797 3998 Fasc.
818 3945 855 3996 11.
874 3957 901 4009 p.
920 3947 964 3996 61.
982 3959 1024 4011 sq.
1044 3942 1133 3996 lltlt.

223 4059 225 4067 ·
277 4032 310 4099 p)
329 4032 360 4083 Is
375 4031 449 4083 cuim
464 4029 651 4084 Christianum
668 4030 754 4083 luisse
770 4028 861 4089 illum,
879 4025 983 4092 colligit
1000 4043 1034 4079 ex
1053 4030 1086 4081 L.
1104 4033 1148 4081 6⁰.
1168 4030 1204 4081 D.
1222 4029 1255 4080 de
1273 4028 1373 4081 Donat.
1390 4031 1464 4082 sister

208 4117 258 4168 uir.
278 4126 304 4168 et
320 4133 398 4168 uxor.
417 4115 464 4168 ubi
476 4115 593 4168 diuortia
609 4116 646 4168 ob
660 4114 812 4168 sacerdotia
830 4111 891 4166 lieri
900 4112 1036 4165 dicuntur.
1055 4114 1110 4166 Sed
1121 4112 1150 4166 id
1164 4114 1238 4178 apud
1255 4113 1378 4166 ethnicos
1390 4131 1462 4184 quo-

209 4214 262 4270 qne
279 4201 337 4256 lieri
354 4199 530 4253 consuevisse
546 4206 663 4254 constat.
676 4199 740 4252 Vid.
764 4197 889 4251 Observa.
903 4207 987 4250 acco.
1006 4199 1042 4250 cd
1058 4197 1182 4250 Bricca.
1197 4197 1230 4249 de
1245 4198 1354 4250 Verior.
1368 4199 1461 4268 equis.

204 4290 323 4355 p.1216.
341 4286 422 4338 Heius.
441 4286 485 4337 De
496 4289 622 4354 utroque,
640 4291 667 4337 et
682 4285 763 4350 Greg.
776 4290 804 4336 et
815 4283 1044 4349 Hermogeniana,
1062 4283 1157 4336 codice
1168 4283 1283 4352 elonque
1301 4283 1461 4338 auctoribus

209 4373 304 4424 sedulo
321 4368 450 4424 malain
465 4385 550 4424 unum
567 4370 704 4436 congessit
721 4371 857 4422 Zimmem
874 4371 909 4422 R.
928 4369 962 4420 G.
980 4368 1002 4434 ἓ.
1016 4369 1059 4420 tc.
1079 4367 1166 4420 ΜίὶΜ.

278 4457 310 4523 q)
331 4453 384 4506 Cui
401 4455 539 4510 adversari
557 4455 690 4518 videntur,
709 4454 825 4522 quaein
846 4456 962 4506 consult.
981 4457 1034 4504 ret
1053 4454 1100 4504 lot.
1121 4469 1181 4520 cap.
1199 4455 1253 4505 lx.
1272 4456 1399 4520 leguntur
1417 4470 1460 4508 re-

209 4541 309 4605 scripta
326 4546 430 4606 septem
442 4538 567 4592 Valentis
574 4543 603 4588 et
616 4540 798 4594 Valentiniani
810 4542 861 4601 lt,
877 4537 979 4606 quippe
990 4554 1061 4606 qnae
1073 4557 1108 4592 cx
1119 4555 1233 4605 corpore
1245 4537 1458 4604 Hermogeniani
