3040 5164
488 383 543 454 ue
568 383 840 456 Dortffloumts·

606 579 639 624 D.
682 577 718 624 u.

488 677 523 722 M·
544 676 715 724 nultum.
736 676 836 724 VITA

488 773 564 822 LIS·
586 773 766 822 MILI'I'IS·
789 776 836 824 cl.

490 874 559 922 PR·
601 874 625 920 A
647 874 670 920 N
692 876 713 920 Τ
736 876 756 919 0
778 875 834 922 Nl

487 972 615 1020 NIAN.
649 972 837 1020 RAVRNN

487 1071 686 1118 NATIONR.
722 1072 834 1120 PANN

488 1171 544 1218 111.
566 1168 837 1216 Pnovrunn'rrn

392 1320 395 1326 ,
490 1269 621 1317 STIP·
660 1269 835 1317 XXVIII

487 1367 671 1418 vaurms.
693 1367 837 1416 FAUS'I'I

487 1467 511 1514 N
532 1468 566 1514 A.
591 1467 765 1514 FOGAR
784 1469 796 1513 1
813 1467 836 1513 A

486 1567 546 1614 ΒΤ.
568 1567 715 1616 nunus.
737 1565 837 1615 uuus

487 1665 603 1714 BENE
625 1667 836 1714 MBRBN'I’I

576 1764 750 1812 rosuli·

48 1860 112 1922 imo
130 1865 159 1924 et
178 1879 222 1920 ex
244 1856 283 1918 L.
301 1855 352 1918 13.
371 1856 399 1937 §.
416 1855 447 1918 2.
472 1858 514 1920 D.
537 1859 576 1918 de
598 1858 732 1920 lbetam.
752 1859 839 1918 mitit.
860 1863 893 1920 et
914 1856 952 1918 L.
973 1857 1004 1918 5.
1026 1857 1059 1920 0.
1084 1859 1149 1921 eod.
1171 1865 1216 1922 nt.
1240 1860 1291 1924 cf.

46 1966 162 2030 Merill.
182 1966 358 2028 Obsernatt.
374 1964 439 2026 cn.
457 1964 543 2028 VIII.
557 1963 609 2027 32.
618 1987 651 2046 p.
663 1963 734 2026 124
756 1963 869 2048 Ipsine
889 1963 959 2047 legi
972 1963 1118 2044 Cinciae,
1137 1989 1178 2030 an
1194 1967 1293 2032 Priu-

48 2076 146 2158 cipum
166 2070 456 2140 constitutionibus
474 2071 509 2135 id
531 2071 703 2152 debeatur,
724 2070 814 2156 quod
832 2072 882 2154 ei,
903 2071 960 2156 qui
982 2071 1126 2157 aliquem
1149 2097 1170 2140 a
1188 2074 1292 2139 latro·

46 2183 134 2246 nibus
153 2181 208 2246 vel
225 2180 375 2244 hostibus
391 2180 570 2264 eripuerat,
582 2179 626 2241 'in
644 2179 806 2242 infinitum
822 2179 947 2244 donare
961 2179 1095 2262 liceret,
1114 2182 1292 2248 dummodo
1326 2159 1332 2170 ¹

46 2290 189 2370 donatio,
205 2298 240 2354 et
256 2309 322 2352 nou
342 2309 466 2351 merces
484 2286 609 2352 laboris
624 2286 860 2370 adpellaretur,
876 2307 943 2350 non
960 2287 1059 2352 facile
1077 2288 1209 2354 dixeris.
1224 2294 1294 2356 Ex-

43 2406 109 2462 stat
128 2395 286 2481 ejusmodi
308 2396 463 2480 exceptio
482 2394 570 2480 apud
592 2393 733 2458 Paulum
750 2395 906 2458 Sententt.
925 2395 1064 2478 Receptt.
1088 2397 1123 2458 V.
1142 2397 1192 2460 11.
1208 2400 1239 2464 6.
1259 2409 1294 2466 et

44 2505 154 2570 verbis
168 2504 277 2568 nescio
294 2524 351 2570 cur
364 2504 541 2568 immutatis
556 2504 594 2566 L.
604 2505 727 2586 penult.
743 2503 772 2585 δ.
788 2504 843 2566 alt.
859 2503 901 2564 D.
917 2503 956 2566 de
970 2504 1087 2568 Donat.

512 2665 515 2672 .
613 2620 642 2702 g.
664 2618 713 2680 15.

298 2722 334 2773 In
352 2719 534 2774 donationibus
551 2737 595 2772 ree
611 2719 730 2788 ungulae
749 2719 882 2774 naminari
898 2719 1033 2774 debebant.

119 2812 316 2878 Invaluerat
329 2813 440 2894 etiam,
457 2820 493 2876 ut
504 2811 641 2876 donatio
657 2811 728 2874 fieri
740 2831 807 2874 non
821 2819 933 2895 posset
948 2814 1057 2878 verbis
1071 2815 1293 2900 generalibus,

51 2923 99 2985 sed
116 2921 270 3008 singulae
294 2941 363 3004 res,
386 2941 465 3006 quas
489 2920 561 3004 quis
585 2929 673 2982 esset
694 2918 890 3000 donaturus,
911 2923 1096 2986 enumerari
1113 2921 1293 2988 deberent:

49 3029 122 3093 1,.1.
144 3031 219 3092 Ded.
235 3032 383 3112 Hermog.
402 3030 441 3092 de
454 3030 571 3092 Donat.
591 3028 644 3090 Ex
662 3048 728 3111 quo
744 3035 840 3091 textu
859 3032 963 3109 patet,
984 3049 1068 3092 aevo
1083 3029 1189 3096 adhuc
1207 3033 1303 3116 Πίος

50 3135 175 3202 cletiani
200 3137 264 3200 hoc
282 3135 338 3219 jus
366 3135 556 3199 obtinuisse.
586 3136 640 3199 Ita
663 3133 749 3197 enim
775 3133 822 3198 ibi
846 3132 1076 3198 Diocletianus
1098 3146 1133 3200 et
1158 3138 1293 3228 Maxim.

47 3243 200 3330 Augusti:
224 3244 299 3306 Non
317 3253 364 3306 est
378 3246 465 3326 juris
485 3247 600 3306 Incerti
620 3242 676 3324 (in
700 3241 938 3324 emancipatum
961 3242 1142 3306 donatione
1167 3223 1294 3329 alicuid

47 3353 211 3417 transferri
235 3372 302 3415 non
324 3355 452 3435 posse),
470 3357 501 3413 aa·
518 3354 708 3434 generaliter
732 3351 830 3410 eidem
851 3358 975 3432 partem
1000 3355 1124 3414 tertiam
1147 3353 1294 3416 bononem

48 3461 174 3535 donasti,
198 3462 272 3544 quaa
288 3462 480 3542 generaliter
503 3460 651 3522 bonorum
661 3462 765 3538 perne
787 3458 902 3519 donare·
916 3479 978 3520 non
991 3466 1102 3542 potest,
1121 3481 1215 3542 qnam
1229 3463 1294 3523 stn-

47 3572 130 3646 gnlae
149 3590 201 3630 res
222 3571 381 3628 noneinara'
394 3566 639 3659 debeantgqaae
659 3565 832 3646 donatione,
851 3569 1087 3648 mancipatione,
1105 3569 1155 3628 cel
1172 3571 1204 3629 a'n
1215 3569 1294 3651 jure

47 3681 176 3738 cesenae
198 3675 446 3752 transn'eruntur.
471 3671 520 3735 At
536 3657 630 3737 s'ecub
648 3680 809 3735 tamense
833 3693 885 3735 res
900 3671 1044 3736 habebat
1066 3673 1152 3738 inter
1166 3685 1293 3759 patrem

49 3789 77 3844 et
90 3785 193 3847 filium
211 3803 320 3862 suum,
337 3781 389 3843 cui
404 3788 531 3864 partem
547 3780 708 3842 bonorum
725 3779 850 3842 donare
865 3779 997 3844 licebat.
1019 3781 1125 3866 quue
1140 3789 1234 3864 patet
1251 3803 1293 3845 ex

49 3887 257 3976 inscriptione
284 3888 372 3973 apud
401 3887 578 3952 Gruterum
598 3910 631 3970 p.
654 3903 845 3951 ncccnxxx.
870 3910 901 3950 n.
921 3888 950 3950 3.
973 3909 1038 3973 qua
1059 3897 1155 3972 pater
1179 3889 1291 3953 liberis

52 4001 192 4062 omnibus
208 3998 304 4060 bonis
321 3995 424 4060 cedit:

387 4095 561 4143 manuum.
581 4093 765 4141 annocum.
787 4095 876 4142 nunu

388 4195 464 4242 unu.
487 4193 758 4242 rrnrmuumauns.
780 4196 809 4240 Ρ.
831 4194 881 4242 na
992 4231 997 4240 .

386 4296 464 4342 nur..
486 4294 560 4340 rar.
582 4293 711 4341 vrvnus.
732 4293 841 4342 nouis,
863 4293 923 4342 cns

387 4393 451 4442 sir.
474 4388 591 4442 suurn
614 4392 688 4440 sun.
711 4393 834 4452 Quone.
858 4392 890 4439 vr

388 4493 466 4540 xnn.
488 4491 608 4538 suasu.
631 4482 692 4538 etc.

53 4573 120 4640 Vid.
136 4579 178 4642 V.
195 4549 231 4642 c.
247 4577 429 4660 Schulting.
445 4575 517 4637 Not.
534 4575 577 4635 ad
594 4575 665 4636 Cod.
681 4573 829 4656 Hermog.
840 4593 874 4654 p.
893 4593 932 4633 m.
947 4571 1017 4633 713.
1034 4591 1077 4650 sq.
