3056 5168
388 447 391 454 .
500 396 577 467 ,Dr
603 399 825 470 Aorsormus.
1232 413 1304 484 689
1408 493 1410 508 Ι

40 581 205 658 quantum
226 573 336 636 facere
358 581 532 658 poterant,
554 577 699 640 obtineri
720 586 873 662 poterat,
895 581 939 643 ob
956 580 1151 648 beneficium
1167 605 1304 671 compe-

38 680 173 744 tentiae
190 681 234 762 ἃ).
258 681 455 767 Eodemque
477 681 577 746 modo
599 685 762 769 agebatur
783 707 855 749 cum
872 707 925 770 eo,
949 690 1005 774 qui
1028 693 1124 754 bonis
1148 703 1302 778 cesserat,

38 788 65 849 si
92 795 215 871 postea
238 787 363 875 aliquid
382 790 620 875 adquisivisset.
642 791 697 855 De
717 795 835 878 quibus
857 795 1007 860 omnibus
1028 798 1124 882 plura
1138 802 1301 867 Jurecon-

38 895 139 958 sulti:
165 893 240 959 Car.
255 895 411 980 Sigonius
427 899 466 959 de
480 899 610 992 Judr'eri‘s
626 902 651 961 I.
666 899 846 984 2111483.

499 1164 639 1218 Actionem
657 1175 731 1218 sexta
750 1167 848 1220 divisio.

125 1262 235 1325 Sexto
257 1260 403 1325 actiones
420 1261 474 1326 v'el
491 1264 535 1325 ob
554 1281 690 1330 sacrum
710 1284 882 1331 erasmum
898 1282 1048 1351 reorum,
1064 1270 1120 1333 vel
1143 1270 1301 1336 filiorum-

36 1370 188 1433 familias
204 1389 438 1453 servorumque
456 1393 569 1435 caussa
586 1362 853 1438 intendebantur.
876 1377 952 1439 Huc
966 1378 1136 1460 pertinent
1152 1381 1315 1456 actiones·
1344 1453 1352 1466 .
1418 1373 1422 1384 .

37 1495 137 1552 ouon
156 1493 272 1558 russo,
289 1476 331 1540 de
354 1495 390 1541 m
409 1496 479 1542 asu
501 1496 618 1561 vuaso,
641 1479 683 1543 de
698 1500 851 1565 recurro,
867 1501 1092 1566 ramuroms,
1114 1503 1300 1551 axnncrro-

36 1603 108 1665 mh,
133 1595 344 1648 1Nsr1ronm.
366 1584 420 1646 De
444 1587 561 1672 quibus
577 1587 727 1652 omnibus
745 1589 844 1652 titulo
866 1591 1017 1674 proxime
1037 1593 1233 1678 insequente
1256 1616 1299 1658 ex
1374 1649 1381 1656 .
1409 1601 1411 1608 '

36 1675 195 1755 instituto
214 1691 277 1754 erit
293 1691 466 1776 agendum.
1290 1698 1294 1711 ’

620 1813 649 1894 §.
670 1812 722 1874 44.

538 1927 687 1980 Postulats'o
696 1930 808 1999 judicia.

128 2025 311 2108 Hactenus,
321 2047 387 2111 quo
398 2032 496 2110 pacto
509 2028 655 2091 actiones
667 2031 842 2094 intendere
855 2030 945 2094 soliti
957 2011 1022 2095 sini
1035 2041 1176 2112 veteres,
1188 2043 1300 2098 osten-

41 2133 163 2204 dimus.
185 2133 247 2196 Eas
264 2133 313 2196 rei
331 2132 386 2197 vel
401 2150 563 2198 uuesuuo
584 2137 808 2220 excipiebant,
823 2136 879 2200 vel
895 2155 1100 2202 uxcrrruuno
1118 2140 1299 2203 excludere

13 2233 14 2236 ¹
38 2243 260 2322 conabantur,
284 2248 320 2304 ut
341 2241 428 2304 infra
449 2241 492 2304 ad
514 2241 644 2305 titulum
668 2242 710 2306 de
733 2243 985 2329 exceptionibus
1008 2243 1209 2310 docebimus.
1232 2249 1300 2312 Ubi

39 2371 124 2433 ergo
151 2369 228 2411 reus
248 2349 387 2412 actionis
411 2347 658 2413 fundamentum
682 2351 737 2414 vel
759 2351 926 2436 negando,
947 2350 1003 2414 vel
1019 2353 1219 2438 excipiendo
1237 2354 1300 2416 eli-

37 2466 140 2538 serat,
159 2465 195 2519 et
218 2456 411 2540 sponsiones
428 2477 477 2537 ea,
502 2479 566 2542 qua
582 2467 682 2522 antea
705 2458 857 2540 diximus,
873 2458 1003 2521 ratione
1025 2459 1157 2524 fuerant
1177 2461 1305 2525 factast

37 2566 231 2651 proximum
256 2572 342 2645 erat,
365 2572 400 2626 ut
422 2563 476 2628 vel
499 2581 653 2644 JUnlcES,
675 2566 730 2630 vel
751 2583 906 2643 sarram,
931 2565 986 2630 vel
1012 2583 1298 2634 auournmronus
1406 2591 1409 2600 ·

37 2673 292 2758 postulareutur
305 2675 349 2753 e).
365 2673 469 2735 Judea
483 2675 707 2756 cognoscebat
722 2675 764 2740 de
782 2674 968 2740 actionibus
985 2675 1146 2758 omnibus,
1159 2677 1299 2741 maxime

36 2804 121 2845 vero
141 2780 187 2844 de
209 2780 265 2862 iis,
281 2799 366 2864 quae
385 2790 479 2843 erant
496 2781 600 2843 stricti
616 2781 710 2864 juris.
733 2783 859 2844 Arbitri
870 2782 912 2844 ad
928 2782 1154 2866 dijudicandas
1172 2805 1299 2847 caussas

35 2891 153 2954 bonae
171 2887 251 2950 fidei
274 2895 308 2950 et
324 2888 511 2951 arbitrariae
527 2885 699 2978 dabantur,
718 2889 900 2973 horumque
922 2887 1022 2951 latior
1037 2897 1108 2952 erat
1122 2890 1299 2973 judicandi

34 2997 208 3084 potestas:
229 2993 346 3058 Festus
360 3018 395 3078 p.
410 2995 461 3057 35.
482 3016 633 3056 rrrrrnn
652 2995 766 3056 debitur
783 2996 896 3074 judea,
914 2997 996 3077 quod
1013 3003 1105 3059 totius
1121 3001 1171 3059 rei
1188 3001 1301 3060 haheat

34 3111 213 3170 arbitrium
232 3112 262 3166 et
277 3104 480 3181 facultatem.
509 3101 609 3165 Unde
633 3101 668 3165 hi
690 3102 804 3166 arbitri
826 3122 897 3164 cum
921 3104 1210 3186 compromissariis
1232 3127 1299 3168 non

35 3241 340 3257 —ffl--u—-w-u-—n

106 3313 147 3378 d)
169 3312 213 3362 De
223 3311 382 3374 differentia,
395 3327 465 3379 quae
477 3311 543 3362 olim
553 3309 663 3378 quidem
678 3311 806 3364 intererat
814 3309 883 3362 inter
898 3309 1160 3374 condemnationem,
1172 3310 1201 3362 in
1213 3325 1299 3378 quan·
1405 3311 1409 3324 '

31 3405 92 3452 tum
117 3399 211 3449 facere
229 3401 318 3463 potest
336 3397 450 3460 debitor,
469 3402 496 3448 et
514 3396 673 3448 beneficium
694 3396 770 3458 illud,
790 3399 820 3444 ut
837 3399 943 3447 tantum
958 3393 1073 3446 debitori
1091 3395 1299 3464 relinquendum

31 3487 67 3537 sit
85 3487 241 3544 bonoram,
260 3488 391 3549 quantum
410 3481 531 3544 sufficiat,
550 3497 584 3532 ne
603 3483 683 3546 plane
702 3485 780 3544 egeat
799 3479 890 3546 (quod
913 3485 1060 3548 utrumque
1077 3479 1201 3532 beneficii
1224 3495 1299 3532 com-

30 3569 182 3638 petentiae
200 3567 309 3620 nomine
326 3567 456 3634 insignire
474 3568 609 3634 solemus)
629 3565 684 3618 vid.
697 3564 841 3635 Theophili
856 3565 987 3634 poreplrr.
1006 3564 1033 3616 h.
1048 3573 1066 3618 t.
1084 3565 1105 3632 ξ.
1117 3569 1160 3618 37.
1186 3565 1299 3618 Holtius

29 3656 94 3708 bibl.
124 3654 161 3704 du
174 3651 367 3714 Jurisconsulte
385 3653 416 3704 Τ.
429 3651 452 3703 I.
472 3667 498 3717 p.
511 3655 571 3704 390.
584 3667 644 3720 sqq.
666 3651 701 3702 de
719 3650 845 3704 Schriiter
863 3650 891 3704 in
909 3651 970 3702 trit.
984 3651 1148 3719 Zeitschr.f.
1168 3651 1299 3704 Rechtsw.
1324 3702 1327 3710 ,

34 3743 65 3794 Τ.
83 3742 110 3794 Ι
119 3739 147 3790 V.
161 3753 192 3806 p.
207 3741 250 3790 76.
269 3752 329 3804 sqq.
352 3736 490 3788 Zimmcrn
508 3737 526 3787 l.
539 3737 555 3788 l.
579 3738 600 3806 ᾗ.
620 3742 676 3816 141.
694 3734 895 3788 Miiblenbruch
914 3737 996 3788 ddrtr.
1010 3737 1099 3810 Pund.
1120 3739 1151 3790 Τ.
1164 3737 1186 3790 Ι.
1204 3738 1224 3804 ξ.
1241 3741 1299 3790 164.

29 3833 90 3880 not.
118 3827 145 3875 2.
166 3819 252 3874 Mitte.

44 3901 46 3904 ’
109 3910 144 3976 e)
167 3907 208 3960 Cf.
223 3908 271 3958 lv.
290 3907 312 3973 ξ.
325 3911 402 3970 17,1.
422 3905 456 3958 dc
469 3906 531 3972 ipsa
549 3911 638 3960 autem
653 3907 778 3976 judicum
787 3904 816 3961 in
826 3905 917 3958 causis
927 3905 1039 3971 privatis
1050 3905 1215 3959 differentia:
1233 3905 1299 3956 Fer-

28 3997 130 4050 ratius
150 3993 234 4062 Epist.
249 3992 307 4044 La.
325 3992 369 4044 Jo.
381 3994 446 4057 Hop
466 3993 538 4044 Dirr.
554 3992 586 4042 ds
594 3991 731 4061 judicibus
749 3993 910 4044 uProetore
929 3999 954 4042 et
967 3988 1301 4060 prouinciarumltectori-

27 4083 79 4134 hus
110 4079 151 4130 ud
170 4093 282 4148 paneros
301 4079 421 4145 privatos
441 4077 623 4146 dijudicandas
640 4079 702 4130 dori
723 4077 813 4129 solitis.
837 4075 868 4128 1..
885 4076 920 4128 Β.
942 4079 1016 4130 1729.
1030 4080 1055 4128 4.
1074 4080 1101 4126 et
1119 4073 1147 4124 ia
1169 4071 1245 4124 [lbos.
1265 4071 1298 4124 N.

27 4164 178 4226 Oelrichs.
194 4162 318 4234 Dissertt.
332 4163 427 4232 Belpp.
442 4163 505 4215 vol.
514 4161 536 4214 1.
547 4163 579 4214 T.
591 4162 626 4216 11.
647 4179 674 4228 p·
684 4166 832 4217 sor-560.
850 4163 931 4214 Nunc
949 4178 963 4212 e
982 4159 1069 4218 Cicer.
1084 4159 1131 4210 Or.
1142 4175 1197 4226 pro
1212 4155 1299 4208 Tullio

25 4271 51 4304 ο,
66 4256 98 4304 6.
122 4250 240 4309 constat,
258 4244 351 4300 coram
369 4263 426 4299 rem
443 4243 681 4312 recuperatoribus
699 4248 759 4300 lites
775 4245 890 4300 ceterius
912 4242 996 4299 inisse
1014 4245 1112 4306 finitas,
1131 4257 1213 4311 quam
1225 4241 1299 4306 apud

26 4337 110 4390 alios
128 4330 248 4398 judiees.
269 4319 412 4386 Caeterum
431 4334 496 4384 haee
516 4331 642 4400 judicum
664 4333 816 4386 differentia
833 4349 866 4386 eo
885 4328 1055 4398 potissimum
1079 4325 1166 4388 rediit,
1178 4329 1220 4376 ¹ut
1237 4323 1297 4376 aliis

26 4419 150 4475 caussis
170 4418 367 4483 cognoscendis
382 4415 668 4486 judicessingutares,
685 4416 747 4470 aliis
765 4419 856 4484 plures
874 4430 929 4468 una
946 4414 1153 4466 adhiberentur:
1170 4425 1297 4480 quaeres

26 4503 138 4562 rursus
148 4503 206 4557 rim
215 4502 346 4556 habuitin
355 4503 587 4556 discrimineinter
592 4501 698 4572 judicia
707 4501 910 4568 legitimaetea,
918 4515 988 4567 quae
997 4497 1110 4564 imperio
1119 4495 1298 4557 continentur,

25 4589 247 4655 constituendo,
257 4589 336 4656 cnjus
348 4588 470 4643 meminit
482 4590 569 4658 Gajus
583 4591 632 4642 lv.
644 4591 665 4656 ξ.
677 4591 820 4642 roa-109.
839 4583 927 4639 Haut.
945 4584 985 4637 cf.
995 4599 1079 4648 supra
1090 4584 1161 4650 127.
1179 4579 1264 4634 Miiht.
1333 4638 1334 4644 ἵ

1062 4669 1104 4729 44
