3056 5168
236 401 313 470 699
678 391 752 461 Lns.
778 388 837 460 lV.
864 385 942 460 Tur.
968 377 1071 459 Vll.¹

234 573 324 638 ribus
348 568 593 650 adscribantur,
616 565 673 651 qui
695 587 735 629 ea
756 566 883 630 abolita
903 565 1351 646 desuetudinerestituerint,
1368 564 1445 649 idque

236 679 397 763 exemplis
413 673 616 742 demonstrat
630 674 720 738 Frid.
735 673 944 738 Brammerus
959 676 1004 738 ad
1020 675 1095 758 Lag.
1113 675 1196 737 thc.
1210 695 1235 736 c.
1249 673 1278 736 3.
1298 673 1357 736 Sed
1369 673 1446 757 longe

236 786 430 872 expeditior
451 791 636 868 superesset
659 782 812 846 Taciturn
836 783 1097 867 Suetoniumque
1121 779 1315 845 conciliandi
1333 781 1446 861 raticl),

235 896 335 959 modo
352 895 394 958 de
410 895 516 978 primo
533 891 730 976 Vespasiani
746 890 929 968 Consulatu
945 890 1065 954 certius
1080 897 1256 954 constaret.

823 1073 852 1154 g,
871 1071 901 1134 s.

699 1188 724 1240 A
744 1205 795 1256 quo
813 1188 1026 1242 denominatum?

319 1291 359 1356 Id
376 1313 457 1356 vero
479 1289 647 1374 singulare
663 1288 779 1353 habuit
800 1288 864 1352 hoc
881 1290 1014 1370 sctum,
1030 1289 1120 1374 quod
1142 1309 1211 1352 non
1226 1290 1268 1353 ab
1283 1294 1398 1353 auctore
1409 1283 1446 1348 vel
1474 1313 1478 1320 ¹

237 1399 381 1464 Consule
397 1419 519 1462 nomen
541 1398 696 1480 adeptum
716 1405 776 1478 est,
792 1397 850 1486 sed
866 1420 885 1462 a
900 1397 1089 1462 Macedone
1106 1398 1260 1482 quodam,
1276 1397 1339 1460 sive
1358 1395 1447 1475 inpro-

236 1511 296 1572 bus
318 1507 528 1587 foenerator,
549 1505 597 1569 uti
620 1504 721 1588 vulgo
743 1505 1033 1586 existimant,sive
1056 1504 1294 1587 filiusfamilias,
1308 1503 1351 1568 uti
1364 1501 1446 1564 Theo

172 1599 174 1604 ,
236 1615 329 1700 philo
356 1615 506 1696 videtur,
528 1614 563 1678 id
585 1635 706 1676 nomen
727 1613 890 1678 habuerit.
919 1615 963 1678 Et
986 1635 1082 1696 sane,
1109 1614 1259 1698 quamvis
1282 1610 1446 1695 aplerisque

238 1722 374 1808 vapulat
389 1721 608 1805 Theophilus,
624 1729 659 1784 et
674 1721 736 1805 ipsi
752 1721 786 1784 in
797 1721 962 1805 prioribus
982 1722 1184 1786 editionibus
1201 1743 1276 1786 eum
1290 1719 1446 1784 notavimus

230 1830 301 1914 jam
316 1839 427 1894 tamen
448 1828 721 1894 veritatis-studio
736 1829 895 1892 adductus
917 1827 1061 1916 ingenue
1078 1849 1211 1911 moneo,
1231 1825 1442 1914 probabiliorem

238 1947 273 2000 et
295 1938 395 2020 ipsius
411 1937 490 1999 scti
507 1937 616 2000 verbis
639 1936 943 2001 convenientiorem
961 1958 1033 2001 esse
1049 1937 1246 2020 Theophili,
1263 1957 1352 2021 quam
1364 1931 1441 2013 vulga-

152 2132 154 2140 ,
236 2065 305 2107 rem
335 2044 541 2107 sententiam.
569 2043 675 2128 Ajuat
702 2045 788 2106 enim
816 2045 952 2108 Patres:
978 2047 1081 2122 Quum
1105 2049 1187 2108 inter
1217 2055 1335 2108 ceteras
1357 2041 1444 2106 saca

238 2174 369 2220 caussas
395 2135 542 2226 Macedo,
571 2173 649 2233 qaas
670 2154 720 2214 ills·
733 2162 853 2216 saara
878 2155 1259 2227 administrabat„cts'om
1281 2152 1445 2214 assedissem

238 2252 437 2322 adhibuisset.
459 2259 555 2324 Haec
572 2259 677 2344 prima
693 2282 814 2338 caussa,
830 2280 914 2345 quae
930 2268 1077 2324 senatum
1094 2259 1210 2343 movit,
1228 2265 1265 2324 ut
1279 2253 1399 2323 Macedo
1411 2272 1445 2314 aas

238 2369 375 2430 alienum
403 2369 593 2430 adhibuisset
621 2371 703 2430 sister
729 2371 854 2431 sceleris
879 2390 1020 2432 caussas.
1051 2369 1157 2453 Atqui
1186 2391 1243 2431 aes
1266 2371 1384 2429 adanam
1402 2379 1445 2424 nou
1489 2425 1490 2438 ,

237 2476 367 2538 ratione
391 2473 590 2538 creditorum
613 2475 750 2556 dicitur,
772 2473 830 2539 sed
851 2477 983 2540 ratione
999 2473 1203 2540 debitorum=
1227 2479 1261 2538 L.
1276 2470 1341 2537 213.
1355 2471 1378 2553 §.
1388 2467 1409 2530 l·
1419 2467 1445 2528 1).

238 2585 277 2645 dc
298 2583 332 2644 V.
350 2587 382 2644 S.
403 2582 561 2665 Sequitur
583 2583 707 2646 altera:
729 2584 774 2646 la
792 2605 886 2666 saepe
900 2588 1061 2646 materiam
1077 2585 1233 2666 peccandi
1248 2585 1334 2644 malis
1349 2575 1445 2662 marist

235 2697 433 2771 praestaret,
451 2692 507 2769 qui
520 2693 703 2771 pecaniam,
719 2709 759 2751 ae
779 2691 856 2771 quid
875 2695 1010 2774 amplius
1028 2695 1194 2766 diceretur,
1215 2693 1337 2754 incertis
1354 2681 1444 2749 norbl-

238 2797 295 2858 dus
317 2795 466 2858 crederet.
489 2795 585 2860 Haec
606 2794 734 2861 demum
757 2797 836 2862 SCti
859 2803 961 2864 verba
976 2801 1016 2863 ad
1040 2800 1284 2866 foeneratorem
1306 2793 1445 2880 pertinent:
1488 2843 1489 2905 p

238 2903 276 2964 L.
292 2903 320 2964 1.
337 2904 378 2967 D.
400 2905 444 2964 ad
465 2905 584 2967 sotum
604 2904 764 2968 Macedon.
792 2906 931 2971 Incertis
951 2893 1032 2971 vero
1054 2907 1242 2980 nominibus
1265 2903 1385 2969 credere
1402 2913 1444 2960 non

240 3019 300 3091 est,
317 3033 487 3093 suppressa
503 3034 621 3104 caussa„
630 3015 743 3095 mutui,
767 3015 944 3100 celatoque
966 3016 1064 3079 titulo
1089 3017 1219 3096 crediti,
1238 3023 1272 3078 et
1293 3011 1380 3075 tacito
1397 3004 1444 3067 lot

239 3138 321 3181 nore
344 3117 554 3201 credere,'ut
575 3143 642 3184 rem
668 3123 837 3208 explicant
853 3124 977 3188 Pareus
998 3125 1031 3188 in
1051 3125 1167 3187 Less‘co
1182 3128 1252 3185 crit.
1275 3107 1445 3206 cajacusd

243 3229 275 3290 0.
296 3229 334 3289 de
355 3227 438 3290 soto
459 3229 620 3292 Macedon.
643 3238 676 3294 et
699 3231 733 3294 in
751 3233 897 3294 Paratitl.
919 3234 960 3292 D.
985 3233 1050 3294 eod.
1073 3231 1262 3296 Jan.Vinc.
1285 3225 1405 3293 Gravius
1419 3215 1444 3276 dt

104 3415 110 3432 κ
240 3339 337 3419 Legg.
359 3345 388 3396 et
404 3336 610 3400 SenatusCts’s
628 3361 653 3401 c.
667 3337 718 3401 69.
728 3361 763 3422 p.
778 3339 849 3401 629.
865 3340 923 3403 sed
948 3340 1133 3404 nominibus
1149 3359 1216 3402 non
1232 3338 1326 3402 bouis
1340 3331 1384 3398 suh
1391 3343 1440 3387 ¹1⁵⁰·

309 3558 342 3625 d)
363 3559 506 3624 Ingeniosa
528 3560 655 3612 nimirum
673 3561 761 3613 Taciti
779 3567 806 3614 et
829 3563 952 3616 Suetonii
970 3561 1116 3616 sententias
1140 3561 1294 3624 conciliavit
1311 3561 1373 3612 Patr.
1387 3548 1444 3604 1²le

243 3642 366 3695 Semestr.
379 3645 401 3695 Ι.
416 3647 457 3697 25.
479 3663 509 3713 p.
525 3651 580 3698 142.
611 3645 742 3699 claudius
760 3649 855 3701 Tacito
879 3650 961 3715 hujus
989 3643 1054 3701 scti
1078 3653 1173 3700 auctor
1191 3647 1277 3699 fuisse
1298 3640 1389 3697 dicitur.
1408 3629 1445 3686 Sul

240 3727 336 3780 eodem
353 3745 418 3781 vero
436 3727 538 3780 Consul
556 3729 606 3781 suit
624 3731 818 3806 Vespasianus,
837 3732 915 3802 isque
932 3733 1099 3786 Consulatus
1122 3730 1286 3798 Vespasiani
1307 3735 1370 3780 cesa
1382 3715 1445 3783 ,spel-

240 3815 310 3866 latur
328 3830 345 3866 a
363 3814 494 3867 Suetonio
519 3813 622 3882 Vespas.
641 3835 663 3870 a.
675 3823 701 3870 8.
719 3819 834 3872 Claudio
853 3833 928 3885 ergo·
939 3818 1064 3874 tribuitur
1081 3833 1113 3869 ea
1131 3817 1185 3881 lex,
1204 3823 1338 3884 tamquam
1351 3799 1446 3864 Prindll

240 3899 411 3966 Vespasiano
427 3907 565 3966 tamquam
579 3900 699 3955 consuli.
719 3903 788 3956 Nam
801 3908 827 3955 et
837 3904 1012 3969 Consulibus,
1021 3941 1022 3946 ,
1032 3904 1086 3956 inno
1099 3908 1126 3954 et
1138 3902 1313 3956 Senatoribus
1329 3889 1446 3950 tumadhut

237 3985 284 4052 jus
306 3984 390 4036 fuisse
416 3985 548 4038 referendi
571 3985 605 4038 ad
632 3994 755 4040 senatum
784 3989 975 4042 relationemve
1001 3989 1165 4055 postulandi,
1192 3987 1319 4039 discimus
1340 3998 1370 4034 ex
1385 3969 1447 4028 Gellio
1484 3995 1485 4024 2

242 4069 327 4120 Noctt.
345 4070 401 4120 Ass.
414 4070 434 4120 I
438 4069 464 4122 V.
485 4073 524 4122 10.
543 4070 596 4124 Sed
615 4073 760 4138 is‘primus
779 4091 810 4125 ac
827 4079 905 4126 vetus
917 4073 1080 4140 Vespasiani
1095 4074 1259 4126 Consulatus
1277 4085 1330 4122 uon
1345 4065 1402 4118 adeo
1410 4071 1447 4107 ⁰01·

241 4155 284 4206 tus
303 4161 351 4206 est.
370 4154 449 4206 Heia.
473 4158 585 4209 Praeter
603 4159 684 4210 Beru.
702 4159 786 4212 Heur.
805 4159 932 4212 Rcinoldi
950 4161 987 4212 ad
1004 4159 1103 4212 SOtam
1120 4157 1336 4210 Macedonianum
1357 4149 1447 4201 assera·

241 4240 343 4302 donem,
364 4240 449 4306 (Frui.
466 4241 501 4294 ad
516 4243 550 4295 V.
567 4249 639 4298 1717.
657 4249 682 4297 4.
701 4251 727 4297 et
744 4245 772 4298 iu
796 4244 907 4313 Opissas.
917 4246 1022 4313 juridd.
1041 4261 1068 4310 p.
1084 4243 1242 4308 tra-447.)
1264 4255 1342 4309 quarn
1359 4223 1447 4288 laudat

241 4323 450 4391 Cauuegieterus
468 4333 524 4379 not.
541 4333 566 4380 2.
585 4330 619 4380 ad
644 4331 664 4396 ξ.
680 4333 705 4382 8.
724 4332 757 4382 cf.
776 4333 811 4383 ab
830 4331 940 4398 ldsiuga
953 4332 1022 4384 Dr'ss.
1042 4333 1074 4382 dc
1092 4339 1180 4382 mutuo
1199 4335 1223 4380 st
1240 4326 1320 4378 aeteri
1334 4323 1446 4376 lucrare·

241 4405 395 4474 odlipatioae
413 4429 435 4463 c.
447 4415 472 4464 6.
490 4413 510 4479 §.
523 4419 599 4466 2—6.
618 4415 645 4466 iu
656 4413 787 4468 Oclrichs.
803 4415 878 4468 Thes.
893 4418 925 4468 N.
943 4417 1064 4467 Dissertt.
1078 4417 1195 4484 lepr'cc.
1208 4413 1269 4465 Vol.
1283 4413 1303 4462 1.
1316 4410 1344 4460 T.
1354 4407 1372 4458 l.
1386 4418 1406 4466 p·
1416 4399 1445 4447 ¹⁷¹

241 4495 334 4544 -177.
361 4493 480 4549 Crameri
500 4498 596 4550 Comm.
618 4500 649 4549 ds
671 4501 723 4550 vita
746 4508 772 4550 et
794 4500 953 4568 lapidatione
983 4499 1136 4568 Vespasiani
1160 4501 1227 4568 Imp.
1251 4515 1277 4563 p.
1297 4479 1447 4547 132-18btl

205 4591 212 4604 ”
242 4575 340 4629 Christ.
352 4579 441 4632 uuest.
460 4583 584 4636 Hdbneri
602 4583 671 4635 Dr'ss.
690 4585 727 4636 ad
741 4583 841 4637 SOusm
860 4587 1085 4640 Macedonianum.
1104 4571 1396 4652 obcluserunt.

514 4744 549 4788 l·
583 4797 586 4804 .
