3030 5160
283 383 337 450 Da
363 381 503 452 Hunno.
522 380 635 466 ,Quin
660 382 715 450 An
740 383 876 452 lnnssm
903 381 1036 451 Daren.
1214 386 1291 456 m

50 566 161 626 ttcsnc.
182 571 212 624 et
232 545 363 626 teman.
389 561 447 626 ΙΙΙ.
465 560 558 622 XVI.
571 558 602 622 2.
628 557 719 622 Gell.
739 560 844 622 Noctt.
865 561 932 622 Att.
948 559 1072 620 XVIII.
1087 557 1125 630 6,
1146 557 1286 643 Dionys.

50 670 144 736 Halic.
155 670 196 732 II.
206 667 259 732 λ’).
274 672 317 750 ⁰).
338 669 431 734 Idem
441 667 498 751 jus
511 665 665 751 nequiore
682 688 768 732 nevo
786 666 1073 751 consequebantur
1089 666 1200 748 liberi,
1215 666 1285 732 sire

49 799 99 863 per
118 777 317 860 subsequens
340 773 600 857 matrimonium,
620 775 689 840 sive
711 795 772 858 per
796 775 906 838 curiae
930 773 1116 857 dationem,
1132 775 1201 838 sive
1225 795 1287 857 por

50 885 225 968 rescriptum
251 883 408 968 principis
433 882 630 968 legitimati,
654 883 754 946 modo
780 881 814 944 hi
838 883 997 966 postremi
1018 884 1054 948 in
1078 883 1165 946 huns
1187 882 1284 946 finem

49 991 209 1077 legitimati
228 1001 348 1076 essent,
362 1000 400 1057 ut
416 991 647 1056 succederent:
663 990 736 1072 §2
752 993 829 1054 Inst.
845 993 874 1052 It.
890 1000 912 1056 t.

592 1154 697 1252 ‘aa

88 1289 143 1342 Suis
159 1290 237 1340 edem
256 1283 473 1354 accensebatur,
479 1287 603 1356 postremi,
622 1287 723 1338 reversi
739 1304 772 1337 es
789 1286 945 1354 captivitate,
964 1281 1002 1336 bis
1020 1285 1171 1354 mancipati,
1185 1303 1239 1356 per

364 1389 484 1423 errorem
502 1389 535 1423 ea
553 1372 651 1441 impari
663 1371 791 1423 connubio
804 1369 950 1439 procreati.

117 1489 203 1567 Quin
221 1495 256 1552 et
274 1497 349 1572 post
370 1497 497 1551 mortem
513 1493 619 1570 petris
639 1493 724 1563 nati,
745 1491 795 1551 cel
809 1491 932 1550 :werm'
950 1489 988 1549 ab
1010 1487 1163 1559 hostibus,
1177 1494 1236 1548 out
1249 1507 1286 1548 ee

48 1603 129 1680 primo
154 1597 328 1660 secundove
360 1599 513 1680 mancipio
542 1599 739 1671 manumissi,
771 1599 901 1678 cujusve
927 1598 1043 1657 erroris
1070 1615 1185 1656 caussa
1209 1614 1286 1676 pro-

52 1691 116 1780 bata,
131 1707 197 1766 lr'cet
212 1725 276 1766 non
292 1713 396 1766 essent
410 1708 442 1765 ἐπ
452 1713 617 1785 potestate,
630 1709 684 1767 sui
696 1714 800 1768 tames:
810 1707 904 1788 patri
915 1703 1044 1766 heredes
1059 1703 1286 1786 efficiebantur,

54 1820 80 1874 ut
96 1811 188 1874 tradit
204 1807 331 1874 Paulus
347 1809 499 1872 Sententt.
521 1809 661 1895 Receptt.
674 1813 732 1876 IV.
747 1813 777 1876 8.
791 1813 822 1874 7.
844 1811 952 1889 Quem
973 1810 1083 1874 locum
1105 1819 1140 1873 ut
1160 1807 1287 1872 intelli-

54 1940 162 2002 gamus,
177 1917 347 1982 sciendum
366 1926 429 1996 est,
444 1913 538 2004 loqui
555 1919 671 1983 euml.
688 1921 730 1984 de
746 1924 919 2003 postumia:
934 1941 1008 1983 nam
1026 1917 1108 1984 ethi
1125 1918 1173 1981 sui
1188 1917 1288 1980 here-

54 2027 98 2090 des
111 2035 208 2110 erant,
225 2026 307 2114 quia
322 2027 348 2088 si
363 2026 441 2090 vivo
457 2037 595 2111 parente
611 2028 679 2092 nati
697 2036 816 2110 essent,
832 2029 865 2091 in
882 2028 951 2113 ejus
967 2035 1133 2113 potestate
1150 2026 1287 2090 fuissent

54 2135 143 2197 futuri.
160 2135 250 2219 (Gaj.
268 2135 331 2199 III.
346 2135 392 2217 4.)
411 2135 456 2200 ΙΙ.
468 2133 522 2198 De
541 2141 675 2198 reversis
691 2158 731 2199 es*
746 2141 934 2218 captivr‘tate,
951 2138 1008 2223 qui
1027 2145 1063 2200 ut
1079 2135 1189 2199 omnia
1197 2137 1287 2222 jura,

55 2241 93 2303 ita
106 2249 133 2304 et
146 2229 312 2307 civitatem
329 2265 367 2307 ac
382 2242 533 2306 suitatem
548 2241 751 2328 postliminio
763 2243 986 2328 recipiebant:
998 2245 1026 2326 §.
1037 2246 1067 2306 4.
1077 2243 1153 2304 Inst.
1165 2245 1195 2305 It.
1207 2252 1227 2303 t.
1242 2243 1287 2323 f).

54 2347 103 2410 III.
120 2349 168 2412 De
189 2354 274 2433 fils‘s's
298 2373 339 2412 ea
357 2355 460 2434 mimo
486 2353 537 2412 vel
562 2351 698 2413 secundo
724 2355 876 2433 mancipio
900 2355 1109 2412 manumissa.
1139 2349 1175 2411 Si
1199 2351 1286 2412 enim

55 2456 256 2522 filiusfamilias
288 2421 517 2542 enanicipandi
544 2458 651 2542 gratia
679 2455 778 2522 alicui
806 2457 914 2523 suerat
940 2457 1162 2544 mancipatus,
1188 2478 1227 2520 ac
1252 2456 1286 2521 in

55 2561 127 2648 hujus
141 2565 306 2650 mancipio
329 2566 372 2630 ad
387 2574 515 2652 tempus
531 2575 695 2631 manserat
716 2568 823 2652 (quod
840 2573 973 2652 poterat
991 2566 1097 2648 fieri),
1114 2565 1288 2630 amittebat

52 2672 109 2754 jura
123 2675 255 2740 suitatis.
273 2675 326 2736 Ex
342 2675 447 2758 primo
464 2698 544 2739 vero
561 2683 596 2739 et
607 2671 751 2738 secundo
765 2675 930 2760 mancipio
944 2676 1153 2740 manumissus
1169 2674 1286 2754 eadem
1313 2657 1319 2664 ’

56 2781 230 2866 recipiebat,
249 2783 414 2868 siquidem
430 2783 560 2846 nonnisi
576 2793 628 2846 ter
643 2782 813 2867 venditus,
830 2791 864 2847 et
880 2794 932 2847 ter
948 2784 1176 2865 manumissus,
1193 2805 1211 2845 a
1228 2805 1287 2867 pa-

55 2889 103 2951 tria
120 2900 285 2974 potestate
308 2890 829 2968 liberabatur.,Quemadmodum
850 2913 930 2978 ergo
953 2892 1090 2976 primum
1115 2899 1149 2954 et
1172 2913 1287 2957 secun·

56 2993 113 3058 dum
127 2999 354 3081 manumissus,
371 3000 396 3062 si
414 2999 512 3063 tertia
528 2999 726 3084 mancipatio
748 3022 816 3063 non
832 2999 1039 3078 adcessisset,
1055 3007 1286 3064 testamentum

55 3107 135 3184 patris
149 3110 339 3195 rumpebat:
354 3107 492 3192 Ulpiani
510 3109 643 3191 Frogm.
663 3108 787 3171 XXIII
803 3108 832 3172 3.
849 3108 896 3170 ita
911 3108 999 3172 idem
1022 3118 1057 3172 et
1073 3109 1114 3173 ab
1130 3109 1286 3174 intestato

55 3217 230 3281 succedendi
248 3217 306 3301 jus
320 3218 556 3302 recuperabat:
574 3215 650 3302 Gaji
666 3214 743 3278 Inst.
763 3217 801 3277 II.
816 3215 846 3278 8.
862 3215 890 3279 1.
908 3217 987 3296 (ΙΙΙ.
1000 3217 1046 3298 6.)
1078 3215 1234 3300 Denique
1253 3223 1288 3278 et

55 3314 102 3382 IV.
120 3323 158 3386 de
180 3326 219 3388 iis
246 3323 395 3408 loquitur
416 3324 556 3407 Paulus,
579 3345 711 3406 quorum
740 3330 856 3386 erroris
881 3346 997 3387 caussa
1010 3326 1127 3403 suerat
1143 3324 1287 3405 probata.

55 3423 108 3489 Per
122 3452 263 3496 errorem
280 3431 407 3496 scilicet
418 3453 661 3516 nonnumquam
674 3433 930 3498 contrahebatur
946 3431 1185 3495 matrimonium
1201 3431 1289 3494 inter

56 3531 173 3619 disparis
194 3539 396 3604 conditionis
417 3561 591 3623 personas,
615 3539 720 3604 veluti
743 3539 770 3603 si
791 3540 870 3605 civis
885 3539 1054 3604 Romanus
1078 3537 1286 3624 peregrinam

56 3649 99 3704 eut
112 3643 278 3731 Latinam,
293 3657 348 3712 aut
364 3635 549 3711 dedititiam
573 3647 735 3730 duxisset,
752 3671 847 3734 quam
868 3649 973 3712 civem
993 3649 1211 3730 existimarat,
1231 3655 1288 3710 aut
1326 3642 1332 3648 ’

56 3745 74 3808 si
92 3751 163 3817 civis
183 3755 337 3820 Romana
359 3777 419 3840 per
441 3777 585 3820 errorem
605 3756 768 3842 nupsisset
790 3758 980 3844 peregrino,
1006 3756 1061 3820 vel
1083 3757 1215 3837 Latino,
1231 3754 1287 3819 vel
1334 3793 1348 3806 =

56 3853 202 3926 dedititio.
226 3863 562 3948 Quotiescumque-id
585 3866 692 3929 fuerat
713 3866 851 3944 factum,
873 3865 1023 3930 cessabat
1046 3866 1162 3947 auitas,
1186 3865 1289 3952 siqui-

56 3960 116 4028 dem
137 3968 233 4036 liberi
256 3995 298 4036 ex
321 3971 481 4057 ejusmodi
504 3973 626 4057 nuptiis
647 3974 812 4057 procreati
831 3974 865 4038 in
885 3983 1052 4059 potestate
1070 3973 1158 4054 baud
1184 3980 1287 4036 erant.

55 4067 93 4131 At
110 4075 134 4137 si
158 4081 414 4144 erroris·caussa
438 4081 581 4165 probata
606 4090 692 4162 erat,
718 4090 872 4164 parentes
905 4083 966 4166 ipsi
993 4102 1100 4166 aeque
1128 4103 1166 4144 ac
1189 4080 1288 4145 liberi

56 4222 349 4248 *Q*—

12 4353 14 4366 .
111 4315 138 4379 e)
158 4317 299 4386 utsupra
314 4318 373 4372 Lib.
397 4318 421 4372 1.
443 4319 493 4374 Iit.
507 4321 546 4374 X.
563 4321 584 4388 ξ.
603 4325 628 4374 4.
645 4325 670 4374 6.
695 4327 722 4374 et
747 4323 878 4376 Pithoeus
902 4323 938 4375 ad
962 4321 1056 4378 Goltet.
1073 4324 1154 4389 L099.
1173 4319 1287 4372 Roman.

57 4395 188 4454 ttMosar'c.
200 4421 230 4470 p.
247 4423 280 4458 m.
299 4410 358 4460 790.
383 4407 462 4458 Heia.

113 4483 140 4548 f)
159 4485 206 4540 Sin
223 4487 250 4542 in
269 4489 424 4554 captivitato
442 4489 585 4562 obiissent,
612 4491 781 4557 tingebantur
799 4498 861 4546 ante
883 4491 1066 4558 captivitatem
1085 4490 1234 4544 decessisse
1250 4505 1286 4542 ex

58 4559 106 4626 tere
121 4568 256 4628 cornera:
274 4575 384 4642 Ulpiani
403 4576 510 4645 mayn.
531 4577 652 4632 xxrrr.
669 4582 695 4632 s.
725 4579 805 4632 nan.
