3040 5164
224 388 296 456 aaa
540 359 544 370 ’
669 379 744 448 ιω.
770 379 812 449 ιι.
837 379 915 450 nr.
939 381 1032 450 xrv

225 567 260 624 et
275 559 344 623 alio
359 557 448 622 soto
465 579 655 622 concessum
668 531 737 638 est,
754 563 790 620 ut
805 557 982 642 municipia
1002 559 1144 622 heredes
1158 557 1287 623 institui
1302 569 1439 643 possent
1455 585 1471 625 a
1517 631 1518 634 Ἴ

223 668 353 732 libertis
368 668 449 730 suis:
464 667 598 751 Ulpian.
615 671 650 728 L.
666 666 696 728 1.
714 666 743 746 §.
760 665 788 726 1.
805 667 847 726 D.
861 666 901 726 de
915 665 1021 728 Litart
1034 671 1119 729 unio.
1145 667 1251 730 Erant
1268 688 1350 730 vero
1365 667 1471 733 liberti
1517 715 1518 720 1

223 775 470 842 universitatum
506 776 591 839 servi
623 773 749 858 publici
781 773 977 836 manumissi.
1008 774 1098 837 Hinc
1126 774 1213 858 apud
1239 773 1419 839 Gruterum
1445 799 1471 858 p.

222 885 409 948 LXXXIII.
424 906 454 946 n.
470 883 521 945 13.

745 982 824 1030 rsrn.
846 983 912 1030 nnc

622 1092 652 1136 1..
674 1090 859 1138 PUBLlGlUS·
881 1089 1059 1138 EUTYGHRS

706 1198 789 1244 MUN·
812 1197 889 1244 Tau.
912 1198 967 1243 LlB

224 1300 332 1363 Porro
348 1298 390 1361 V.
406 1318 469 1360 nec
483 1296 638 1360 mulieres
654 1296 794 1360 heredes
813 1297 846 1360 iu
862 1305 956 1381 parte
972 1305 1236 1382 quantacumque
1259 1297 1392 1362 institui
1406 1309 1469 1382 pot·

225 1414 321 1470 erant
343 1413 419 1490 post
437 1405 548 1490 legem
572 1404 774 1471 Voconiam:
803 1404 870 1467 Cic.
895 1406 1015 1468 Verria.
1037 1406 1062 1465 I.
1086 1404 1136 1468 43.
1150 1405 1195 1486 f).
1221 1407 1287 1469 Eas
1313 1408 1402 1470 enim
1424 1430 1469 1470 ca-

224 1534 304 1600 pere
329 1513 476 1597 potuisse
496 1512 550 1577 tto
571 1503 663 1595 ἥμισυ
682 1511 834 1595 μυριάδας
857 1513 976 1590 οὐσίας,
995 1512 1101 1575 XXV.
1122 1515 1219 1574 mulia
1237 1535 1418 1590 nummum,
1433 1538 1467 1578 ex

224 1623 338 1686 Dione
359 1620 447 1686 Cass.
465 1621 549 1682 LVI.
568 1619 617 1681 10.
634 1627 736 1703 patet.
758 1619 850 1682 Male
865 1620 947 1683 haec
964 1621 1066 1684 verba
1080 1619 1200 1684 Dionis
1215 1620 1334 1686 hahita
1349 1623 1465 1686 suntab

224 1729 470 1813 interpretibus,
488 1749 625 1812 quorum
642 1726 794 1812 plerique
807 1727 1029 1808 crediderunt,
1042 1727 1152 1811 legem
1161 1726 1353 1792 Voconiam
1367 1731 1462 1816 probi-

224 1839 333 1904 buisse
343 1885 352 1918 ,
369 1858 410 1899 ne
432 1835 522 1919 quiS,
538 1835 593 1919 qui
610 1844 740 1898 centum
758 1835 863 1898 millia
877 1835 936 1898 HS
957 1835 991 1897 in
1007 1834 1102 1898 bonis
1117 1835 1274 1920 haberet,
1291 1837 1463 1922 plusquam

226 1945 442 2030 quadrantem
463 1944 640 2017 bonorum,
660 1942 695 2004 id
715 1952 765 2006 est
783 1959 854 2006 xxv
873 1939 977 2006 millia
1000 1943 1075 2024 HS,
1097 1943 1241 2033 feminae
1263 1945 1460 2034 relinqueret.

224 2052 330 2120 Vidit¹
344 2073 416 2114 eum
438 2071 582 2114 errorem
598 2050 784 2113 Bachovius
801 2052 845 2112 ad
859 2052 936 2112 [πει.
954 2052 983 2112 Ιι.
999 2059 1020 2112 t.
1043 2050 1111 2116 Sed
1127 2073 1168 2116 eo
1189 2073 1225 2114 se
1241 2073 1286 2114 ne
1309 2053 1377 2136 ipse
1400 2053 1464 2135 qui-

226 2162 300 2225 dem
323 2159 483 2243 expedire
499 2157 617 2241 potuit.
640 2157 785 2221 Felicius
805 2159 845 2222 V.
866 2158 902 2221 C.
919 2159 990 2222 Jac.
1007 2159 1203 2224 Perizonius
1223 2161 1262 2221 de
1280 2162 1351 2242 lege
1369 2161 1464 2224 Vocon.

160 2319 162 2326 .
220 2292 254 2352 p.
269 2268 341 2330 144.
356 2289 399 2348 sq.
416 2266 546 2348 docuit,
564 2266 598 2328 in
616 2274 711 2362 tantu
726 2265 845 2330 Dionis
860 2267 1097 2351 intelligendas
1113 2285 1183 2330 esse
1201 2266 1385 2350 drachmas,
1399 2289 1465 2350 quas
1518 2263 1519 2284 ³

225 2397 355 2462 semper
369 2375 527 2440 inanimo
542 2374 668 2437 habent
683 2373 804 2438 Graeci
825 2376 1015 2458 scriptores,
1032 2376 1163 2459 quoties
1186 2375 1228 2438 de
1243 2375 1400 2440 Romana
1418 2396 1465 2459 pe-

225 2485 321 2560 cunia
337 2484 531 2568 loquuntur:
550 2481 697 2546 Gronov.
713 2484 752 2543 de
763 2503 875 2564 pecua.
890 2490 948 2544 oct.
964 2484 1023 2543 III.
1038 2482 1088 2544 16.
1110 2483 1229 2568 Itaque
1244 2483 1407 2567 perhanc
1425 2483 1463 2544 le

225 2614 300 2678 gem
324 2588 453 2653 mulieri
474 2611 540 2652 non
563 2589 657 2653 licuit
678 2589 867 2673 relinquere
891 2589 978 2652 ultra
998 2592 1101 2652 XXV
1115 2591 1219 2658 millia
1241 2591 1461 2668 drachmarum,

225 2721 283 2763 seu
301 2697 366 2761 CM
381 2696 575 2776 sestertium,
596 2705 772 2780 antequam
787 2696 845 2759 lex
859 2697 917 2760 illa
935 2698 1087 2762 Voconia
1101 2721 1161 2785 per
1176 2699 1387 2783 opulentiam
1400 2698 1457 2760 civi·

225 2807 301 2870 tatis
316 2797 578 2869 subverteretur:
595 2803 699 2867 Gellii
713 2805 817 2866 Noctt.
833 2807 899 2866 Au.
916 2807 989 2866 XX.
1005 2806 1034 2867 1.

809 2956 889 3038 sa·
1103 2979 1106 2986 ·

503 3065 687 3118 Unioeru'tater
705 3065 833 3134 quaedam
850 3065 959 3116 heredes
977 3063 1059 3118 scribi.
1071 3073 1204 3134 poteraut.

222 3169 227 3172 ’
309 3170 397 3232 Dum
423 3188 503 3230 vero
525 3167 755 3230 universitates
781 3165 922 3228 heredes
951 3165 1077 3228 institui
1102 3165 1248 3250 potuisse
1272 3166 1460 3251 negavimus,

226 3277 480 3362 intelligendum
495 3275 530 3340 id
546 3284 596 3338 est
612 3275 653 3338 de
670 3273 853 3356 municipiis
869 3281 903 3336 et
913 3272 1082 3356 ,collegiis
1096 3273 1326 3336 Romanorum
1337 3272 1456 3354 imperio

227 3385 397 3469 subjectis,
421 3385 551 3446 nonde
576 3381 763 3447 civitatibus
783 3379 982 3462 αὐτονόμοις,
999 3401 1084 3464 quae
1100 3381 1178 3464 jure
1195 3401 1254 3444 suo
1277 3380 1460 3464 legibusque

227 3495 410 3569 utebantur.
424 3490 479 3553 Sic
491 3477 577 3574 apud
589 3489 741 3552 Tacitum
750 3491 866 3551 Annnl.
876 3490 933 3549 IV.
941 3487 992 3550 43.
1010 3488 1180 3566 Vulcatius
1190 3488 1360 3568 Moschus,
1372 3483 1462 3564 exsul,
1516 3535 1517 3576 ᾗ

226 3600 315 3662 bona
329 3620 387 3662 sua
405 3598 541 3683 reliquit
556 3596 824 3661 Massiliensibus.
847 3595 947 3673 Quod
970 3596 1156 3681 exemplum
1176 3595 1298 3660 frustra
1313 3596 1423 3660 Plinio
1437 3599 1463 3654 et

180 3831 183 3843 ³
295 3807 323 3872 i)
344 3806 424 3857 Nunc
441 3803 599 3871 Savignins:
614 3803 719 3854 Comm.
736 3799 802 3853 iiber
820 3802 861 3853 die
872 3803 930 3854 Lea
949 3801 1075 3860 Voconin5
1092 3801 1243 3868 vor-peteret
1257 3802 1286 3853 ia
1304 3801 1355 3852 der
1371 3781 1464 3852 Beria

117 3943 120 3953 ,
227 3892 313 3944 atad.
334 3895 407 3944 Isau.
424 3893 450 3940 4.
469 3885 602 3954 probavit,
620 3891 809 3953 argumentum
827 3886 894 3952 legis
912 3885 1053 3937 Voconiae
1070 3885 1154 3938 hrisse
1172 3887 1292 3951 duplex:
1314 3888 1344 3952 1)
1364 3901 1398 3938 ne
1415 3897 1465 3934 mn·

226 3958 305 4028 lieres¹
323 3990 340 4026 a
356 3978 485 4026 testatore
503 3975 613 4036 100‚000
630 3969 760 4022 sestertiis
776 3983 880 4034 censo,
899 3969 953 4022 nisi
970 3970 1079 4022 eaedem
1098 3969 1161 4022 huic
1185 3970 1267 4022 etiam
1292 3971 1328 4022 ab
1349 3971 1465 4023 intestato
1515 3957 1516 4026 i

226 4059 341 4113 tuissent
358 4072 541 4120 successurae,
554 4061 713 4108 testamento
731 4055 843 4107 heredes
861 4054 1055 4118 scriberentur;
1073 4057 1105 4123 2)
1120 4071 1154 4107 ne
1171 4055 1303 4121 legatario
1315 4057 1378 4120 plur
1396 4052 1466 4105 reliu-

227 4149 362 4213 queretnr,
380 4158 462 4212 quarn
480 4142 516 4193 ad
532 4141 658 4192 heredem
675 4139 849 4205 pervenisset.
864 4139 943 4192 Circa
960 4139 1033 4192 idem
1051 4146 1167 4205 tempus,
1185 4153 1241 4207 quo
1259 4140 1405 4207 Saviguiua
1422 4135 1466 4189 dit·

226 4230 367 4292 scultetos,
387 4227 486 4296 quihus
504 4225 571 4291 legis
589 4225 670 4292 hujus
689 4223 821 4278 sententia
838 4227 917 4276 antea
934 4225 1112 4290 laboraverat,
1130 4223 1280 4287 extrioavit,
1295 4226 1383 4276 lucem
1401 4221 1466 4274 vide·

226 4318 303 4365 runt:
322 4311 414 4364 Maur.
431 4310 527 4363 Kindii
542 4310 616 4362 Disa.
634 4311 666 4361 de
684 4309 740 4378 Iope
764 4309 884 4362 Voconia.
903 4308 978 4376 Lips.
996 4313 1070 4362 1820.
1081 4313 1107 4361 4.
1125 4313 1152 4359 et
1170 4308 1308 4362 Zimmern
1326 4309 1355 4361 in
1367 4308 1465 4360 Daren

226 4413 254 4448 u.
271 4397 411 4450 Naustetel
429 4394 659 4448 Riimiacb-rechtt.
684 4396 787 4447 Uutere.
805 4395 836 4446 T.
855 4395 876 4445 Ι.
894 4409 968 4446 num.
988 4397 1028 4446 13.
1045 4410 1072 4459 p.
1086 4397 1248 4447 ³11-331.
1266 4391 1356 4444 Haut.
1371 4395 1409 4445 At
1425 4389 1465 4440 cir.

226 4482 319 4544 etiam,
338 4481 413 4549 qnod
426 4481 462 4532 ad
480 4475 547 4546 leg'is
559 4480 698 4532 Voconiae
712 4479 830 4546 primum
848 4478 915 4531 illud
927 4483 1009 4544 caput
1021 4477 1129 4530 attinet:
1142 4477 1198 4530 Cio
1213 4478 1246 4528 de
1262 4475 1363 4545 republ.
1375 4475 1425 4527 In.
1432 4476 1464 4525 1⁰.
1514 4471 1515 4490 ¹

227 4566 288 4631 Gaj.
306 4567 342 4616 ΙΙ.
359 4566 380 4630 t.
398 4569 457 4618 274.
476 4565 566 4616 Haste
585 4563 682 4617 Rhein.
701 4567 771 4618 Mus.
790 4566 840 4616 Ill.
859 4579 885 4628 p.
906 4567 962 4615 183.
981 4579 1041 4630 sqq.
1060 4563 1144 4615 Matr.
