3130 5148
222 363 250 414 x
632 341 836 408 Pnnnrnrro
861 339 1057 408 Hnuuouur.

225 521 420 581 1110111αεί001
436 515 567 599 scripta.
584 513 646 595 *2)
664 516 770 577 Editio
788 516 927 577 secanda
945 516 1067 576 mentior
1082 523 1114 577 et
1130 517 1329 578 emendatior.
1348 518 1475 598 Argea-

223 630 321 689 torati
331 626 484 686 sumtibus
502 623 548 684 Jo.
565 621 1014 692 11011011111111100110111724.
1030 621 1059 684 8.
1076 623 1114 684 P.
1134 624 1270 706 [pagg.
1285 621 1357 684 492.
1374 624 1413 685 Ρ.
1432 624 1475 685 II.

218 755 315 815 pagg.
329 731 401 794 370.
421 733 509 810 (cum
536 728 652 792 eadem
677 727 836 810 epistola,
858 729 892 790 in
913 729 1037 792 ceteris
1057 729 1208 792 omnibus
1229 729 1304 793 edd.
1327 731 1471 811 omissa.)

222 841 319 902 Hanc
342 837 523 901 editionem
547 857 605 898 usu
629 833 766 901 edoctus
792 833 936 920 cognovi
958 836 1090 898 minime
1108 836 1296 918 mentitam,
1319 858 1416 921 quum
1440 858 1475 899 se

222 969 290 1010 non
308 946 411 1008 solum
428 944 607 1008 auctiorem
624 942 739 1026 prima,
752 943 809 1004 sed
826 943 986 1026 inprimis
1003 945 1101 1006 etiam
1122 944 1381 1007 emendatiorem
1397 965 1476 1028 pro-

222 1053 307 1118 fessa
323 1062 417 1116 esset.
441 1051 541 1114 Certe
557 1048 694 1135 multum
710 1050 789 1112 mihi
808 1050 933 1133 profuit
948 1051 990 1114 ad
1006 1053 1204 1113 Heineccium
1222 1074 1240 1114 a
1257 1050 1404 1135 plurimis
1419 1051 1477 1114 iis-

224 1182 289 1245 que
306 1160 423 1245 passim
438 1157 637 1220 foedissimis
654 1159 829 1239 erroribus,
847 1158 952 1245 quiin
969 1158 1169 1242 posteriores
1185 1159 1360 1239 editiones,
1377 1165 1477 1242 qnot-

222 1278 305 1352 quot
320 1267 470 1346 adhibui,
487 1285 600 1328 omnes
621 1263 836 1348 irrepserant,
859 1267 1073 1348 purgandum.
1098 1265 1397 1347 *3)11111110101110
1417 1289 1477 1328 au-
1556 1327 1557 1334 ,

222 1381 298 1437 ctrbr
317 1385 347 1437 et
365 1375 565 1437 emendatior.
582 1377 792 1454 Argentorati
803 1375 956 1435 sumtibus
977 1375 1023 1436 Jo.
1041 1376 1132 1436 Item.
1144 1372 1477 1436 311101101117308.
1556 1415 1557 1420 κ

222 1483 261 1544 P.
277 1484 301 1543 1.
316 1505 415 1564 pagg.
430 1479 502 1542 562.
514 1480 553 1542 P.
563 1481 604 1540 II.
616 1501 712 1563 pugg.
727 1481 931 1564 386.,(quam
952 1490 1071 1562 tamen,
1089 1478 1178 1565 quod
1195 1501 1237 1542 ex
1249 1479 1476 1544 additamento

222 1589 445 1656 Praefationis
461 1615 576 1656 recens
588 1592 719 1677 adjecto
733 1585 895 1670 colligere
907 1587 955 1651 fas
971 1585 1031 1671 est,
1046 1587 1255 1673 oportetjam
1273 1588 1477 1672 1111101726,

181 1688 185 1692 ’
223 1697 299 1759 dum
316 1701 501 1763 Heineccias
518 1701 624 1765 adhuc
638 1701 872 1780 Franequerae
886 1699 1158 1776 commorabatur,
1176 1716 1247 1759 esse
1262 1695 1478 1778 absolutam).
1556 1757 1557 1762 ,

222 1806 331 1870 Etiam
348 1807 431 1871 haec
454 1809 558 1870 editio
571 1809 605 1889 *)
625 1809 666 1870 ab
689 1807 761 1890 ipso
781 1811 915 1868 auctore
931 1804 1038 1867 revisa
1051 1812 1087 1867 et
1102 1805 1200 1871 variis
1219 1786 1477 1886 adsessionibus,

222 1915 364 1977 maxime
380 1917 448 1979 Lu.
464 1918 489 1979 1.
505 1921 551 1979 tit.
569 1917 620 1978 VI.
633 1914 795 1998 capitibus
807 1911 893 1996 legis
905 1911 1025 1975 Aeliae
1043 1911 1178 1976 sentiae
1201 1911 1255 1973 hic
1270 1912 1407 1996 primum
1423 1933 1480 1974 re-

224 2021 343 2100 stitutis
356 2023 427 2105 **),
446 2031 495 2088 est
516 2022 739 2107 locupletata,
757 2043 820 2084 nec
843 2027 933 2084 caret
954 2007 1052 2101 locis,
1075 2020 1243 2104 inquibus
1266 2028 1381 2083 auctor
1402 2041 1480 2082 sen-

222 2129 362 2192 tentiam
380 2130 414 2192 in
436 2131 600 2215 prioribus
617 2129 692 2192 edd.
712 2128 914 2213 propositam
931 2127 1141 2208 retractavit,
1164 2125 1268 2190 veluti
1284 2127 1342 2188 IV.
1356 2127 1386 2188 7.
1402 2128 1431 2207 5.
1448 2127 1478 2190 8.

222 2235 322 2299 Unde
338 2237 471 2319 factum,
494 2246 529 2302 ut
550 2241 590 2302 ab
613 2238 675 2301 hac
689 2237 768 2300 inde
785 2236 932 2299 editione
956 2234 1137 2299 nonnullae
1159 2242 1259 2296 notae
1276 2233 1481 2296 Heineccia-

223 2365 287 2406 nae
310 2345 472 2408 asteriscis
494 2345 684 2429 praefixisa
707 2346 826 2409 ceteris
849 2344 1144 2426 distinguerentur,
1169 2363 1306 2425 nempe,
1329 2363 1371 2404 ne
1394 2341 1478 2404 ordo

222 2471 430 2515 numerorum
453 2455 631 2537 priscorum
643 2453 840 2516 'turbaretur
855 2453 945 2531 ***).
969 2451 1031 2532 *4)
1052 2453 1156 2510 Editio
1175 2457 1291 2529 quarta
1309 2454 1430 2510 anatim
1449 2458 1481 2510 et

224 2561 424 2623 emendatior.
453 2565 624 2642 Argentor.
649 2570 704 2622 ete.
730 2558 858 2639 (1113.)
883 2557 974 2619 1734.
998 2558 1026 2619 8.
1050 2557 1090 2617 Ρ.
1113 2557 1255 2637 Lpagg.
1278 2555 1349 2646 562.
1373 2556 1413 2616 P.
1436 2557 1480 2617 ΙΙ.

219 2687 319 2746 pagg.
341 2665 413 2728 386.
447 2669 512 2748 *5)
540 2671 645 2730 Edita
670 2671 781 2750 puintu
804 2669 924 2728 anatim
947 2675 978 2726 et
1000 2665 1201 2725 emendatior.
1226 2666 1399 2744 Argentor.
1421 2674 1480 2727 ete.

228 2775 281 2852 (ut
297 2773 344 2853 3.)
363 2775 456 2836 1741.
471 2773 500 2838 8.
516 2779 556 2836 Ρ.
567 2778 592 2838 I.
602 2797 704 2858 pagg.
719 2774 797 2836 562..
806 2775 845 2835 Ρ.
862 2774 903 2834 II.
916 2793 1017 2854 pagg.
1034 2769 1105 2837 386.
1128 2769 1256 2854 Neutra
1271 2769 1384 2833 harum
1402 2769 1481 2833 edd.

172 2995 175 3000 ·
277 2980 307 3046 ’)
327 2981 392 3032 Duo
410 2965 533 3048 ejusdem
542 2982 677 3048 exempla
690 2980 761 3034 notis
771 2979 856 3032 MSS.
874 2979 995 3031 virorum
1014 2976 1234 3030 doctissimorum
1252 2975 1392 3040 instructa,
1410 2979 1480 3029 alte·

224 3081 285 3116 rum
300 3066 409 3134 Gaarpii
425 3065 575 3126 d'Arnand,
594 3059 708 3118 alterurn
720 3067 818 3116 Franc.
839 3063 931 3116 Caroli
944 3063 1080 3124 Bouradii,
1096 3061 1209 3116 forsitan
1224 3061 1360 3128 hodieque
1377 3061 1480 3114 alicubi

225 3155 341 3202 exstant.
371 3151 444 3203 Illud
467 3153 623 3217 exemplum
651 3149 899 3214 cumbibliotheca
918 3151 980 3202 Pet.
1003 3149 1158 3200 Burmanni
1178 3147 1287 3198 minoris
1308 3145 1482 3202 divenditum'

224 3235 276 3286 fuit
288 3236 375 3302 Lugd.
394 3239 456 3288 Bat.
473 3239 637 3310 1111101779.
656 3237 739 3302 (teste
761 3235 886 3302 Catalopo
905 3233 990 3286 MSS.
1009 3235 1164 3285 Burmann.
1189 3251 1217 3300 p.
1234 3236 1277 3284 60.
1295 3249 1366 3294 uum.
1383 3233 1478 3299 4168.)

226 3321 278 3372 bae
295 3339 358 3373 eum
376 3319 481 3388 reliqua
499 3321 665 3384 supellectile
683 3317 814 3370 litteraria
836 3319 963 3370 Conradii
978 3317 1141 3371 Helmstadii
1161 3321 1327 3369 ann01767.
1345 3316 1424 3382 cujus
1437 3316 1481 3367 iu-

224 3405 279 3457 dex
294 3405 476 3474 (Bibliotheca
496 3421 512 3454 a
525 3405 623 3456 Fraus.
640 3404 702 3456 Car.
717 3403 848 3474 Ouaradie
861 3401 983 3471 collecta)
1002 3403 1033 3456 Τ.
1046 3403 1086 3455 ΙΙ.
1102 3401 1227 3470 (Helmst.
1242 3402 1318 3454 1767.
1330 3401 1370 3468 8.)
1380 3418 1408 3468 p.
1419 3403 1480 3453 101.

224 3472 295 3542 nam.
314 3492 476 3541 8033-35.
494 3488 584 3552 ipsum
603 3491 760 3554 exemplum
785 3489 921 3543 describit.
951 3491 1042 3556 Atque
1067 3487 1171 3540 utinam
1189 3484 1255 3537 mihi
1273 3485 1302 3536 in
1329 3483 1482 3538 norissima

227 3574 345 3626 editione
364 3571 522 3625 adornanda
540 3571 660 3626 licuisset
678 3573 703 3626 ei
717 3574 832 3640 gratiam
850 3576 884 3626 ab
902 3574 1045 3641 utriusque
1062 3576 1105 3626 vel
1123 3577 1195 3625 certe
1212 3570 1368 3623 alterutrius
1386 3585 1482 3620 exem-

201 3705 203 3710 .
224 3657 263 3724 pli
281 3656 368 3722 copiis
386 3657 546 3708 conciliaret
682 3659 685 3663 '

243 3741 292 3810 ⁴²³)
312 3743 386 3794 Hinc
403 3743 582 3806 emendenda,
597 3757 668 3810 quse
685 3745 751 3797 olim
769 3742 798 3797 11
816 3742 1031 3796 Institutionibns-
1041 3743 1109 3796 meis
1122 3742 1259 3795 litterariis
1267 3740 1343 3808 jara
1362 3739 1483 3790 Romani

226 3828 247 3894 §.
267 3831 324 3887 113.
346 3827 376 3878 Τ.
394 3827 418 3878 I.
431 3845 462 3894 p.
480 3832 540 3881 317.
558 3829 592 3880 de
610 3829 731 3880 secunda
749 3829 867 3880 editione
886 3829 990 3894 scripsi.

226 3909 291 3978 ***)
312 3910 406 3962 Inveni
426 3910 546 3964 has:¹ad
564 3915 588 3964 Ι.
606 3915 665 3980 11.
681 3921 702 3966 1.
722 3915 872 3982 „Alioquin
890 3931 943 3964 non
960 3911 1097 3980 nepamr”
1115 3919 1162 3963 etc.
1174 3911 1209 3964 sd
1225 3909 1300 3962 I.ll.
1319 3909 1340 3973 §.
1355 3914 1377 3959 1.
1395 3908 1480 3970 ,,Α11“·

214 3989 329 4063 'mando
349 4004 435 4048 tamen
453 3999 482 4048 id
493 3997 628 4066 apebant”
642 4007 689 4049 etc.
705 3999 739 4049 ad
753 3999 803 4050 IV.
818 4003 857 4050 18.
869 3999 890 4064 b.
908 4002 950 4050 40.
964 3996 1112 4066 „Abjectus
1129 3995 1174 4048 ille
1191 3992 1312 4046 solebat”
1327 3998 1375 4044 etc.
1393 3995 1480 4060 (quac

225 4087 316 4132 tamen
331 4081 389 4146 jam
407 4081 436 4133 in
454 4083 496 4134 ed.
515 4085 550 4134 lt.
569 4084 664 4134 eedem
680 4083 769 4135 littera
781 4101 812 4150 a,
832 4083 1065 4151 qua'antecedcns
1084 4083 1121 4132 ad
1134 4083 1154 4146 §.
1172 4085 1213 4132 31.
1232 4078 1382 4140 „Attamen
1400 4078 1480 4128 etiam

226 4165 258 4214 de
277 4165 387 4231 capite’'
403 4176 450 4220 etc.
463 4167 599 4234 insignita,
615 4169 728 4234 legitur3
743 4166 887 4234 manifesto
901 4166 1010 4230 indicio,
1025 4167 1194 4218 Heineccium
1206 4159 1296 4228 ipsum
1311 4162 1340 4214 in
1351 4159 1480 4226 proxima

226 4247 345 4301 editione
367 4257 489 4306 mutasse
514 4254 630 4318 signum,
651 4270 685 4325 ne
702 4258 783 4303 notae
800 4251 1045 4316 confunderentur)
1065 4256 1092 4300 et
1110 4248 1171 4302 ibid.
1188 4249 1208 4316 ς.
1226 4253 1269 4301 16.
1298 4247 1379 4307 „Nec
1397 4247 1481 4312 manis

206 4377 211 4386 .
222 4334 336 4401 posna”
355 4345 403 4387 etc.
433 4339 586 4391 Asteriscos
606 4343 783 4389 servaverunt
804 4337 865 4387 edd.
883 4338 1125 4402 Argentoratenses
1146 4339 1267 4402 (praeter
1284 4331 1478 4398 novissimam)

226 4425 253 4470 ct
271 4420 453 4483 Basilcenses;
477 4421 599 4488 reliquae
625 4422 678 4474 alia
702 4423 863 4490 plerumque
886 4421 965 4486 signs
988 4420 1203 4482 substituerunt:
1228 4418 1303 4488 quod
1321 4421 1348 4466 et
1365 4413 1480 4466 anobis

227 4504 336 4568 factum,
355 4505 456 4574 quippe
471 4506 518 4574 qui
537 4508 620 4572 paulo
632 4505 738 4557 tardius
752 4520 928 4571 progressum
947 4505 1025 4559 illum
1042 4511 1169 4560 notarum
1187 4504 1480 4558 arnmadverfissemus.
