3062 5156
424 354 479 424 Da
505 356 757 427 Auoronrrnrn
781 355 972 428 Turonum.
1257 362 1326 430 186

72 545 121 599 tur
140 541 174 598 ta
195 537 425 616 imaginariam
446 535 589 596 metm
608 553 773 596 eamearn:
801 533 839 596 L.
858 531 889 598 3.
908 533 937 614 5.
952 532 982 599 l.
1001 533 1042 594 D.
1064 533 1104 596 de
1125 533 1328 624 capam.

72 644 228 706 Attamen
242 662 288 704 ne
303 641 350 704 sio
366 639 499 724 quidem
515 637 627 702 omnia
641 637 676 700 in
693 639 806 723 aprico
818 647 902 702 sunt.
922 638 959 702 si
974 640 1062 702 enim
1075 639 1120 703 ob
1136 640 1220 704 hanc
1235 661 1328 706 caus·

72 771 132 813 sam
153 749 384 832 emancipatio
404 756 455 812 est
474 748 602 830 speeies
620 747 738 830 eapitis
759 746 1011 812 deminutionis:
1034 768 1091 812 cur
1103 767 1170 810 non
1186 748 1330 816 maxime

73 856 195 940 potius,
214 877 317 940 quam
333 854 467 918 minima
482 858 637 918 vocatur?
652 853 730 918 Vid.
745 855 873 918 Huber.
887 856 1032 937 Dignos.
1050 857 1110 917 111.
1126 855 1157 918 6.
1173 854 1328 920 Thomas.

74 965 167 1026 Solet.
191 972 226 1024 et
247 984 320 1026 noo.
342 965 439 1025 addo.
461 964 506 1026 ad
524 961 655 1026 Huberi
673 963 830 1024 Praeleot.
844 963 922 1024 last.
941 981 973 1042 p.
992 961 1044 1024 47.
1069 961 1161 1047 [Imo
1183 983 1241 1026 our
1259 963 1330 1047 oJus

73 1069 173 1132 adbuc
188 1071 357 1140 ¹meminit
378 1069 584 1136 Justinianus
598 1070 628 1150 §.
643 1067 673 1133 3.
688 1069 768 1130 Inst.
783 1069 813 1132 b.
833 1077 853 1129 t.
879 1089 977 1152 quum
994 1070 1064 1153 jam
1083 1069 1211 1153 pridem
1233 1078 1329 1134 vetus

73 1177 126 1240 illa
145 1177 377 1260 emancipatio
391 1176 523 1242 sublata
545 1185 632 1242 esset
647 1176 689 1240 ab
704 1173 882 1240 Anastasio
896 1175 935 1238 L.
955 1177 985 1238 5.
1005 1177 1038 1240 0.
1052 1178 1091 1240 do
1106 1178 1239 1240 Idunum.
1260 1175 1329 1240 Sed

74 1285 189 1350 dubiae
212 1285 299 1348 fidei
318 1293 392 1348 sunt
412 1287 514 1349 verba
532 1285 562 1348 d.
577 1285 606 1366 §.
620 1282 652 1346 {t
673 1302 759 1367 quae
777 1281 856 1346 ideo
879 1281 1042 1346 uncinulis
1065 1282 1278 1349 includuntur
1294 1285 1329 1348 in

76 1393 268 1475 quibusdam
287 1390 516 1476 editionibus]

597 1561 823 1574 *n—

521 1727 610 1818 arn
628 1728 655 1792 1.
677 1727 769 1791 urs.
791 1727 895 1792 xxi.

684 1893 719 1933 DE

338 2015 716 2094 AUCTORITATE
742 2017 1004 2094 TUTORUM
1019 2022 1066 2116 ⁸).

150 2203 322 2268 Tutorem
346 2208 418 2264 erat
433 2215 702 2265 sucromrtrutt
721 2199 952 2283 interponere,
975 2201 1250 2282 quemadmodum
1274 2221 1330 2266 cu·

76 2319 233 2393 satorum,
252 2325 455 2372 cousnusou
478 2307 699 2372 commodare.
726 2307 781 2370 De
812 2329 876 2390 qua
898 2324 1064 2371 ruroauu
1090 2325 1330 2372 Auoromrarn

77 2439 167 2502 quum
194 2415 361 2500 singulari
382 2415 480 2480 titulo
503 2424 582 2501 agat
598 2415 801 2500 Imperator:
824 2414 866 2477 de
891 2435 932 2479 ea
950 2434 1083 2502 quoque
1104 2413 1264 2479 nonnulla
1288 2435 1331 2478 ex

78 2525 330 2613 antiquitatibus
345 2524 504 2588 Romanis
519 2523 674 2588 videntur
690 2521 890 2601 adnotanda.
995 2552 1002 2570 ·

658 2675 688 2758 s.
708 2675 739 2738 1.

149 2795 231 2866 oripo
253 2794 419 2846 auctoritatis
436 2801 561 2845 tutorum.
583 2792 697 2852 Quando
715 2800 787 2845 tutor
804 2793 888 2846 dietus
905 2795 1093 2849 administrare
1111 2803 1138 2848 et
1153 2798 1269 2864 perere!

153 2894 434 2979 Antiquissimum
453 2893 517 2956 boo
533 2900 605 2955 erat
614 2893 697 2978 juris
713 2893 859 2958 Romani
872 2894 1080 2979 principium,
1095 2900 1195 2959 alieno
1209 2897 1332 2958 nomine

80 3025 170 3086 ogero
187 3024 283 3086 posse
301 2995 470 3068 neminem:
485 3005 586 3082 prino.
607 3003 684 3064 Inst.
703 3003 743 3064 de
763 3003 822 3075 Iis,
834 3023 897 3085 per
918 3024 994 3084 quoa
1013 3008 1072 3085 ogi
1083 3009 1201 3086 possit,
1221 3023 1331 3088 neque

75 3115 272 3192 pronittere,
302 3115 428 3172 tertium
452 3110 529 3191 quid
542 3109 712 3186 sactorum
738 3111 944 3172 daturumve:
966 3110 995 3191 δ.
1015 3109 1045 3172 3.
1068 3112 1144 3172 lost.
1165 3112 1205 3172 de
1223 3112 1331 3174 [nutu.

80 3221 177 3300 str'pul.
202 3219 297 3302 Ergo
319 3238 381 3280 nec
396 3224 487 3281 tutor
505 3213 623 3300 pupilli
645 3215 779 3279 nomine
801 3217 1052 3302 quidquanaut
1067 3237 1168 3298 agere
1185 3224 1241 3279 aut
1255 3238 1332 3300 pro-

80 3327 208 3389 mittere
226 3333 370 3412 poterat.
392 3325 501 3403 Quum
524 3332 634 3388 tamen
658 3323 786 3388 lubrica
806 3325 1007 3409 pupillorum
1024 3334 1115 3389 aetas
1135 3323 1331 3408 consiliique

80 3433 248 3498 infirmitas
270 3455 337 3496 non
366 3441 570 3517 paterentur,
591 3431 727 3516 pupillis
748 3432 887 3496 liberam
909 3413 1056 3518 permitti
1079 3454 1186 3497 rerum
1203 3453 1331 3495 suarum

82 3539 416 3604 administrationem:
438 3539 602 3604 tutoribus
631 3538 705 3624 plus
728 3541 903 3625 potestatis
926 3541 1193 3626 concedendurn,
1217 3540 1333 3605 distin-

80 3649 314 3732 guendumque
330 3648 566 3711 existimabant
581 3648 736 3731 Romani,
755 3649 907 3713 infansne
924 3657 1010 3712 esset
1025 3648 1182 3733 pupillus,
1198 3671 1239 3711 an
1253 3649 1333 3711 istos

81 3755 239 3846 infantiae
260 3777 363 3819 annos
381 3757 552 3840 superarit.
575 3756 611 3818 Si
629 3755 736 3820 infans
760 3765 862 3838 esset,
885 3764 975 3821 tutor
992 3759 1101 3822 omnia
1118 3755 1250 3840 agebat,
1265 3777 1332 3818 non

80 3865 211 3948 pupilli,
232 3863 292 3927 sed
315 3885 373 3926 suo
395 3865 529 3929 nomine
544 3866 588 3944 lt).
611 3864 842 3949 Prospiciebat
858 3865 987 3949 pupillo
1014 3866 1150 3951 ejusque
1173 3864 1268 3926 matri
1291 3861 1332 3924 de

81 3971 244 4035 alimentis
266 3980 300 4035 et
320 3972 409 4035 cultu
427 3971 656 4048 exhibitionis:
673 3973 711 4034 L.
727 3971 776 4034 13.
791 3974 820 4054 §.
836 3972 865 4036 2.
883 3975 923 4035 D.
941 3975 980 4034 do
992 3973 1178 4036 Administr.
1194 3973 1333 4051 otperto.

82 4088 134 4140 tut.
153 4079 292 4165 Pupillo
311 4077 436 4142 herede
461 4102 533 4145 oum
550 4078 701 4144 cretione
721 4079 889 4162 instituto,
909 4083 1069 4158 bonorum
1093 4075 1333 4161 possessionem

148 4285 177 4349 a)
198 4284 241 4335 cf.
253 4284 289 4336 ed
303 4281 460 4336 universum
472 4285 543 4336 buno
552 4285 642 4336 locum
654 4299 709 4336 von
724 4283 895 4336 Lbbrcomm.
903 4283 973 4336 laud.
983 4284 1018 4336 ed
1029 4281 1086 4333 init.
1096 4281 1149 4333 Tit.
1158 4281 1333 4334 XIII-XV.

82 4379 140 4434 sqq.
158 4368 247 4420 Haud.
265 4370 385 4421 Rudorll
400 4370 417 4420 l.
436 4369 453 4421 L
471 4372 503 4421 Τ.
521 4371 557 4421 Il.
575 4371 596 4435 ξ.
618 4374 667 4422 120
679 4397 713 4408 --
732 4373 787 4422 122.
811 4367 899 4420 Mitti.

148 4452 180 4520 b)
201 4452 320 4519 Negotia
337 4459 428 4507 autem
445 4454 573 4520 infantis,
593 4471 664 4524 quae
686 4470 743 4510 non
761 4453 940 4506 admittebant
956 4458 1175 4519 promuratorem,
1194 4451 1334 4518 quomodo

83 4540 238 4604 peragenda
250 4537 365 4592 suerint?
382 4539 437 4592 vid.
447 4540 482 4608 do
493 4540 568 4594 Lbbr
581 4540 610 4596 in
619 4541 688 4608 Ejus
697 4537 894 4608 Grolmauique
904 4539 1034 4607 Mapdll.
1044 4555 1118 4594 uum.
1135 4543 1158 4590 l.
1170 4536 1191 4602 ξ.
1205 4539 1232 4590 9.
1247 4533 1334 4591 Miiltl.
1456 4531 1459 4535 '
