3056 5154
268 395 372 479 Quis.
397 389 497 465 Mo'n.
521 391 706 464 Tonnrrur
731 390 948 472 (liturarum.¹
1161 403 1229 472 591

493 560 499 570 ’
567 569 597 651 5.
615 569 646 634 7.

366 685 532 754 Beneficium
549 685 578 737 iu
595 686 708 768 animm
726 687 845 740 numia.

73 800 221 885 benique
237 797 345 864 Julius
368 799 491 864 Caesar
503 801 641 886 plenius
656 801 890 865 consulendum
911 807 1000 864 ratus
1016 801 1232 890 debitoribus,

73 907 310 992 ndeperditis,
331 907 401 971 lata
423 909 502 994 lege
525 909 629 990 cavit,
651 919 704 983 ut,
727 909 859 992 disjecta
879 929 1031 972 novorum
1054 907 1232 976 tubulorum
1286 945 1290 956 ·

73 1020 225 1090 cretione,
243 1037 324 1098 quae
345 1016 453 1078 crebro
474 1017 664 1088 movebatur,
694 1017 845 1078 detrimen
872 1016 1074 1079 creditoribus
1101 1023 1232 1099 sausse-

73 1134 82 1185 t
104 1143 168 1205 per
195 1127 439 1185 aestimationem
459 1125 706 1210 possesssbnum,
744 1127 858 1204 quenti
883 1131 1121 1206 quenquennis
1146 1129 1233 1189 cebris
1291 1183 1299 1202 ,

73 1254 88 1291 n
116 1239 369 1312 comparassent,
396 1231 530 1292 deducto
553 1249 694 1291 summac
715 1235 798 1293 aerei
824 1231 936 1304 alieni,
960 1233 991 1292 ει·
1012 1233 1089 1312 quid
1112 1253 1232 1296 usurae

73 1359 98 1400 re
120 1331 337 1412 numeratum,
357 1345 416 1399 aut
433 1340 644 1420 perscriptum
659 1337 798 1414 suisset.-
815 1336 992 1400 Suetonius
1010 1338 1043 1399 ⁰.
1060 1339 1122 1400 Jul.
1142 1340 1231 1402 Ocea.

93 1443 219 1506 Caesar
232 1445 271 1506 de
293 1444 370 1506 detto
385 1447 442 1507 cio.
460 1445 521 1506 ΙΙΙ.
541 1443 570 1506 l.
591 1444 683 1526 Ergo
699 1464 742 1506 ex
758 1465 799 1507 eo
815 1452 966 1528 tempore
981 1443 1076 1508 licuit
1098 1445 1230 1511 debito-

75 1552 329 1634 ,possessiones
352 1569 441 1634 suas,
465 1550 695 1641 aestimatione
717 1549 807 1634 prius
828 1553 934 1634 facta,
956 1552 1174 1617 creditoribus
1195 1555 1229 1618 in

73 1680 117 1720 nn
141 1658 231 1722 dare.
254 1658 355 1735 Quod
377 1679 475 1742 quum
503 1659 620 1720 sensim
644 1658 755 1722 denuo
778 1660 820 1722 ab
840 1679 899 1722 usu
918 1660 1121 1743 recessisset,
1146 1662 1230 1728 illud

73 1766 175 1828 licium
190 1764 395 1828 debitoribus
410 1765 528 1828 iterum
549 1765 694 1829 restituit
711 1765 915 1831 Justiuianus
930 1767 1132 1852 Imperator:
1149 1769 1229 1831 Noo.

73 1875 107 1934 u.
124 1882 159 1936 et
173 1874 255 1936 Noc.
272 1872 372 1936 cXX.

562 2003 591 2085 s.
610 2003 641 2066 s.

426 2119 460 2172 Ut
476 2126 503 2170 et
519 2119 641 2171 sermonis
658 2118 793 2172 bonorum.

73 2233 124 2299 tel
141 2233 277 2318 eadem,
293 2234 348 2307 vel
368 2233 445 2299 alia'
456 2235 535 2320 lege
550 2235 643 2299 Julia
664 2235 885 2298 introductum
903 2256 1036 2320 quoque
1059 2247 1108 2303 est
1124 2240 1228 2304 bene-

73 2367 83 2406 r
100 2344 255 2408 cessionis
272 2343 445 2426 bonorum,
462 2364 528 2427 quo
544 2342 580 2420 is,
597 2341 652 2427 qui
669 2335 738 2404 'sine
755 2341 834 2404 dolo
850 2363 909 2405 suo
926 2343 1014 2407 malo
1030 2347 1099 2409 aeri
1116 2346 1227 2411 alieno

73 2472 163 2514 acere
179 2474 247 2516 non
262 2458 412 2536 poterat,
429 2450 533 2530 bonis
548 2449 611 2514 suis
634 2448 785 2512 cedendo
807 2448 1021 2514 liberabatur.
1044 2451 1132 2516 Sane
1157 2452 1228 2539 legi

73 2581 85 2621 a
109 2559 264 2629 cessionis
286 2562 446 2624 bonorum
472 2557 568 2643 origo
591 2556 788 2621 adscribitur
808 2557 842 2620 in
860 2557 898 2620 Is·
921 2555 951 2621 1.
972 2565 1006 2621 et
1024 2557 1062 2620 L.
1084 2560 1115 2622 4.
1130 2563 1174 2642 ¹¹).
1195 2563 1227 2624 0.

74 2689 123 2728 on.
141 2668 205 2730 ced.
218 2689 303 2750 poss.
327 2675 361 2730 et
381 2669 427 2729 tit.
450 2665 483 2729 C.
506 2665 618 2729 tucoaet
645 2665 711 2744 Qui
724 2665 811 2729 donis
828 2689 865 2728 ec
880 2665 918 2728 11.
938 2667 1001 2728 Jul.
1018 2667 1129 2730 cedere
1140 2690 1226 2751 poss.

73 2784 125 2838 tus
140 2775 276 2858 Pererg.
292 2777 334 2836 H.
348 2774 379 2836 4.
395 2773 569 2836 Duareuus
589 2773 667 2855 opp.
676 2795 710 2855 p.
725 2771 796 2837 70³.
812 2777 857 2853 ⁰).

435 2971 437 2975 ·
556 2947 585 3028 ς.
606 2947 637 3008 9.

260 3065 412 3134 Acceptum¹
423 3069 449 3115 ct
466 3079 607 3132 expensum
617 3061 700 3130 scm
719 3062 782 3131 quid
798 3063 941 3132 cespitat?

73 3184 156 3248 liter
182 3182 297 3246 modus
326 3180 534 3246 liberationis
567 3196 826 3259 accurruarro,
857 3201 877 3244 a
906 3179 1016 3263 phrasi
1044 3199 1222 3248 secuerunt

73 3309 97 3374 r,
114 3313 180 3376 qua
194 3298 324 3353 vetares
339 3289 373 3352 in
388 3289 450 3352 bac
466 3287 688 3372 stipulationis
703 3286 812 3371 specie
829 3287 1016 3368 utebantur,
1035 3309 1157 3352 nomen
1172 3289 1225 3351 in·

73 3445 75 3459 .
98 3402 269 3480 Acceptum
295 3418 376 3461 vero
390 3397 484 3476 scrrc
506 3396 701 3460 dicebantur
723 3395 920 3476 creditores,
943 3414 1040 3478 quum
1063 3396 1223 3459 creditum

73 3507 190 3590 :episse
210 3505 454 3589 profiterentur,
472 3502 747 3589 quemadmodum
764 3503 932 3567 debitores
947 3524 1117 3585 expensum
1129 3505 1224 3584 serre

74 3623 187 3695 antur,
208 3613 236 3675 si
259 3619 464 3676 numeratam
487 3611 550 3675 sibi
574 3612 747 3695 pecuniam
769 3612 966 3676 faterentur:
985 3611 1113 3676 Plinius
1137 3613 1222 3674 Haist.

73 3723 111 3784 II.
125 3722 154 3785 7.
177 3719 460 3798 Quemadmodum
485 3739 566 3810 ergo
583 3723 830 3802 espenss'lote'ouis
845 3737 905 3782 our
925 3740 992 3781 uon
1013 3719 1130 3806 ignota
1152 3725 1222 3782 erat

73 3828 156 3893 ibus:
184 3823 313 3894 Gellius
339 3827 429 3890 XIV.
449 3825 494 3904 2.,
522 3826 569 3888 ita
593 3826 709 3889 eadem
738 3827 843 3890 forma
869 3825 1041 3890 dicebatur
1063 3844 1223 3890 accurri-

73 4071 278 4086 -ι-ιῇα

73 4165 75 4194 ι
97 4145 141 4196 Ex
158 4144 208 4195 bac
223 4145 282 4210 lege
299 4147 325 4196 4.
351 4140 379 4195 0.
402 4139 457 4198 Qvi
473 4137 531 4192 bers.
549 4141 605 4194 ced.
619 4157 690 4209 pose.
709 4137 790 4193 sinna]
807 4141 946 4206 discimus,
964 4139 1050 4208 legent
1067 4137 1169 4192 Julian
1187 4137 1221 4190 de

73 4246 96 4280 sa
122 4229 268 4291 bonorum,
288 4241 359 4295 quse
384 4226 420 4278 sd
444 4226 519 4278 solos
543 4225 616 4278 cives
643 4223 808 4290 pertinebat,
826 4229 889 4276 cote
911 4223 1074 4278 Diocletiani
1099 4231 1222 4290 tempora

73 4313 101 4364 sd
112 4312 290 4378 provinciales
302 4325 362 4365 esse
373 4314 533 4378 porrecum.
546 4310 588 4362 Cf.
600 4311 698 4363 Erech.
711 4310 856 4376 Spanbem.
871 4307 935 4362 Ort.
948 4309 1026 4362 Rom.
1036 4310 1077 4362 11.
1085 4309 1132 4362 ult.
1141 4309 1221 4360 Heia.

73 4417 75 4444 l
97 4398 137 4449 Cf.
152 4415 177 4448 v.
191 4396 309 4463 savigny
328 4395 345 4448 1.
361 4393 386 4460 l,
400 4393 447 4463 qui
460 4392 556 4447 solidis
568 4394 733 4461 argumentis
748 4394 952 4459 &monstravit
963 4393 1105 4460 antiquum
1117 4409 1220 4446 morem

73 4483 91 4534 li
103 4483 237 4536 debitores
252 4497 355 4549 eosque
367 4480 395 4532 iu
406 4493 541 4532 carcarem
555 4477 711 4532 includendi
724 4497 774 4531 nec
788 4478 840 4530 sut>
854 4477 1062 4544 imperatoribus
1077 4476 1219 4538 interiisse,

73 4583 98 4618 re
116 4567 195 4620 etiam
212 4564 360 4620 iustiniani
377 4565 465 4616 aetate
483 4578 534 4616 usu
554 4564 672 4626 venisse3
691 4564 756 4617 ibid.
774 4566 803 4629 p'
822 4569 879 4618 100.
896 4579 955 4632 sqq.
975 4561 1060 4616 ussit.
