3122 5162
504 388 560 479 lis
582 411 744 478 Posrucus
770 380 932 478 Jourousa
1277 413 1351 480 793

97 587 236 678 ejsssque
252 585 489 671 conjurationis
510 586 624 667 sociis,
642 588 722 650 item
745 586 787 650 de
802 586 842 650 P.
856 585 992 668 Clodio,
1007 584 1046 648 Ρ.
1061 583 1179 649 Sextio
1203 592 1237 648 et
1259 583 1350 650 aliis:

97 695 172 758 Gau
187 693 344 778 Sigonius
355 695 399 758 ‚de
418 695 550 760 intuto
565 695 608 758 ΙΙ.
623 693 673 758 lu
685 715 718 776 p.
733 693 804 758 568.
822 713 866 773 sq.

589 885 590 890 ¹
672 862 701 943 §.
723 860 774 923 67.

558 978 617 1030 Lex
635 977 767 1046 Pompeja
784 976 884 1028 codem.

181 1076 304 1140 Postea
321 1085 355 1139 et
377 1093 547 1152 Pousis-lus
566 1078 666 1140 tertio
687 1076 869 1140 Consulatu
891 1093 1004 1139 uuossu
1028 1075 1071 1138 nu
1096 1093 1127 1138 vr
1145 1072 1239 1154 tulit,
1263 1095 1349 1158 quae

7 1171 10 1180 ’
96 1190 207 1247 tamen
227 1205 292 1246 non
310 1183 345 1244 in
366 1186 551 1248 uuiversum
567 1185 682 1266 valuit,
706 1183 764 1259 sed
785 1191 909 1246 tantum
934 1183 975 1245 dc
993 1182 1095 1246 coede
1118 1182 1152 1244 in
1168 1180 1280 1265 Appia
1296 1181 1357 1244 via¹

96 1291 185 1353 facta
203 1299 237 1353 et
258 1291 414 1355 incendio
438 1293 548 1356 curiae
573 1302 607 1356 et
629 1293 727 1356 domo
744 1293 791 1354 M.
807 1290 931 1375 Lepidi
954 1291 1135 1374 Interregis
1158 1297 1351 1373 oppugnata

95 1399 228 1482 quaeri,
246 1408 279 1462 et
301 1399 532 1478 Quaesitorem
552 1405 595 1466 ob
617 1402 701 1464 huuc
727 1420 796 1463 reru
818 1391 938 1462 novum
961 1406 1055 1462 extro
1073 1397 1221 1461 ordinem
1246 1395 1350 1460 creari

87 1507 204 1606 jussit:
228 1505 302 1571 Car.
318 1507 474 1600 Sigonius
489 1511 528 1572 de
542 1509 670 1570 Judiciis
687 1509 728 1570 ΙΙ.
743 1506 794 1570 33.
804 1528 838 1588 p.
853 1505 926 1568 676.

670 1677 699 1758 §.
721 1675 772 1739 68.

534 1793 593 1847 Lex
610 1791 686 1844 Jnttn
704 1792 736 1843 te
753 1793 780 1844 oi
792 1790 908 1861 publica.

179 1891 341 1956 Successit
356 1909 423 1956 uux
438 1909 478 1957 su
502 1909 538 1955 ‘A
560 1893 738 1957 sCacsare
760 1871 828 1956 loto¹
844 1893 913 1978 jem
935 1891 1127 1971 Dictatore,
1149 1891 1239 1976 cujus
1262 1889 1350 1954 solus

219 1999 297 2014 '⁸
475 1991 1349 2084 WOEMWQQQQWMQ

96 2107 155 2170 vix
177 2115 312 2171 constet.
334 2105 366 2168 Τ
410 2116 447 2170 to
470 2107 671 2171 celebriores
690 2127 771 2172 vero
793 2115 868 2171 sunt
889 2123 994 2172 ussus
1014 2123 1135 2172 tuurns
1156 2106 1299 2190 Augusti
1314 2106 1346 2186 δ)

94 2217 141 2276 mi
164 2231 197 2276 vr
218 2231 317 2278 Puuur
339 2232 361 2278 Α
387 2223 421 2278 et
447 2230 602 2278 vaArA.
631 2202 803 2279 Publicam
833 2215 899 2277 vim
932 2213 1049 2277 iecisse
1076 2214 1265 2293 dicebatur,
1295 2217 1353 2294 poi

92 2341 203 2395 orma,
234 2331 245 2383 t
318 2323 401 2384 dorni
418 2340 496 2388 sune
518 2340 633 2404 agrove
661 2327 694 2384 in
724 2321 799 2383 villo
816 2331 949 2403 praeter
968 2343 1060 2384 usum
1080 2324 1269 2392 venationis,
1301 2321 1352 2381 vel

91 2432 217 2491 itineris
260 2432 311 2491 vel
334 2434 561 2512 navigationis,
590 2434 740 2512 coegerit,
760 2439 890 2510 praeter
911 2451 963 2502 ea,
995 2449 1077 2511 puae
1098 2416 1167 2509 quis
1183 2429 1353 2508 promercii

89 2557 155 2598 ooo
190 2558 211 2597 a
225 2537 383 2616 intererit,
402 2539 610 2600 hereditatem
630 2541 662 2600 ei
673 2539 863 2600 obvenerint:
886 2541 943 2620 qui
953 2537 1064 2600 turbae
1085 2537 1280 2598 seditionisve
1292 2533 1350 2612 sa-

89 2634 126 2705 ὲ·
140 2644 224 2706 nrloe
244 2647 403 2706 consilium
425 2648 545 2719 inierit,
567 2665 734 2727 surasque
753 2655 811 2708 aut
831 2647 941 2708 liberos
964 2645 1101 2707 limnines
1121 2647 1153 2706 in
1175 2645 1272 2705 armis
1292 2642 1350 2730 lsa-

88 2753 213 2813 buerit.-
233 2753 394 2832 poipubes
409 2774 479 2814 cum
495 2756 555 2816 telo
569 2758 601 2815 in
615 2754 736 2834 publico
746 2755 871 2832 fiterit:
893 2755 950 2832 qui
962 2756 1099 2834 pessimo
1120 2752 1255 2831 exemplo
1276 2769 1349 2810 eon-

25 2854 30 2863 ’
86 2867 226 2930 vocatu,
261 2859 412 2920 seditione
442 2862 533 2920 viilm
559 2864 803 2941 expugnaverit,
831 2868 862 2920 et
889 2879 959 2920 oum
988 2862 1058 2920 telis
1086 2868 1116 2920 et
1144 2861 1240 2918 armis
1268 2858 1349 2917 iona

85 2969 260 3048 rapmersl:
274 2968 332 3046 qui
339 2987 380 3026 eo
388 2968 530 3027 sucendi>
542 2970 685 3046 rapuerit
696 2967 815 3048 aliquid
819 2975 950 3046 praeter
960 2969 1143 3026 orciniam:
1156 2967 1211 3045 qui
1215 2984 1349 3043 puerum

85 3077 144 3138 uel
155 3074 328 3150 sentinam,
350 3075 400 3134 vel
412 3093 595 3154 quemquam
606 3094 666 3155 per
680 3077 740 3136 vim
753 3076 964 3155 stupraverit.-
986 3074 1042 3152 qui
1059 3074 1091 3132 in
1112 3071 1257 3134 utendo
1278 3089 1349 3130 eum

81 3181 219 3268 gladio,
248 3189 306 3242 out
327 3182 387 3242 telo
406 3183 553 3262 rapiendi
570 3201 685 3242 caussa
698 3182 818 3259 suerit,
840 3181 891 3242 vel
905 3180 1099 3260 prohibuerit
1120 3179 1275 3239 domiuum
1297 3197 1348 3244 res

80 3307 172 3352 suas
187 3307 333 3350 souare:
354 3292 412 3370 qui
422 3279 739 3351 horninibus'armatis
752 3307 961 3370 possessorem
976 3287 1064 3348 domo
1085 3305 1200 3366 agrove
1220 3305 1279 3348 suo
1292 3293 1351 3346 aut

80 3398 174 3460 novi
194 3416 255 3458 suo
277 3396 440 3477 dejecerit,
461 3401 691 3478 expugnaverit
713 3415 884 3467 concursu,
906 3404 1003 3476 utque
1022 3395 1061 3456 iti
1070 3397 1186 3474 fieret,
1213 3394 1349 3454 hommes

78 3507 325 3568 convocaverit-r
345 3508 403 3585 pur·
419 3514 526 3578 coetu,
547 3501 722 3574 concursu,¹
737 3502 843 3576 turba,
865 3503 1014 3569 seditione
1033 3501 1209 3563 incendium
1222 3499 1348 3578 fecerit,

79 3613 373 3696 quiqueslrominem
389 3612 458 3672 dolo
474 3613 555 3672 malo
569 3611 747 3683 incluserit,
770 3611 938 3688 obsederit,
960 3611 1190 3692 quioesecerit,
1211 3627 1273 3687 quo
1291 3609 1346 3668 mi-

80 3739 157 3784 nus
179 3720 360 3798 sepeliatur,
381 3737 440 3798 quo
461 3722 563 3799 magis
576 3717 683 3794 sunus
704 3719 886 3799 diripiatur,
913 3719 1127 3790 distrahatur,
1150 3718 1263 3800 quique
1289 3733 1346 3796 per

81 3832 158 3890 vim
176 3827 237 3886 sili
251 3823 294 3909 [⁸¹
306 3821 456 3908 aliquem]
474 3825 673 3908 obligaverit:
688 3829 851 3907 qui'quum
872 3826 1035 3907 inperium
1049 3832 1274 3905 potestatemve
1293 3822 1346 3882 lsa-

81 3939 191 4013 bero,
207 3935 302 3993 civem
318 3933 494 3992 Rornounm
509 3933 660 3996 adversus
679 3937 927 4015 provocationem
948 3935 1119 4006 necaverit,
1140 3930 1346 3992 verberavaeil
1366 4007 1368 4012 Ι

73 4013 285 4129 jusseritpue
306 4039 381 4120 quid
393 4043 491 4120 fieri,
517 4048 575 4100 aar
603 4042 681 4122 qnid
707 4045 740 4102 in
762 4043 873 4102 collum
900 4043 1058 4123 injecerit,
1088 4047 1123 4098 ut
1146 4040 1345 4117 torqueatur:

81 4152 154 4234 qui
175 4150 370 4228 legatorum,
396 4154 569 4217 oratorum,
603 4154 805 4228 comitumque
831 4169 921 4229 poem
946 4149 1136 4229 pulsaverit,
1164 4148 1227 4205 sive
1261 4143 1346 4222 injo-

78 4262 176 4322 riom
190 4255 324 4340 fecerit.-
339 4257 394 4334 qui
412 4273 502 4314 reum
516 4257 664 4326 vinxerit,
680 4257 904 4336 impedieritve,
921 4275 981 4338 quo
1001 4255 1102 4314 minus
1123 4254 1208 4312 iutra
1228 4258 1346 4322 certum

78 4376 217 4444 tempus
234 4363 335 4423 adsit:
351 4345 406 4442 qui
421 4361 489 4422 dolo
505 4361 586 4422 malo
599 4362 732 4438 fecerit,
749 4382 807 4443 quo
828 4367 931 4424 miuus
949 4361 1072 4442 judicio
1094 4367 1160 4420 tuto
1181 4375 1345 4419 coercean-
1399 4389 1401 4396 ,

166 4598 199 4666 a)
224 4598 261 4650 u
278 4597 333 4650 vu.
351 4597 385 4650 ue
399 4557 499 4650 ¹urus
514 4613 605 4652 eamn.
624 4598 694 4652 raas.
713 4617 739 4666 p.
757 4605 799 4661 42.
818 4616 878 4668 sqq.
898 4595 983 4651 usar.
