3080 5154
217 301 288 420 142
682 349 757 414 Lis.
783 348 809 414 1.
835 347 915 414 Tra.
941 347 998 416 xi.

214 523 348 588 nomine
372 524 518 609 graviter
534 521 751 609 reprehendit
770 523 890 586 Cicero
903 543 961 604 pro
976 523 1065 585 ἅοωο
1079 521 1129 584 12.
1147 521 1241 606 quod
1264 520 1418 602 effecerit,
1431 531 1461 582 ot

214 652 310 694 sacra
328 633 454 694 Clodiae
468 637 572 714 gentas
586 636 761 694 inicarent.
775 629 876 713 Hinc,
888 633 915 694 si
931 631 988 716 qui
1004 631 1155 716 exjustis
1173 629 1335 692 uxoribus
1350 627 1460 691 liberos
1509 631 1510 638 ’

215 739 303 803 haud
319 739 533 821 sustulissent,
549 739 573 801 ii
589 738 797 822 adoptabant
812 751 1000 817 extraneos
1017 739 1073 824 qui
1089 745 1169 801 tunc
1186 743 1220 799 in
1236 757 1333 799 sacra
1345 743 1375 798 et
1392 755 1460 817 gon-

215 858 275 910 tem
295 852 436 910 transr're
458 849 658 908 dicebantur.-
680 845 824 926 Brisson.
844 847 882 907 de
904 846 993 907 Vero.
1016 846 1121 928 εἰςηιΪ.
1143 866 1180 926 p.
1197 843 1293 908 1814.
1313 844 1363 929 [p.
1380 843 1459 906 1216.

145 955 147 962 ’
216 953 287 1017 edit.
303 952 417 1038 nasta]
434 952 530 1016 Gonf.
545 952 681 1036 Vopisc.
702 953 860 1014 Valersbn.
877 973 903 1014 c.
918 952 968 1014 14.

799 1119 828 1199 §.
849 1118 880 1182 2.

722 1233 821 1286 Caussa
837 1235 959 1286 secunda.

297 1336 432 1400 Deinde
453 1335 559 1398 altera
580 1334 722 1414 adcessit
742 1335 843 1398 ratio:
866 1355 996 1418 poenae
1020 1333 1172 1398 nimirum
1199 1334 1355 1416 orbitati,
1375 1353 1458 1416 prae-

216 1444 347 1529 miaque
364 1447 400 1530 τῇ
415 1441 609 1526 πολυπαιδίᾳ
626 1442 808 1534 proposita,
825 1441 937 1526 qualia
953 1450 988 1522 et
1004 1451 1081 1506 ante
1097 1442 1212 1526 legem
1227 1442 1367 1529 Papiam
1381 1441 1458 1521 Pop-

215 1574 333 1637 paeam
348 1550 383 1614 iu
398 1549 505 1613 libera
519 1549 691 1634 republica
709 1548 826 1630 finisse,
841 1556 937 1632 patet
952 1550 1122 1634 exlDione
1139 1550 1229 1614 Cass.
1245 1550 1333 1612 LVI.
1348 1549 1394 1611 10.
1413 1546 1456 1608 Ne

216 1681 298 1742 ergo
320 1663 473 1742 parentes
490 1657 634 1740 ἄπαιδες,
655 1678 713 1720 seu
735 1658 826 1739 orbi,
842 1657 898 1720 vel
919 1657 1073 1742 praemiis
1096 1659 1166 1722 istis
1191 1656 1398 1737 exciderent,
1412 1653 1457 1717 vei

216 1787 341 1852 poenas
357 1765 490 1828 darent:
514 1765 597 1828 alios
616 1764 836 1848 adoptabant,
851 1765 952 1849 idque
969 1765 1040 1848 jam
1056 1789 1114 1830 sua
1129 1775 1244 1832 aetate
1260 1760 1457 1848 reprehendit

216 1875 255 1962 P.
278 1873 408 1956 Scipio,
432 1893 562 1954 censor,
580 1872 615 1934 in
638 1875 789 1936 oratione
814 1872 901 1958 apud
925 1872 1012 1936 Gell.
1036 1875 1141 1936 Noott.
1161 1877 1232 1938 Att.
1253 1874 1289 1934 V.
1304 1871 1354 1936 19.
1381 1868 1456 1945 Quin

217 1981 302 2046 adeo
320 1980 547 2044 fraudulenter
565 1988 684 2064 postea
701 1981 763 2044 hac
785 1981 820 2044 iu
835 2002 872 2043 re
895 1988 1036 2063 egerunt
1050 1980 1216 2064 Romani,
1232 1989 1285 2058 ut,
1302 1999 1395 2063 quum
1407 1996 1457 2060 per
1509 1989 1510 1994 ’

216 2088 327 2172 legem
344 2088 482 2171 Papiam
498 2087 593 2150 trium
614 2088 794 2151 liberorum
817 2097 973 2173 parentes
995 2087 1131 2172 reliquis
1146 2089 1183 2152 in
1199 2089 1361 2152 honorum
1383 2082 1456 2169 peti-

217 2197 309 2261 tione
324 2196 581 2280 praeferrentur,
603 2195 642 2278 ii,
659 2196 776 2280 quibus
798 2198 861 2260 iste
882 2196 1063 2259 liberorum
1085 2217 1242 2260 numerus
1266 2196 1393 2274 deerat,
1405 2209 1455 2275 per

160 2325 167 2332 ·
217 2306 432 2390 adoptionem
461 2304 524 2366 sibi
554 2311 605 2367 tot
634 2289 834 2389 quaererent
863 2304 1002 2386 liberos,
1029 2303 1234 2388 eosdemque
1267 2301 1398 2382 deinde,
1421 2317 1455 2358 ne

217 2402 312 2477 oneri
328 2420 448 2494 essent,
463 2412 521 2474 ubi
535 2411 715 2475 honoribus
731 2413 830 2495 potiti
847 2419 950 2494 eraut,
962 2411 1069 2475 statim
1088 2415 1346 2496 emanciparcnt.
1361 2406 1454 2484 Unde,

218 2521 352 2584 condito
376 2519 522 2602 denique
539 2518 628 2580 scto
645 2525 774 2581 cautum
797 2526 863 2600 est,
879 2539 920 2580 ne
936 2522 1084 2581 sirnolato
1100 2522 1225 2602 adoptio
1245 2523 1278 2583 in
1301 2519 1365 2581 ulla
1374 2521 1455 2597 porte

217 2633 355 2690 munera
372 2627 493 2709 postas
501 2629 650 2708 juvares:
672 2623 779 2689 Tacit.
794 2629 912 2689 Anna.
930 2627 1003 2688 XV.
1019 2627 1069 2689 19.
1085 2609 1229 2712 ¹ulpian.
1245 2629 1282 2690 n.
1296 2626 1326 2688 a.
1341 2625 1368 2705 g.
1381 2621 1453 2683 ao.
1509 2605 1510 2612 ‘

217 2735 256 2796 de
285 2735 357 2794 Voc.
379 2742 410 2794 et
430 2743 571 2796 excusat.
592 2753 767 2796 muneram.
789 2733 878 2798 Add.
902 2735 1085 2798 Commeat.
1109 2741 1211 2798 nostr.
1235 2737 1278 2797 ad
1299 2734 1336 2795 L.
1355 2729 1411 2792 Iol.
1426 2733 1456 2806 ct
1509 2821 1510 2828 ἵ

216 2844 298 2922 Pap.
314 2842 380 2902 Lib.
396 2842 438 2902 II.
453 2863 478 2902 e.
493 2841 523 2903 7.
533 2863 567 2924 p.
581 2841 653 2904 201.
664 2863 713 2924 sq.

800 2993 829 3072 s.
850 2991 881 3055 a.

743 3106 844 3159 Caussa
861 3108 947 3159 tertia.

299 3207 502 3272 Adcedebat
517 3207 617 3272 tertia
631 3207 717 3270 ratio
734 3228 840 3292 aeque
857 3206 1076 3270 fraudulenta.
1096 3207 1131 3271 Si
1149 3207 1221 3292 quis
1239 3206 1325 3270 enim
1340 3193 1453 3288 patricii

218 3315 343 3377 ordinis
359 3317 566 3378 tribuniciam
582 3321 783 3400 potestatem
799 3315 954 3378 ambiret:
970 3324 1008 3378 ut
1024 3316 1094 3379 voti
1110 3317 1207 3378 fieret
1223 3332 1372 3396 compos,
1393 3304 1454 3390 ple·

135 3469 138 3475 -
217 3422 295 3504 bejo
316 3422 444 3485 cuidam
469 3445 503 3486 se
526 3422 750 3506 adoptandum
775 3422 884 3486 dabat.
906 3423 1104 3507 Exemplum
1126 3420 1314 3507 hujusmodi
1335 3411 1453 3479 fraudu-

112 3525 115 3528 ’
217 3530 329 3593 lentae
352 3529 541 3613 adoptionis
563 3530 718 3616 praebuit
732 3531 771 3593 P.
788 3529 942 3613 Clodius,
959 3533 1049 3616 cujus
1066 3532 1108 3594 dc
1131 3531 1274 3595 absurda
1288 3521 1452 3608 adoptione

217 3637 325 3741 videri
339 3645 476 3722 possunt
492 3637 583 3700 Suet.
602 3639 700 3701 liter.
712 3638 742 3700 2.
761 3638 829 3703 Dio
847 3639 935 3702 Cass.
949 3641 1139 3702 XXXVIII.
1155 3639 1206 3702 12.
1223 3638 1291 3702 Cic.
1310 3635 1393 3696 Orat.
1402 3641 1453 3708 pro

217 3843 348 3897 Bacchid.
366 3843 417 3895 IV.
435 3847 460 3896 9.
478 3849 506 3895 et
526 3841 611 3896 Cicer.
630 3843 666 3896 ad
682 3845 743 3897 Dio.
761 3843 845 3912 Epist.
871 3844 932 3897 VII.
949 3847 992 3896 29.
1010 3843 1141 3911 quumhi
1158 3843 1258 3896 fuerint
1275 3833 1452 3900 mancipare

214 3928 300 3996 jicula
314 3928 339 3980 ei
351 3933 487 3991 veterana,
505 3943 576 3996 quae
588 3930 662 3996 quod
676 3945 732 3982 non
744 3931 814 3981 adco
825 3930 903 3983 facilc
915 3935 1046 4000 emtorem
1061 3928 1224 3994 invenirent,
1241 3929 1285 3980 vel
1296 3926 1372 3990 plura
1383 3909 1451 3968 simui

217 4014 411 4076 vendebantur,
430 4016 473 4065 vel
484 4017 624 4081 tamquam
635 4014 775 4079 mantissa,
794 4013 991 4080 adjiciebantur
1007 4014 1175 4068 melioribus.
1193 3997 1451 4080 lidemmonueruni,

218 4099 286 4151 nihil
303 4100 353 4151 hos
372 4113 451 4152 senes
468 4097 661 4152 oobmtionales
680 4101 769 4153 facere
786 4100 822 4151 ad
840 4099 1022 4153 coemtionem
1039 4101 1195 4166 nuptialem.
1222 4098 1266 4150 Ad
1284 4106 1362 4162 quam
1379 4091 1450 4152 quun

218 4199 268 4236 nos
280 4201 340 4236 eam
352 4183 523 4236 retulerimus
537 4181 566 4236 iu
577 4185 714 4249 prioribus
729 4183 903 4251 editionibus,
918 4186 962 4238 hic
977 4200 1095 4236 errorem
1107 4188 1231 4245 nostrum
1243 4179 1320 4234 lateri
1333 4193 1363 4228 ac
1374 4181 1451 4224 emen·

135 4285 136 4298 ¹
190 4331 193 4334 ι
219 4269 283 4320 darc
294 4283 349 4321 non
361 4269 523 4322 dubitamus.
543 4271 624 4322 Heln.
641 4272 685 4322 De
696 4269 799 4321 artibus
815 4270 1003 4322 evitandorum
1021 4283 1161 4321 sacrorum
1174 4283 1257 4320 causa
1271 4257 1392 4317 adhibitis
1406 4247 1449 4302 vid.

219 4352 275 4404 Cio.
294 4351 312 4404 l.
324 4353 342 4404 l.
360 4354 378 4405 l.
394 4355 410 4406 l.
428 4360 456 4406 et
473 4355 507 4407 de
525 4354 644 4421 savigny
663 4355 680 4405 l.
693 4355 710 4406 l.
723 4371 750 4420 p.
761 4359 821 4408 378.
840 4370 900 4422 sqq.
927 4354 1071 4407 Caeterum
1088 4353 1250 4418 coimtiones,
1269 4355 1400 4402 sacrorum
1416 4334 1449 4386 5¹¹·

218 4435 428 4490 terimeudorum
450 4455 534 4492 causa
551 4439 609 4490 ficri
627 4437 737 4501 solitae,
755 4438 899 4491 mulierum
917 4444 1022 4491 tantum
1040 4439 1068 4490 in
1087 4453 1168 4490 usum
1186 4442 1305 4504 repertae
1322 4431 1393 4486 sunit
1409 4420 1449 4471 5⁸·

218 4521 299 4587 vigny
318 4521 335 4572 I.
354 4521 371 4572 l.
389 4538 416 4588 p.
435 4527 495 4576 387.
514 4539 573 4590 sqq.
593 4523 741 4587 Schweppe
761 4523 796 4574 R.
819 4524 914 4574 Gescl.
933 4525 952 4591 t.
972 4528 1033 4576 522.
1052 4526 1080 4575 in
1098 4525 1115 4575 f.
1136 4525 1178 4574 cd.
1195 4524 1246 4574 111.
1277 4514 1360 4572 Milli·
