3062 5164
303 489 306 494 Ι
388 349 442 457 Dr.
466 390 563 458 duna
589 389 731 474 Qurnrr.
758 391 812 459 Er
837 390 952 504 ¹(inor.
1226 399 1298 464 266
1379 362 1384 370 f

54 569 160 630 tiaram
184 586 245 649 per
267 582 617 647 coNFARREA'thltM,
639 583 862 630 conurroruru
882 575 917 630 et
934 581 1044 649 usun,
1068 567 1178 651 deque
1201 575 1300 651 pote-

55 683 129 738 state
154 673 343 735 maritorum
362 671 396 734 in
419 691 556 746 uxores3
581 671 624 734 de
642 674 760 756 quibus
777 675 882 738 multa
901 675 1027 758 potius,
1045 695 1140 759 quam
1161 676 1298 758 optima,

56 781 182 864 collegit
194 779 332 844 Carolus
344 779 499 862 Sigonius
511 781 550 842 de
560 783 689 861 antiquo
698 782 778 861 jure
792 783 848 844 orb.
858 782 946 843 Rom.
957 784 980 843 1.
1000 781 1113 859 Quare
1124 783 1168 845 de
1179 800 1299 846 nivon-

56 904 113 952 ‘rus
129 895 253 950 tanturn
276 885 436 949 nonnulla
455 885 708 971 adjiciemus),
732 888 873 952 maxime
896 909 995 972 quum
1017 910 1090 952 eam
1116 889 1298 953 doctrinam

57 998 85 1058 in
98 994 359 1059 Institutionibus
378 994 443 1056 suis
459 993 720 1077 praetermiserit
734 995 949 1058 Justinianus.
966 995 1160 1060 Divortium
1175 995 1299 1059 maritis

59 1102 177 1186 quidem
198 1102 393 1186 permiserat
413 1101 592 1181 Romulus,
612 1108 649 1164 at
668 1121 734 1164 non
758 1103 934 1180 uxoribus,
957 1109 993 1165 ut
1012 1102 1113 1166 tradit
1130 1101 1299 1166 Plutarch.

58 1214 102 1270 ort.
119 1211 245 1271 Rornulr'
260 1229 286 1270 c.
302 1207 354 1270 22.
368 1214 412 1288 ¹).
437 1207 505 1271 Sed
526 1229 588 1271 nec
606 1207 673 1270 illis
696 1208 848 1291 quidem,
865 1209 983 1272 eodem
1004 1217 1090 1276 teste
1106 1209 1299 1294 Plutarcho,

25 1297 28 1306 ¹
59 1317 119 1378 sine
133 1337 243 1378 caussa
262 1315 389 1378 sontica
404 1313 529 1378 licebat
544 1314 702 1376 uxoribus
720 1316 850 1379 mittere
867 1317 1032 1399 nuncium,
1047 1337 1160 1380 verum
1178 1318 1204 1380 si
1220 1339 1299 1381 con·

60 1431 157 1503 staret,
173 1443 229 1487 eas
245 1433 303 1486 aut
318 1431 463 1506 stuprum
481 1442 552 1484 esse
566 1441 686 1506 passas,
700 1430 756 1485 aut
769 1442 932 1487 venenum
949 1447 1091 1508 parasse,
1104 1434 1161 1488 aut
1175 1425 1299 1490 liberos

61 1530 196 1595 clavesve
217 1517 405 1614 subjecisse.
422 1529 550 1594 Forsan
565 1538 600 1592 et
615 1529 812 1593 temulentia
827 1531 915 1594 inter
928 1553 1054 1598 caussas
1070 1533 1205 1597 divortii
1223 1554 1300 1596 son-

62 1639 129 1701 ticas
148 1638 226 1720 fuit,
244 1638 368 1722 quippe
395 1657 493 1722 quam
511 1637 661 1719 maritus,
685 1657 798 1701 caussa
820 1659 892 1700 curn
911 1639 1060 1724 cognatis
1081 1643 1231 1726 cognita,
1248 1663 1300 1704 se-

65 1767 127 1808 vere
142 1745 311 1809 vindicare
330 1746 364 1807 in
381 1765 484 1807 uxore
498 1753 729 1808 consueverat:
748 1745 886 1830 Dionys.
896 1746 975 1808 Hal.
990 1747 1032 1810 II.
1048 1747 1098 1809 25.
1113 1752 1158 1829 t).
1173 1750 1299 1812 Eadem

64 1852 108 1914 lex
125 1853 244 1916 deinde
268 1853 422 1937 migrasse
445 1852 578 1915 videtur
593 1853 627 1916 in
647 1851 821 1914 duodecim
840 1852 985 1931 tabulas,
1008 1857 1185 1920 secundum
1208 1879 1299 1942 quas,

64 1962 160 2024 addita
177 1981 306 2041 caussa,
326 1961 449 2043 justum
472 1960 543 2022 fieri
561 1960 712 2043 'potuisse
736 1960 929 2044 divortium,
947 1961 1117 2049 colligitur
1135 1985 1178 2027 ex
1195 1965 1233 2028 Ι).
1248 1965 1300 2028 43.

63 2070 95 2131 D.
111 2071 150 2130 ad
171 2071 248 2150 Leg.
268 2069 330 2129 Jut.
353 2069 391 2128 de
413 2069 522 2130 Adolt.
545 2074 578 2130 et
603 2068 848 2152 praeeipuefex
868 2068 945 2131 loco
972 2070 1143 2134 Ciceronis
1164 2073 1300 2156 Philipp.

62 2175 158 2238 1128.
184 2177 306 2248 Nolite,
325 2178 418 2236 nolite
441 2195 609 2256 quaerere:
623 2176 846 2257 srugr'sactus
869 2186 930 2238 est:
956 2181 1186 2244 monarvillam
1209 2201 1300 2242 aream

62 2305 126 2346 suos
146 2304 194 2346 res
217 2283 278 2344 sibi
295 2283 408 2344 babere
428 2283 537 2363 jussit,
561 2303 602 2343 ee
623 2282 695 2342 XII
709 2283 838 2346 tabulis:
863 2303 1010 2345 caussam
1034 2287 1165 2359 addiciat,
1188 2290 1301 2368 eregit.

63 2390 203 2468 Quamvis
225 2389 311 2451 enim
327 2388 391 2449 hoc
413 2397 563 2452 coussom'
576 2391 696 2451 addere
717 2397 901 2472 suspectum
921 2390 1074 2454 videatur
1090 2392 1129 2455 P.
1146 2392 1300 2455 Victorio

68 2498 298 2562 Vor.J1ectt.II.
317 2496 346 2558 2.
363 2505 397 2559 et
410 2495 495 2558 Mur.
513 2498 586 2559 Ver.
604 2499 702 2559 Lectt.
721 2495 755 2556 V.
772 2495 801 2557 8.
817 2503 852 2558 et
867 2497 999 2582 quidem
1016 2498 1060 2562 ob
1076 2498 1184 2563 locum
1197 2498 1301 2562 Nonii

66 2607 113 2666 IV.
125 2605 192 2667 162.
208 2605 242 2666 in
263 2626 329 2688 quo
346 2603 484 2690 legitur:
500 2606 741 2677 cleomedem,
753 2607 910 2688 forasque
928 2610 1046 2690 exegit:
1062 2605 1301 2672 Grammaticos

64 2721 157 2774 tamen
181 2733 281 2798 saepe
306 2732 348 2773 ex
373 2710 561 2774 auctoribus
588 2711 774 2794 fragmenta
796 2733 864 2775 non
887 2712 1011 2797 integri
1037 2710 1148 2778 sensus
1178 2717 1302 2778 exscri-

66 2817 146 2904 bere,
161 2828 195 2882 et
210 2818 287 2882 hinc
304 2818 569 2885 emendationem
586 2825 754 2882 auctorum
778 2840 821 2880 ex
838 2820 1029 2903 fragmentis
1051 2821 1118 2888 illis
1134 2821 1301 2906 periculo-

65 2948 118 2989 sam
139 2949 267 3012 semper
282 2947 371 3007 esse.
387 2925 569 3009 prudenter
592 2927 719 2990 monuit
736 2925 971 2990 eruditissimus
993 2928 1190 2993 Perizonius
1220 2933 1301 2992 Am·-

65 3037 166 3098 modco.
187 3035 272 3098 Hist.
290 3056 315 3095 c.
330 3033 361 3096 9.
381 3057 414 3117 p.
435 3031 508 3096 371.
522 3055 567 3115 sq.
582 3037 625 3113 ¹).
653 3033 841 3118 Utcumque
869 3054 903 3096 se
927 3055 979 3096 res
1004 3035 1143 3119 habeat,
1168 3038 1302 3101 videtur

119 3292 149 3358 u)
169 3291 251 3343 Zach.
269 3289 374 3342 Huberi
392 3287 467 3342 Dias.
486 3287 517 3339 de
535 3288 590 3339 rite
608 3304 640 3339 ac
658 3286 762 3339 licentia
780 3296 897 3340 veterum
915 3287 1086 3339 divortiorum
1110 3289 1183 3355 apud
1200 3290 1301 3342 Roma·

65 3391 114 3433 nom
128 3376 162 3426 od
175 3374 363 3426 illustrandum
383 3372 502 3426 Suetonii
518 3371 603 3423 Iocum
614 3371 742 3440 insignem
760 3373 788 3424 in
799 3374 852 3425 nite
869 3371 926 3426 Jut.
946 3371 1019 3424 Caes.
1039 3391 1060 3424 e.
1078 3375 1121 3426 4³.
1139 3372 1167 3425 in
1179 3374 1223 3440 Ej.
1235 3373 1302 3426 Dis·

65 3463 124 3511 sertt.
136 3459 238 3525 juridd.
254 3464 281 3510 et
292 3457 439 3524 philologg.
460 3458 492 3507 P.
510 3457 546 3508 II.
559 3469 633 3506 num.
650 3461 676 3507 4.
694 3471 720 3521 p.
734 3459 785 3508 127
795 3461 897 3509 -nos
910 3463 937 3510 et
951 3463 1034 3523 repet.
1052 3455 1079 3509 in
1093 3459 1136 3510 ed.
1151 3459 1301 3513 Amstelod.

65 3541 172 3596 Dissertt.
191 3545 252 3596 Lib.
271 3545 306 3596 11.
325 3559 350 3595 n.
368 3547 393 3595 6.
410 3557 437 3608 p.
455 3545 508 3594 288
519 3545 619 3592 -312
634 3540 682 3592 Ge.
694 3542 765 3606 Aug.
784 3540 899 3593 Merche
917 3540 992 3594 Diss.
1011 3542 1121 3596 historie
1130 3545 1207 3614 juris
1221 3545 1302 3598 civilis
1411 3591 1415 3598 .

66 3627 90 3676 de
104 3629 222 3680 divortiis.
240 3627 317 3694 Lips.
331 3629 412 3681 1764.
429 3632 454 3679 4.
474 3624 562 3678 Hand.
581 3627 616 3678 K.
635 3625 767 3678 Wiichter
784 3622 850 3675 iiber
867 3625 1102 3694 Ebescdeidunpen
1121 3627 1162 3680 dei
1179 3631 1229 3682 den
1244 3629 1302 3682 Rii-

65 3727 132 3764 nera.
149 3715 247 3778 Stuttg.
273 3715 393 3765 18228.
419 3711 510 3764 Hesse
531 3706 641 3760 Giiterr.
666 3708 691 3760 d.
716 3709 901 3776 Ebepattmi.
923 3714 958 3763 40
971 3715 1058 3765 -67.
1082 3729 1108 3779 p.
1135 3717 1302 3767 129-203.

66 3792 185 3849 Zimmern
206 3797 301 3850 Gereh.
321 3796 345 3847 d.
365 3793 401 3848 R.
423 3793 543 3845 Priootr.
562 3793 583 3860 5.
603 3798 653 3846 162
668 3823 703 3832 -
719 3797 777 3846 166.
799 3795 905 3846 Klenze
923 3795 963 3846 die
982 3795 1101 3848 meilen
1118 3798 1143 3849 d.
1161 3797 1302 3850 E'Ireselrct'·

66 3877 122 3946 dsap
138 3881 205 3934 nard
223 3881 335 3932 iilterem
348 3879 385 3932 R.
403 3880 438 3931 R.
451 3878 481 3930 in
501 3878 526 3929 d.
545 3877 673 3930 Zeitscltr.
684 3878 713 3945 s.
729 3877 817 3945 pesclo.
836 3877 874 3930 R.
901 3879 940 3930 W.
960 3879 1022 3933 VII.
1041 3881 1123 3935 Num.
1142 3883 1177 3934 11.
1198 3879 1283 3933 nsunt.
1375 3907 1377 3912 v

120 3966 151 4031 x)
171 3965 234 4017 vid.
253 3964 374 4016 Dirksen
390 3963 503 4014 Geretae
522 3961 547 4012 d.
562 3961 640 4013 Riim.
654 3961 758 4030 Kont'pe
770 3963 798 4014 in
809 3962 853 4029 Ej.
873 3963 1022 4016 Versuclten
1033 3983 1087 4018 zur
1099 3967 1169 4019 Krit.
1187 3983 1212 4018 u.
1227 3965 1301 4018 Auel.

67 4045 104 4096 der
122 4049 230 4107 Qnelten
249 4049 274 4103 d.
293 4049 330 4101 R.
349 4049 386 4100 R.
404 4061 478 4099 num.
496 4049 521 4098 6.
539 4043 607 4110 Cap.
624 4049 650 4099 4.
667 4062 694 4112 p.
712 4051 805 4100 298-
815 4051 876 4101 300.
898 4048 984 4102 Mitti.

121 4134 150 4199 y)
169 4133 317 4186 Atmirum
335 4132 363 4184 irs
377 4131 490 4183 modum
508 4129 577 4180 inter
589 4144 619 4180 sc
637 4130 809 4196 dissentiunt,
828 4132 875 4199 qui
888 4133 963 4185 locis
975 4129 1116 4185 Plutarchi
1134 4135 1161 4182 et
1174 4129 1302 4200 Dionysii
1322 4181 1330 4188 .

68 4211 258 4283 interpretandis
277 4233 389 4285 operam
407 4217 547 4269 dederunt.
567 4215 607 4267 Gi.
627 4214 757 4268 Wiiehter
775 4231 866 4267 comm.
885 4215 957 4268 land.
974 4231 1001 4281 p.
1020 4219 1053 4268 19
1068 4243 1100 4254 -
1115 4217 1158 4266 26.
1176 4230 1202 4280 p.
1220 4220 1255 4268 62
1267 4245 1302 4255 -

68 4301 100 4352 77.
115 4302 199 4356 Herse
217 4304 234 4356 l.
250 4303 268 4356 7.
286 4319 313 4368 p.
331 4305 377 4354 131
397 4327 426 4338 -
440 4301 497 4352 136
515 4303 544 4350 et
558 4313 586 4364 p·
603 4301 656 4351 476
669 4329 699 4338 -
713 4303 773 4352 492.
791 4302 896 4352 Klenne
914 4301 932 4352 1.
951 4300 968 4352 1.
987 4317 1014 4367 p.
1031 4304 1065 4354 27
1077 4321 1112 4336 ³-
1123 4302 1165 4351 36.
1187 4298 1273 4352 Meldi.

123 4390 151 4453 z)
169 4391 205 4440 nt
224 4403 307 4456 quani
324 4401 422 4452 parurn
440 4382 522 4436 iaciat
541 4382 681 4435 Ciceronis
706 4385 783 4436 locus
802 4385 837 4436 ed
863 4385 1049 4451 probandum,
1071 4383 1139 4450 ipsis
1158 4385 1302 4438 duodecim

69 4468 202 4524 tabularum
221 4473 326 4540 legibus
350 4471 384 4522 de
402 4467 582 4522 divortiorum
607 4467 670 4533 jure
688 4468 838 4536 quidquam
857 4465 989 4521 sancitam
1007 4468 1104 4534 fuisse,
1127 4470 1304 4522 ostenderunt

70 4549 144 4604 Hasse
158 4556 174 4606 l.
193 4557 209 4608 l.
228 4573 254 4623 p.
275 4561 326 4610 136
337 4585 371 4596 --
386 4560 443 4607 141.
458 4558 484 4605 et
498 4552 618 4605 Dirkscn
635 4552 890 4620 Zwiifflafclpesetze
910 4557 1001 4618 ρ.296
1012 4583 1046 4594 -
1057 4557 1117 4606 302.
1135 4555 1238 4606 Klenze
1253 4555 1270 4607 l.
1286 4555 1303 4607 t.
