3080 5154
635 314 637 318 ’
683 304 761 374 Lm.
788 305 817 373 1.
842 304 924 372 Tm.
949 303 1011 373 vl.

606 535 610 542 ,
737 479 819 533 oss.
837 481 919 532 xrv.
933 482 961 548 e)

567 599 630 662 DE
652 595 867 660 LIBERTIS
889 595 1125 659 INGRATIS.

308 732 407 808 Quem
424 732 568 794 libertum
582 732 763 792 libertamoe
772 737 931 811 patronus
945 728 976 808 ⁶¹)
996 731 1160 812 ingratum
1176 749 1243 790 esse
1260 732 1441 804 convincet,
1459 731 1484 788 is

221 843 254 900 in
276 841 448 902 lautumias
470 841 562 900 detur
576 842 619 918 ⁰).

963 970 967 980 κ

743 1011 824 1064 car.
842 1012 908 1063 xv.
925 1011 954 1078 r)

381 1132 445 1194 DE
471 1128 681 1194 PATRONI
701 1127 886 1191 OFFICIO
907 1127 1038 1190 ERGA
1059 1125 1313 1190 LIBERTUM.

233 1250 235 1256 ¹
307 1265 346 1326 Si
361 1268 417 1344 qm·
429 1274 601 1346 patronus,
620 1265 650 1322 si
664 1282 727 1342 qna
739 1268 897 1342 patrona,
915 1262 1057 1321 libertam
1075 1261 1254 1322 libertamoe
1274 1263 1398 1340 inopem
1420 1281 1482 1321 non

222 1374 301 1445 olet,
316 1375 343 1432 is
359 1393 434 1432 eave
445 1373 575 1452 juribus
585 1377 776 1450 potronatus
788 1372 934 1449 privator
948 1372 993 1448 t).

797 1549 827 1631 g.
848 1549 900 1610 13.

339 1668 385 1720 An
402 1673 481 1734 eaput
498 1669 523 1718 2.
542 1664 606 1734 lenis
619 1665 713 1717 Aeliae
733 1665 839 1718 Sentias
853 1665 1005 1734 prudenter
1021 1663 1158 1716 sustulerit
1174 1657 1365 1716 Justinionns?

305 1767 462 1850 Denique
487 1766 745 1848 observandum,
769 1775 868 1850 caput
888 1765 974 1850 legis
993 1764 1115 1829 Aeliae
1136 1763 1271 1828 Sentias
1298 1765 1340 1830 de
1365 1788 1480 1830 mauu-

223 1876 358 1938 missore
375 1875 500 1938 minore
516 1873 594 1938 XX
608 1875 701 1938 annis
717 1876 761 1956 (§.
773 1876 819 1954 5.)
835 1875 967 1937 incaute
984 1873 1150 1938 sustulisse
1165 1873 1409 1955 Justinianum,
1428 1894 1479 1936 ar·

224 1990 380 2067 gumento
396 2003 487 2044 usum
506 2003 584 2044 sane
599 2002 757 2065 perquam
773 1980 925 2062 ridiculo,
941 1983 1024 2064 quod
1034 1983 1162 2044 libertas
1180 1985 1220 2042 sit
1231 2003 1283 2042 ros
1299 1986 1479 2043 inoestr'mae

224 2093 308 2153 bilis:
324 2091 353 2172 §-
367 2089 396 2152 7.
411 2092 491 2152 Inst.
506 2092 536 2153 Ιι.
553 2098 575 2151 t.
596 2088 852 2152 Inaestimabilis
869 2090 956 2153 enim
971 2111 1038 2152 non
1055 2097 1105 2152 est
1119 2089 1249 2152 ratione
1265 2087 1409 2169 domini,
1423 2086 1478 2150 sed

223 2198 328 2281 servi,
352 2197 408 2282 qui
425 2197 467 2262 ad
483 2196 574 2262 illam
594 2198 749 2282 adspirat.
773 2197 823 2260 cf.
838 2195 993 2262 Thomas.
1012 2200 1098 2261 Dies.
1114 2199 1152 2260 de
1175 2198 1242 2260 Usu
1258 2206 1364 2280 praet.
1381 2198 1477 2264 doctr.

213 2309 263 2370 de
276 2309 387 2390 inpari.
401 2311 583 2369 manumiss.
598 2329 623 2370 e.
639 2306 669 2367 1.
684 2307 713 2387 §.
723 2305 774 2368 39.
790 2328 834 2389 sq.
859 2306 905 2388 ¹¹).

290 2564 322 2630 o)
342 2563 409 2629 Egit
430 2563 464 2616 de
489 2562 543 2614 hoe
567 2559 656 2624 capite
681 2573 785 2614 υιΡιΑΝ.
810 2559 870 2614 Lib.
887 2561 939 2614 IV.
953 2562 986 2614 L.
1005 2565 1048 2616 30.
1077 2562 1135 2620 Qui
1150 2569 1177 2614 st
1192 2577 1209 2612 o
1226 2558 1295 2629 moth.
1312 2577 1384 2612 mun
1413 2561 1478 2612 Sen-

223 2647 335 2702 tentiam
361 2648 421 2715 ejus
446 2646 576 2698 debemus
600 2644 708 2698 Dosith.
735 2645 852 2699 Sentent.
874 2646 962 2698 Hodr.
980 2664 1003 2699 e.
1020 2650 1045 2698 3.
1064 2647 1084 2714 ξ.
1102 2651 1128 2698 3.
1144 2664 1174 2714 p.
1192 2649 1252 2700 862.
1276 2645 1356 2700 Gont'·
1384 2644 1476 2711 CuJao.

228 2730 290 2784 Obs.
311 2733 349 2785 X.
366 2736 409 2785 33.
427 2732 508 2784 Hem.

293 2819 326 2884 d)
346 2816 417 2880 Quis
434 2816 566 2869 adcusare
582 2811 671 2879 possit
688 2817 730 2868 vel
747 2829 803 2868 non
822 2814 910 2880 possit
927 2815 1054 2870 libertum
1070 2814 1222 2880 ingratum,
1240 2816 1300 2870 fuse
1314 2813 1396 2868 doses
1415 2813 1477 2878 Uip.

222 2902 282 2958 Lib.
293 2903 316 2955 Ι
319 2903 346 2955 V.
358 2903 390 2956 L.
402 2905 446 2956 30.
464 2902 500 2953 D.
523 2902 579 2959 Qui
595 2909 621 2954 et
637 2919 654 2953 ι
673 2898 742 2968 quib.
759 2918 829 2953 man.
847 2903 879 2952 J..
898 2906 940 2955 70.
958 2903 995 2954 D.
1014 2902 1045 2952 de
1070 2900 1099 2951 V.
1120 2900 1149 2953 S.
1168 2901 1255 2962 Heia,

292 2987 323 3056 e)
343 2987 451 3040 Dositlr
468 2985 530 3040 ibid.
548 2985 597 3054 qui
615 2991 705 3038 tamen
722 2985 779 3038 faui
796 2985 912 3049 videtur,
930 2987 996 3038 dum
1015 2985 1198 3050 eogniu'onem
1215 2986 1285 3037 hano
1298 2985 1346 3038 dat
1365 2981 1477 3051 ἐπάρχῳ

223 3069 275 3126 rov‘
290 3071 508 3138 γαζοφυλακίουε
527 3087 610 3139 quam
625 3071 711 3126 tuisse
728 3085 811 3136 penes
825 3072 998 3124 Praefectum
1015 3070 1085 3135 urbi,
1104 3075 1179 3136 patet
1195 3087 1231 3123 ex
1248 3071 1281 3124 L.
1301 3076 1324 3122 1.
1341 3071 1363 3136 t.
1384 3074 1426 3123 10.
1444 3071 1477 3122 D.

224 3159 255 3210 de
274 3157 331 3227 Off.
352 3157 450 3224 Praef.
467 3155 526 3208 urb.
545 3157 624 3209 Heia.
1426 3199 1431 3204 .

291 3243 322 3311 s)
345 3245 389 3296 De
405 3243 494 3308 capite
518 3243 570 3294 hoo
592 3241 676 3294 habes
699 3239 884 3294 testimonium
902 3237 1069 3292 Modestini:
1086 3241 1119 3292 Ι.
1137 3244 1163 3292 6.
1177 3259 1223 3309 pr.
1241 3241 1273 3292 ds
1290 3240 1380 3306 Adys.
1398 3248 1426 3294 st
1445 3239 1476 3292 aL

224 3327 267 3380 lib.
284 3330 317 3380 L.
335 3333 378 3382 ³3.
396 3329 428 3380 de
445 3328 517 3380 Bon.
536 3325 621 3378 libert.
640 3325 720 3378 Hem.

292 3413 325 3477 g)
345 3413 371 3464 a.
388 3413 422 3464 a.
440 3415 465 3464 o.
484 3419 511 3463 a
527 3415 569 3463 ss.
587 3411 668 3462 usin.

292 3495 325 3560 h)
345 3495 389 3546 De
407 3493 634 3558 manumissione,
653 3510 724 3562 quae
749 3499 910 3547 testamento
927 3496 1023 3559 fiebat,
1042 3494 1122 3548 unios
1139 3493 1261 3562 loquitur
1278 3494 1432 3559 Imperator
1449 3491 1475 3546 io

223 3581 245 3647 §-
264 3584 288 3634 7.
307 3597 329 3631 e.
347 3579 515 3632 Permissum
536 3579 658 3632 mannis
676 3578 826 3644 majoribus
844 3583 1005 3634 testamento
1022 3580 1220 3644 manumittere,
1236 3594 1292 3634 nou
1311 3595 1377 3632 vero
1391 3579 1477 3632 misso·

223 3664 315 3717 ribus:
333 3663 397 3714 hinc
414 3668 442 3715 et
459 3679 509 3729 pro
529 3664 628 3714 domini
644 3665 840 3717 manumissoris
859 3664 888 3716 in
899 3666 922 3731 ξ.
937 3670 961 3719 3.
980 3666 1046 3718 Inst.
1065 3666 1097 3716 ds
1110 3664 1237 3718 Libertina
1256 3665 1404 3732 lugendum
1421 3670 1476 3717 est:

225 3750 332 3802 dominii
342 3749 552 3808 nrmnmismrisr
566 3748 605 3801 ita
615 3754 642 3800 et
656 3749 809 3802 emendavit
820 3751 882 3803 Ant.
895 3749 1073 3815 Augustinus,
1088 3767 1169 3818 quem
1181 3750 1290 3820 sequuti
1302 3756 1367 3802 sunt
1377 3752 1476 3816 plures.

228 3833 311 3886 Coun.
331 3833 396 3888 Vid.
414 3840 441 3886 et
459 3835 592 3886 Schrader
609 3831 638 3886 in
655 3841 711 3888 not.
729 3835 788 3888 orit.
803 3835 838 3886 ad
855 3836 877 3902 ς.
895 3839 920 3887 3.
938 3835 962 3886 I.
980 3834 1143 3889 deliberas.
1162 3835 1250 3890 mtto.
