3040 5164
227 379 299 446 382
686 371 762 438 Lm
789 371 833 438 ΙΙ.
856 369 935 442 Tar.
959 367 1020 435 Ul.

224 549 423 636 χρῆσιν,·ααὶ
450 553 640 630 ἐπικαρπίαν,
666 549 719 612 καὶ
739 545 957 630 πληρεστάτην
976 543 1117 631 καταχην,
1141 539 1218 609 ὥστε
1244 543 1402 608 δύνασθαι
1421 547 1462 608 καὶ

226 660 273 740 ἐφ’
292 661 401 740 ἑτέρων
412 661 601 740 μεταφέρειν,
622 658 674 720 καὶ
694 654 893 740 κληρονόμοις
910 657 1134 738 παραπέμπειν.
1160 655 1232 718 Τῶν
1251 652 1306 734 γὰρ
1323 650 1461 716 Ἰταλικῶν
1506 671 1507 738 t

226 765 329 851 ἀγρῶν
349 763 421 850 η’τοι
439 770 541 828 οἰκιῶν
567 769 596 828 οῖ
616 760 762 828 δεσπόται
783 761 840 846 τὴν
861 763 1039 826 δεσποτείαν
1060 762 1147 846 εἶχαν.
1173 761 1238 836 Qui
1256 761 1328 822 olim
1348 780 1386 821 er
1403 779 1462 820 con·
1506 743 1507 784 f

226 878 363 936 cessione
380 875 492 955 populi
510 874 560 934 oet
578 873 737 951 Principis
755 873 958 952 stipendiaria
976 872 1025 932 ost
1044 869 1213 932 tributaria
1229 868 1365 948 praedio
1384 869 1462 927 tate-

226 984 316 1054 bant‚
337 983 455 1042 domnii
469 1001 530 1041 non
552 989 661 1071 erant:
679 1000 753 1039 nam
776 980 944 1040 dominium
962 979 1086 1038 sitorum
1109 986 1181 1038 erat
1199 986 1258 1037 ant
1277 975 1365 1056 npnd
1376 994 1460 1054 popo·

225 1091 289 1150 lnm
313 1097 369 1149 aut
394 1089 481 1169 apud
500 1089 698 1167 Principem,
723 1087 889 1148 cadmum
911 1095 941 1146 et
953 1087 1103 1164 fractam
1129 1103 1236 1145 eoram
1258 1083 1419 1155 habebant,
1435 1091 1459 1142 ct

223 1199 435 1278 plenissimam
448 1198 692 1276 possessionem,
711 1198 766 1266 ita,
782 1203 819 1254 nt
832 1203 864 1256 et
880 1193 1059 1270 transferre
1072 1200 1200 1274 possent
1219 1195 1251 1252 in
1273 1193 1366 1262 alios,
1384 1199 1410 1249 et
1427 1191 1461 1248 od

226 1304 355 1364 heredes
379 1307 600 1364 transmittere.
622 1301 802 1362 Italicorum
825 1310 928 1362 autem
940 1300 1119 1378 sanctorum
1137 1301 1346 1379 domnamque
1364 1298 1461 1357 domini

226 1413 392 1486 dorninintn
412 1411 574 1470 habebant.
604 1409 723 1491 ltaque
750 1430 816 1471 non
839 1407 943 1492 magis
970 1407 1170 1490 usucapione
1191 1404 1321 1489 adquiri
1346 1412 1458 1486 poterat

226 1516 355 1603 praedii
374 1517 585 1600 provincialis
609 1515 806 1596 dominium,
823 1537 919 1599 quam
942 1516 992 1578 rei
1008 1513 1254 1594 commodatae,
1271 1521 1328 1578 aut
1349 1512 1454 1596 praedii
1506 1539 1507 1584 ι

153 1617 165 1664 '.
226 1625 409 1690 fructuarii:
431 1625 454 1687 J
456 1647 506 1686 an.
522 1625 618 1687 Vinc.
637 1623 772 1688 Gravin.
788 1626 827 1685 de
841 1625 941 1706 Legg.
957 1625 1028 1684 XII
1039 1623 1135 1686 tabat.
1143 1643 1178 1703 p.
1194 1621 1266 1682 317.
1287 1621 1355 1684 Res
1370 1620 1454 1682 mobi-

225 1734 274 1796 les
291 1753 403 1795 omnes
425 1733 557 1816 usucapi
573 1739 745 1815 poterant,
760 1731 903 1816 mancipi
924 1752 1030 1816 aeque
1055 1751 1093 1792 ac
1112 1750 1174 1791 nec
1189 1730 1341 1814 mancipi.
1362 1729 1452 1811 Atque
1506 1739 1507 1814 q

226 1841 273 1904 ita
287 1839 508 1923 intelligenda
522 1839 581 1902 illa
595 1839 733 1923 Ulpiani
750 1841 878 1921 Fragm.
896 1840 985 1900 XIX.
999 1838 1027 1900 8.
1053 1841 1247 1920 Usacoptone
1262 1839 1389 1900 dominia
1400 1837 1454 1896 adi-
1506 1827 1507 1878 i

160 2003 168 2010 .
223 1951 373 2028 pisotmnr
393 1956 457 2008 tam
475 1952 613 2029 mancipi
626 1969 744 2024 rernm,
764 1968 857 2030 qnam
879 1960 936 2008 nec
954 1950 1090 2028 menapi
1094 1970 1105 2006 .·
1124 1946 1252 2030 Gujacii
1269 1947 1399 2008 Paratitl.
1415 1944 1452 2002 ort
1506 1997 1507 2046 η

226 2058 271 2116 tit.
291 2055 323 2116 C.
339 2055 378 2116 de
398 2054 532 2138 Usncap.
549 2056 664 2132 transf.
1506 2047 1507 2052 ¹

813 2203 841 2283 ρ.
863 2203 894 2267 s.

390 2317 427 2382 Ο
467 2394 472 2401 Ι
519 2319 558 2371 vUt
575 2329 601 2371 et
618 2321 650 2371 de
667 2322 825 2388 usucapione
842 2321 992 2389 peregrinis
1011 2321 1172 2388 denepanda.
1240 2327 1244 2331 ⁴

307 2422 429 2485 Iisdem
445 2419 576 2504 legibus
592 2420 866 2485 decemviralibus
883 2421 1083 2506 denegatum
1107 2421 1213 2483 fuerat
1228 2405 1404 2503 peregrinis
1412 2420 1451 2502 jus
1506 2433 1507 2438 ’

225 2529 449 2612 usucapiendi,
467 2549 605 2612 eamque
621 2529 738 2591 iurem
754 2530 802 2593 ita
817 2537 959 2592 cautum:
975 2545 1150 2592 auvuusus
1164 2543 1303 2592 Hosuun
1318 2541 1451 2589 aursana

224 2651 437 2700 uuorontrns
454 2651 555 2698 asro:
577 2635 645 2698 Cic.
667 2638 705 2699 de
729 2638 818 2718 0sfi0·
834 2639 859 2699 Ι.
875 2637 924 2698 12.
946 2638 1062 2700 Hostis
1084 2645 1152 2698 tum
1177 2644 1248 2698 erat
1271 2635 1448 2719 peregrinus,
1506 2669 1507 2672 =

224 2751 261 2806 ut
275 2751 349 2827 post
365 2743 558 2806 Ciceronem
577 2744 676 2806 etiam
694 2743 795 2828 Gajus
811 2745 911 2808 docet
926 2743 959 2805 L.
972 2745 1044 2806 234.
1053 2766 1104 2826 pr.
1117 2746 1155 2804 Ι).
1170 2745 1209 2805 de
1230 2744 1356 2806 Vertar.
1368 2741 1450 2824 n'gnit.

223 2854 268 2915 Et
298 2851 362 2913 hoc
394 2872 489 2913 sensu
515 2852 639 2914 Ennius
670 2851 712 2914 de
737 2852 893 2935 Scipione
920 2851 1081 2915 Africano
1105 2852 1192 2935 apud
1216 2852 1451 2935 Stephanumin

223 2961 355 3042 Fragm.
378 2968 436 3021 oet.
456 2969 537 3040 poet.
555 2981 588 3040 p.
610 2959 681 3020 107.

375 3069 453 3146 (Hic
475 3076 524 3129 est
543 3069 595 3130 itte
615 3071 727 3148 estne),
749 3072 803 3130 cai
820 3089 908 3130 nerno
929 3071 1012 3140 civis,
1034 3089 1134 3148 neque
1156 3069 1263 3140 hostis,

376 3177 479 3252 Quivit
496 3193 557 3255 pro
570 3165 669 3252 factis
692 3176 824 3237 reddere
845 3180 1122 3257 operaepretium.

224 3267 331 3360 Quum
350 3303 430 3366 ergo
447 3281 602 3364 usucapio
616 3287 702 3344 esset
713 3282 827 3344 modus
844 3283 1042 3368 adquirendi
1052 3281 1135 3366 juris
1153 3281 1273 3343 civilis:
1290 3301 1356 3342 non
1370 3275 1446 3357 magis

223 3391 400 3454 communis
426 3413 466 3454 ea
485 3413 556 3454 cum
574 3390 698 3455 civibus
719 3399 791 3454 erat
812 3391 1014 3476 peregrinis,
1036 3413 1131 3475 quarn
1149 3391 1349 3474 mancipatio
1368 3393 1411 3449 aut
1423 3382 1448 3442 iu

216 3498 293 3581 jure
311 3499 424 3560 cessio.
447 3499 591 3562 Videtur
613 3507 721 3562 tamen
738 3508 854 3581 postea
876 3500 939 3562 hoc
954 3501 1008 3584 jus
1025 3498 1298 3563 communicatum
1315 3517 1381 3560 esse
1396 3512 1449 3556 cua

222 3606 348 3669 Latinis
363 3607 525 3688 Junianis,
542 3608 647 3690 iisque
664 3609 865 3691 peregrinis,
883 3607 1000 3691 quibus
1017 3607 1248 3670 commercium
1266 3607 1373 3669 datum
1389 3607 1451 3664 erat.

222 3713 306 3777 Nam
324 3713 382 3777 hos
400 3716 497 3777 etiarn
514 3714 764 3798 mancipationis
774 3716 830 3799 jus
844 3713 1012 3798 habuisse,
1021 3722 1114 3801 patet
1130 3736 1172 3777 ex
1189 3715 1327 3800 Ulpiani
1342 3715 1449 3793 Fragra-

223 3823 314 3885 XIX.
326 3824 355 3885 4.
375 3824 456 3886 Post
474 3823 741 3885 constitutionem
755 3823 919 3887 Antonini
932 3823 1136 3906 caracallae,
1149 3819 1379 3906 civitatemque
1395 3837 1449 3881 cum

222 3930 371 3993 omnibus
401 3931 552 4016 ingenuis
580 3931 849 3995 communicatam
875 3953 942 3994 uon
973 3932 1136 4016 superfuit
1163 3932 1352 3995 Latinitatis
1380 3927 1450 3990 illius

222 4060 313 4116 usus,
332 4038 493 4122 superfuit
512 4047 622 4103 tamen
639 4040 814 4103 discrimen
832 4041 919 4102 inter
936 4039 1055 4104 fundos
1072 4039 1182 4103 Italici
1200 4039 1262 4102 soli
1284 4047 1318 4102 et
1337 4035 1451 4123 provin-

222 4145 333 4228 ciales,
350 4146 440 4230 quod
455 4147 584 4220 demum
602 4148 731 4212 sustulit
744 4148 965 4212 Justinianus:
980 4150 1017 4210 J..
1033 4171 1085 4210 nn.
1103 4148 1134 4208 0.
1147 4149 1185 4210 de
1207 4149 1341 4230 Usacap.
1357 4137 1449 4216 tranas·

221 4256 343 4318 Ezech.
360 4253 481 4339 Spanh.
502 4256 574 4318 aro.
590 4258 678 4318 Rom.
694 4258 809 4318 Eeero.
825 4258 867 4317 ΙΙ.
883 4277 909 4319 o.
927 4256 977 4319 25.
987 4279 1022 4339 p.
1037 4255 1109 4319 399.
1124 4278 1169 4338 sq.
1184 4254 1230 4336 h).

289 4473 321 4537 h)
341 4471 403 4522 Jam
421 4469 566 4538 aliquoties
585 4469 711 4521 Auctoris
733 4485 849 4522 errorem
869 4471 1045 4524 correximus.
1064 4472 1127 4523 vio.
1146 4489 1170 4524 v.
1189 4489 1211 4523 c.
1225 4470 1277 4523 rit.
1292 4471 1339 4522 IV.
1355 4468 1385 4518 V.
1397 4462 1449 4514 nu

221 4559 242 4610 1.
261 4557 281 4625 ᾗ.
302 4561 340 4610 16.
360 4562 385 4608 et
404 4557 473 4622 Adp.
493 4555 552 4606 Lib.
571 4555 591 4606 l.
610 4555 631 4622 ξ.
649 4557 690 4607 20.
710 4554 795 4606 Miitt.
