3130 5148
208 393 292 445 xxx
399 341 403 346 Ι
529 373 565 440 J.
591 369 636 439 G.
663 371 852 440 Herrrrcou
877 371 1008 441 Perre.
1035 367 1148 437 Nove.

209 548 373 614 distractio
398 547 657 632 exemplaribus,
688 567 741 610 me
763 545 873 608 denuo
894 545 1045 608 libelium
1067 547 1321 629 recognovisse,
1351 563 1465 610 emen-

210 657 317 732 dasse,
329 653 480 740 nihilque
496 655 614 720 fecisse
627 652 763 739 reliqui,
778 662 814 716 ut
830 653 980 738 prodiret
995 662 1030 717 et
1046 653 1176 718 auctior
1189 662 1224 718 et
1239 653 1464 718 emaculatior.

209 763 270 827 Est
284 762 348 825 hoe
364 762 504 826 studium
521 762 723 847 hujusmodi,
745 769 782 824 ut
798 761 949 846 quotidie
966 760 1092 845 aliquid
1107 761 1282 825 observes:
1298 781 1359 824 nee
1375 762 1465 846 quis·

211 892 307 955 quam
324 879 390 934 tam
407 871 494 934 bene
511 870 671 934 subducta
686 870 729 933 ad
745 868 951 932 scribendum
967 868 1098 932 ratione
1115 877 1175 950 est,
1188 870 1268 953 quin
1283 889 1347 950 res,
1361 877 1463 949 aetas,

210 1000 285 1042 urus
301 997 431 1061 semper
445 977 572 1062 aliquid
594 977 751 1060 adportet
773 975 870 1055 novi,
894 974 1021 1060 aliquid
1044 986 1195 1058 moneat,
1218 984 1255 1040 ut
1276 975 1353 1056 illa,
1376 997 1463 1060 quoe

211 1095 246 1150 te
262 1087 345 1150 scire
361 1084 569 1162 credideras,
590 1084 738 1162 nescies,
761 1091 796 1146 et
811 1103 896 1167 quae
918 1062 980 1147 tibi
1001 1065 1133 1167 putaras
1154 1083 1280 1167 prime,
1302 1083 1336 1146 in
1360 1103 1464 1166 expe·

208 1193 328 1256 riuniio
349 1192 516 1276 repudies.
538 1190 638 1269 Quod
663 1201 697 1255 et
719 1190 815 1273 mihi,
831 1189 962 1275 quoties
985 1211 1058 1252 mea
1079 1190 1216 1275 relego,
1234 1190 1367 1274 evenit,
1382 1211 1464 1253 eve·

209 1301 347 1386 nietque
363 1299 510 1364 fortassis
526 1307 560 1362 et
582 1285 816 1383 inposterum,
839 1298 864 1360 si
882 1319 934 1361 me
952 1300 1030 1362 vivo
1045 1296 1179 1360 libellus
1201 1307 1352 1382 quartum
1369 1297 1466 1381 prela

211 1408 408 1471 exercuerit
430 1406 498 1471 Sed
520 1407 603 1470 haee
618 1407 695 1470 Deo
718 1427 817 1470 curae
840 1414 952 1489 erunt,
974 1405 1027 1468 eui
1049 1391 1112 1487 τέ,
1131 1422 1277 1488 necron,
1300 1425 1409 1490 aeque
1425 1427 1465 1468 ee

210 1537 263 1578 me
287 1516 391 1599 ipsum
415 1534 556 1598 meoque
585 1515 697 1579 omnia
725 1513 930 1578 commendo.
961 1513 1196 1600 Franequerae
1222 1513 1403 1579 Frisiorum
1431 1533 1465 1576 x.

210 1622 287 1688 Kal.
308 1623 408 1687 Febr.
430 1622 661 1690 ololoooxxvr.
684 1603 689 1616 ¹
718 1654 724 1665 ·
