3130 5148
341 395 345 405 ·
386 329 446 436 Ds(
466 366 562 436 June
587 367 675 438 Nar.
702 367 814 440 Garr.
841 392 886 438 nr
916 368 991 440 Crv.
1265 381 1314 448 40

69 565 214 616 summum
228 563 333 627 penes
347 541 543 606 Praetorem
563 550 635 607 erat
655 542 690 609 'ru
708 546 789 608 urbe
806 545 990 630 imperium,
1006 555 1042 610 ut
1057 555 1206 631 patetex
1218 549 1316 614 Cice·

68 675 128 716 ron.
143 655 245 734 hbuit.
260 651 304 712 ad
318 635 445 710 122·le
460 648 511 712 12.
533 649 606 712 Liv.
624 650 748 714 XXIV.
762 651 793 716 9.
813 652 881 715 Dio
898 652 988 718 Cass.
1002 654 1126 718 LVIII.
1140 656 1171 720 3.
1187 656 1316 720 Uteba-

69 769 112 822 tur
125 759 212 820 enim
227 757 386 838 Praetor,
402 755 497 820 sicuti
513 755 692 834 Consules,
708 766 900 843 praetexta,
916 759 999 824 sella
1014 762 1135 842 curuli,
1151 764 1315 848 ministris,

68 867 170 932 scribis
186 873 222 928 et
235 863 401 930 adcensis:
423 862 540 928 Cicero
556 865 680 947 delego
697 885 807 948 ugror.
822 868 946 942 advers,
957 867 1042 932 narr.
1051 871 1097 932 II.
1109 869 1159 934 la.
1175 871 1316 936 Lr'ctom

67 997 131 1037 eum
151 972 330 1058 praeibant
352 970 417 1036 duo
441 993 511 1033 cum
538 970 689 1035 fascibus.
711 971 869 1049 Quamvis
891 975 978 1038 enim
997 971 1039 1037 de
1061 997 1120 1040 sex
1143 979 1316 1043 lictoribus

67 1081 195 1145 subinde
218 1080 400 1164 loquuntur
414 1078 625 1162 Plutarchus,
640 1079 818 1163 Polybius,
833 1079 1021 1165 Appianus,
1038 1084 1094 1168 qui
1114 1085 1192 1150 ideo
1216 1089 1315 1152 etiam

66 1189 251 1255 Praeturam
267 1185 361 1273 ἀρχὴν
376 1185 559 1286 {tardantia
573 1208 693 1250 vocare
706 1187 843 1250 solentr
854 1187 1108 1274 intelligendum
1124 1201 1234 1258 tamen
1250 1195 1315 1259 boc

66 1318 122 1359 non
143 1303 195 1358 est
218 1295 261 1358 de
287 1302 441 1378 praetura
462 1293 603 1374 urbana,
634 1301 667 1357 ut
683 1297 864 1379 suspicatur
885 1296 976 1360 Petr.
997 1297 1080 1362 Fab.
1101 1301 1231 1365 Semest.
1244 1305 1271 1364 Ι.
1281 1326 1315 1388 p.

65 1405 127 1467 169.
142 1403 202 1467 sed
219 1402 263 1466 de
274 1401 472 1487 provinciali
488 1406 530 1483 ⁸),
547 1403 595 1464 uti
606 1402 815 1467 observatum
828 1412 878 1468 est
892 1427 912 1468 a
924 1403 997 1468 Car.
1008 1404 1123 1490 Sigon.
1138 1408 1176 1470 do
1189 1413 1317 1492 antiquo

60 1514 126 1593 jare
141 1511 208 1576 Cio.
225 1511 354 1572 Ronal.
369 1509 421 1573 20.
441 1531 472 1591 p.
492 1507 563 1572 227.
585 1508 663 1572 Νοιι
678 1511 878 1595 postremum
894 1532 974 1574 vero
990 1511 1171 1578 Praeturae
1187 1511 1316 1600 insigne

66 1626 126 1680 erat
146 1617 264 1698 hasta,
286 1637 384 1702 quam
406 1615 597 1680 Decemviri
618 1617 732 1682 litibus
752 1619 943 1704 judicandis
967 1643 1088 1706 cogere
1113 1621 1318 1688 dicebantur.

65 1725 135 1788 l.2.
157 1723 371 1806 §.auum
390 1724 510 1806 0.J.‘)

533 1834 674 1992 praesolis
682 1940 845 2012 jurisdictio.

136 2041 265 2104 Totum
273 2038 445 2110 Praetoris
456 2063 569 2105 munus
581 2041 684 2104 tribus
694 2039 783 2103 hisce
795 2041 905 2104 verbis
915 2034 1146 2108 continebatur
1158 2063 1214 2127 nn,
1225 2064 1315 2131 nrc0,

65 2165 194 2228 lumen,
210 2145 309 2210 Ovid.
325 2147 451 2211 Fastl.
467 2170 494 2210 o.
509 2147 560 2211 47.
575 2171 619 2232 sq.
641 2147 751 2212 Varro
762 2150 802 2210 do
814 2150 906 2232 Ling.
922 2151 995 2212 Lot.
1011 2151 1046 2212 V.
1061 2147 1091 2211 41
1107 2153 1213 2214 Dabat
1229 2153 1316 2222 enim

66 2253 198 2318 Praetor
219 2255 443 2318 actionem-et
472 2257 722 2342 exceptionem,
749 2255 843 2316 dabat
871 2255 1031 2320 bonorum
1060 2261 1316 2340 possessionem:

65 2365 154 2426 dolat
168 2362 317 2446 judices,
333 2361 489 2444 arbitros,
511 2371 779 2447 recuperatores,
795 2363 891 2423 dabat
906 2368 1030 2425 tutores
1047 2383 1090 2424 ex
1106 2362 1184 2448 lege
1200 2364 1316 2427 Atilia.

66 2471 188 2532 Dicebat
214 2470 302 2534 viam
321 2470 355 2532 in
377 2469 543 2534 vindiciis:
569 2473 690 2534 dicebat
710 2468 959 2551 interdicendo,
977 2471 1106 2554 quoties
1130 2470 1171 2533 de
1187 2493 1317 2555 posses-

66 2578 152 2639 sione
163 2577 336 2661 agebatur,
353 2577 530 2660 indicebat,
546 2579 708 2642 adrocata
724 2578 894 2657 concione,
910 2577 1019 2660 ferias,
1036 2577 1062 2640 si
1079 2579 1212 2664 quando
1228 2587 1317 2644 terra

65 2683 95 2746 in
111 2686 189 2747 urbe
204 2685 402 2749 tremuisset.
418 2684 507 2750 Gell.
522 2687 627 2749 Noctt.
643 2689 739 2748 Atte'c.
751 2683 852 2748 mr.
869 2683 1003 2748 Sueton.
1019 2687 1128 2750 Claud.
1143 2708 1168 2748 c.
1179 2685 1230 2750 22.
1248 2689 1316 2750 Ad-

66 2793 179 2854 dabebat
191 2791 283 2857 bona
294 2791 484 2856 libertatum
500 2793 793 2858 conservandarum
806 2812 912 2873 causa,
925 2790 1102 2856 addicebat
1116 2815 1167 2857 res
1184 2802 1218 2857 et
1226 2796 1315 2880 jura,

67 2921 147 2983 quae
161 2900 282 2985 injure
295 2899 498 2963 cedebantur
511 2903 557 2982 ¹¹).
574 2899 657 2986 [Sed
669 2921 711 2962 an
724 2907 758 2962 et
769 2900 803 2962 in
819 2899 955 2961 crimina
967 2898 1200 2964 animadvertit
1210 2901 1316 2966 Prae-

66 3013 133 3070 tor?
152 3005 317 3092 Neganda
339 3009 470 3072 videtur
492 3007 642 3092 quaestio
665 3007 709 3069 ob
725 3007 753 3087 δ.
770 3005 820 3070 10.
835 3003 986 3068 Helua.
1002 3015 1034 3068 et
1053 3007 1091 3068 L.
1108 3007 1136 3072 l.
1156 3031 1208 3091 pr.
1222 3011 1260 3072 1).
1276 3011 1316 3075 dc

66 3116 153 3197 Susp.
168 3126 263 3178 tutor.
286 3115 360 3177 Nec
377 3116 486 3178 obstat
496 3116 535 3177 L.
549 3115 579 3177 1.
595 3115 624 3197 §.
639 3118 695 3178 alt.
717 3116 759 3176 Ι).
773 3115 812 3178 de
824 3113 964 3175 Alector.
982 3113 1057 3197 quia
1073 3113 1121 3174 ibi
1135 3113 1315 3183 lautumiae

66 3230 134 3284 sunt
145 3244 272 3285 carcer:
287 3221 405 3286 Noodt
418 3225 462 3285 od
468 3224 621 3285 Pandect.
632 3244 665 3304 p.
676 3221 750 3284 259.
762 3221 939 3284 Praetores
951 3230 1073 3301 tamen,
1083 3220 1138 3303 qui
1149 3222 1316 3305 quaestio-

65 3331 152 3394 nibus
168 3339 203 3394 et
217 3331 398 3414 provinciis
420 3330 639 3414 praefuerint,
654 3329 826 3413 imperium
842 3349 966 3391 merum
981 3327 1133 3390 habuisse
1150 3327 1318 3392 existimat

65 3437 114 3500 Io.
131 3438 194 3502 Da.
209 3437 363 3521 Ableing
384 3441 468 3500 Dias.
485 3438 524 3499 do
539 3439 685 3500 Praetor.
705 3439 795 3500 Rom.
812 3456 837 3500 c.
851 3436 882 3500 2.
903 3436 933 3517 §-
947 3435 998 3498 16.
1021 3435 1089 3498 Sed
1111 3455 1178 3498 ιιοιι
1200 3435 1236 3498 id
1257 3436 1317 3500 ha-

66 3547 199 3610 buerunt
214 3554 381 3629 tamquam
397 3544 585 3628 PraetoreS,
600 3565 713 3608 verum
730 3544 865 3630 exlege
881 3542 1034 3630 speciali:
1057 3543 1094 3608 L.
1109 3544 1139 3607 1.
1149 3565 1202 3628 pr.
1219 3545 1261 3608 D.
1277 3547 1317 3608 de

71 3655 150 3735 offic.
166 3658 248 3738 ejus,
263 3657 321 3714 cui·
335 3654 438 3715 mand.
446 3651 580 3738 jurisd]

126 3862 155 3928 s)
176 3862 209 3913 Ιιι
227 3859 297 3911 urbe
315 3857 407 3924 itaque
424 3857 481 3909 duo
499 3857 622 3923 timores,
641 3856 671 3909 in
696 3856 842 3922 provinons
863 3869 914 3908 sex
931 3856 1070 3910 anteibant
1087 3860 1244 3919 Praetores,
1262 3851 1318 3908 illic

65 3961 119 3998 urm
135 3945 258 3999 Iasmbus
277 3948 305 3994 et
322 3941 475 4008 securibus,
492 3942 539 3996 hio
554 3957 616 3995 oum
633 3941 753 3994 funibus
772 3945 887 3994 tantum.
913 3941 983 3994 Rem
1000 3942 1103 4008 optime
1120 3942 1249 4007 exposuit
1265 3941 1317 3992 Es.

66 4029 203 4094 Spauhem.
230 4029 262 4080 ds
287 4045 338 4080 usu
364 4035 389 4078 et
407 4036 556 4095 praestant.
579 4043 651 4080 num.
677 4027 790 4080 Dissert.
817 4027 855 4078 X.
880 4041 902 4078 c.
924 4031 951 4078 3.
978 4028 999 4094 ᾖ.
1024 4032 1050 4080 6.
1071 4043 1102 4095 p.
1130 4031 1189 4080 116.
1203 4064 1206 4069 -
1219 4025 1250 4077 Τ.
1275 4024 1316 4076 ΙΙ.

64 4114 135 4166 lude
152 4121 180 4166 ot
198 4112 331 4176 tribuual,
349 4112 384 4162 de
400 4112 479 4179 cujas
497 4113 586 4164 torum
602 4110 745 4165 Vitruvius
762 4111 868 4164 Aratis.
894 4110 922 4162 V.
944 4117 966 4163 1
990 4111 1070 4163 Heia.

125 4201 150 4266 t)
171 4199 237 4251 vid.
259 4197 350 4249 valer.
370 4195 488 4249 uramr
506 4197 603 4248 dictor.
622 4197 783 4264 taotoramq.
801 4195 969 4248 memorabit
988 4195 1067 4246 VIII.
1084 4211 1108 4246 o.
1126 4197 1153 4244 ³.
1174 4193 1224 4244 Νι.
1245 4197 1269 4243 1.
1283 4219 1316 4230 -
1391 4216 1397 4222 -

65 4282 200 4344 Caeterum
219 4284 256 4336 ud
275 4281 390 4335 solitum
407 4283 569 4334 Praeturam
586 4281 705 4334 officium
721 4281 832 4334 minimo
849 4277 980 4366 pertinuit
993 4278 1040 4344 J'us
1058 4278 1152 4330 hasmo
1169 4279 1316 4344 cogendae.

65 4367 170 4422 Sueten.
186 4371 260 4436 Aug·
279 4371 325 4422 ³6·
346 4365 434 4420 mli.

125 4457 158 4521 a)
176 4457 257 4510 Haeo
275 4469 314 4506 ex
337 4451 466 4520 memori
484 4456 541 4502 not.
563 4451 592 4504 iu
611 4451 673 4518 GaJ'.
701 4453 760 4521 (ap.
778 4451 920 4518 Schultim
939 4445 1053 4517 jurispr.
1073 4445 1201 4513 aamJ'ust-
1226 4463 1253 4514 p.
1272 4451 1315 4501 sn.

68 4547 113 4590 not.
133 4544 179 4610 74)
199 4539 298 4596 addita
318 4540 391 4590 suut.
416 4533 502 4589 Mit'ItI.
1032 4593 1036 4598 ,
