3130 5148
233 351 280 418 18
683 367 1031 417 νιοοιιιυι

230 511 533 604 constitutionibru,
552 522 720 606 quaejam
737 529 837 586 antea
850 527 953 584 notae
969 529 1074 603 erant,
1085 523 1192 588 acar.
1204 522 1289 588 Rc.
1299 521 1485 598 Weuckios

230 629 314 694 God.
322 629 555 696 Theodosiani
561 629 658 696 Libri
669 629 712 694 V.
727 630 866 713 priores
880 630 971 714 Lips
987 629 1081 694 1825.
1096 631 1199 694 uait

594 775 601 778 .
803 775 832 858 §-
852 775 903 839 m

653 933 660 940 .
694 893 821 946 Novelloe
836 891 880 944 itti
894 893 1021 962 adjutae.

310 995 477 1080 Adjectae
491 995 591 1058 etiam
603 993 681 1058 buic
696 994 830 1058 Codicis
848 991 1077 1058 Theodosiaui
1094 993 1234 1058 editioni
1248 995 1483 1056 constitutiones

103 1147 107 1152 -
227 1105 370 1164 novellae
384 1103 582 1185 Theodosii,
592 1102 824 1168 Valentiniani
840 1101 914 1182 ΠΙ,
928 1100 1102 1184 Marciani,
1115 1100 1306 1186 Majoriani,
1315 1099 1431 1163 Severi
1447 1109 1483 1164 et
1497 1089 1499 1095 ’

215 1205 410 1292 ¹Anthemii,
431 1233 451 1273 a
467 1211 612 1274 Pitboeo
629 1211 768 1295 primum
785 1209 942 1293 vulgatae
960 1209 1066 1271 Poris.
1081 1207 1174 1271 1571.
1186 1209 1216 1270 4.
1232 1209 1269 1288 *)
1295 1229 1357 1271 nec
1376 1228 1442 1270 non
1459 1231 1481 1271 a

227 1316 327 1380 Gonr.
345 1317 568 1381 Rittershusio
595 1319 744 1396 Francos.
757 1317 850 1380 1615.
867 1316 897 1379 8.
922 1315 1132 1395 (Pleniorem
1152 1315 1358 1379 novellaruni
1379 1315 1481 1377 farra-

225 1424 349 1508 ginem,
367 1424 506 1510 adjectis
525 1425 625 1488 etiam
639 1425 778 1488 aliorum
799 1425 900 1508 impp.
917 1425 1105 1488 Justiuiano
1119 1425 1319 1488 anteriorum
1339 1423 1481 1488 novellis

225 1534 526 1616 constitutionibus,
541 1533 681 1597 exbibet
686 1533 743 1618 jus
756 1533 819 1614 civ.
830 1529 983 1617 antejust.
989 1533 1103 1596 Berol.
1113 1554 1145 1616 p.
1153 1530 1239 1603 1217
1248 1535 1336 1618 sqq.)
1440 1566 1444 1572 ·

800 1685 831 1766 §-
850 1685 902 1748 24.

258 1803 384 1856 Aliarum
392 1803 468 1874 juris
487 1803 606 1856 Romae
621 1801 803 1854 collectionum
820 1801 972 1854 Juesiuiaao
990 1802 1168 1874 antiquiorum
1185 1799 1271 1854 brena
1289 1801 1437 1868 demptio.

309 1902 405 1980 Quae
432 1925 514 1967 vero
536 1904 623 1968 ratio
646 1901 813 1983 effecerat,
840 1911 878 1965 ut
900 1902 1136 1986 imperatorum
1164 1903 1416 1966 constitutiones
1443 1904 1479 1966 in

223 2011 357 2075 codices
371 2033 447 2075 suos
466 2011 717 2096 colligerentur,
734 2010 851 2074 eadem
868 2009 933 2071 fuit
945 2031 1053 2092 causa,
1071 2018 1108 2074 ut
1120 2011 1163 2073 de
1168 2009 1479 2095 jurisconsultorum

223 2127 373 2182 veterum
385 2119 514 2202 scriptis
528 2117 571 2182 ad
583 2119 784 2202 paucitatem
797 2117 989 2202 redigendis
1000 2119 1142 2202 cogitari
1153 2119 1312 2201 coeperit.
1321 2118 1370 2181 At
1381 2119 1480 2202 quid-

223 2227 305 2312 quid
324 2226 384 2288 hac
404 2227 448 2290 de
462 2249 499 2291 re
514 2226 664 2294 meditati
683 2225 807 2288 fuerint
828 2226 1045 2309 imperatores
1067 2226 1151 2305 (vid
1170 2247 1268 2308 supra
1284 2225 1411 2307 §.12),
1435 2247 1479 2288 eo

217 2343 332 2400 tamen
351 2355 386 2398 se
402 2335 649 2415 continuerunt,
671 2342 709 2396 ut
732 2354 823 2396 usum
847 2333 1007 2396 librorum
1026 2333 1111 2418 juris
1133 2341 1303 2414 veterum,
1329 2333 1386 2416 qui
1404 2341 1479 2396 tan-

222 2465 320 2527 quam
330 2443 426 2526 leges
434 2443 469 2506 in
480 2443 555 2506 foro
564 2441 735 2505 observari
744 2423 903 2521 solerent,
919 2441 1018 2503 certis
1028 2441 1148 2504 finibus
1160 2441 1478 2504 circumscriberent.

220 2549 296 2614 lam
308 2550 550 2636 'Constantinus
565 2549 612 2612 Μ.
629 2546 793 2610 nonnulla
802 2547 868 2610 hoo
888 2549 1023 2611 nomine
1039 2559 1258 2634 praeceperat
1272 2554 1316 2632 ⁸),
1336 2570 1479 2633 quorum

220 2656 400 2720 auctoritas
420 2678 526 2741 usque
542 2677 584 2720 eo
602 2656 759 2736 obtinuit,
783 2655 891 2718 donec
904 2656 1142 2720 constitutione
1162 2658 1302 2742 quadam
1314 2655 1483 2722 Treoua.
1553 2715 1554 2722 ,

220 2764 317 2847 siin,
337 2786 423 2849 quae
443 2763 577 2848 quidem
593 2763 696 2849 vulgo
713 2763 911 2827 adscribitur
926 2763 1229 2830 Valentinianolll
1243 2770 1289 2847 t),
1305 2765 1388 2828 baec
1401 2764 1477 2827 lere

202 2872 347 2936 sancita
366 2879 460 2935 sunt:
480 2879 518 2934 ut
538 2879 673 2954 praeter
692 2872 882 2956 Papiniani,
897 2871 1008 2955 Pauli,
1028 2871 1117 2957 Gaji,
1137 2873 1275 2958 Ulpiani
1296 2882 1332 2938 et
1351 2873 1478 2936 Mode-

220 2979 299 3044 stiui
313 2979 429 3063 libros,
444 2987 514 3042 tum
532 3001 658 3062 eorum,
675 3001 815 3065 quorum
827 2961 996 3044 *tractatus
1019 2988 1119 3064 atque
1143 2982 1324 3046 sententias
1340 2981 1391 3046 illi
1408 2981 1479 3044 suis
1526 2961 1530 2967 ¹
1553 3009 1554 3012 ¹

220 3086 378 3170 operibus
402 3087 626 3170 miscuissent,
651 3088 742 3151 nulla
760 3089 922 3152 JCtorum
944 3090 1067 3173 scripta
1084 3089 1119 3150 in
1142 3089 1218 3154 toro
1240 3091 1476 3153 auctoritatem

220 3194 430 3272 obtinerent3
456 3196 577 3282 quodsi
597 3195 749 3286 diversae
770 3197 957 3261 sententiae
977 3196 1219 3280 proferrentur,
1237 3199 1342 3283 major
1356 3205 1478 3260 aucto-

217 3317 456 3370 rum'uumenrs
469 3305 620 3368 vinceret
639 3304 812 3386 minorem,
833 3305 934 3368 aussi
959 3304 1110 3389 aequalis
1127 3315 1216 3369 esset
1231 3327 1395 3386 numerus,
1417 3305 1478 3368 vel

218 3409 394 3492 Papiniani
408 3413 619 3496 praevaleret
639 3413 828 3494 auctoritas,
848 3412 905 3476 vel
926 3414 1045 3477 eodeni
1064 3413 1196 3493 silente,
1215 3415 1348 3498 judices
1373 3435 1476 3498 quam

218 3516 348 3581 vellent
358 3519 556 3584 sententiam
568 3519 735 3605 eligerent
748 3526 795 3602 ⁸).
811 3521 985 3606 Hujusque
1001 3521 1204 3606 potissimum
1214 3523 1476 3586 Theodosianae

214 3672 509 3700 ...4-——..-.

286 3753 318 3822 *)
337 3754 398 3806 lmo
415 3769 479 3819 pars
497 3769 590 3806 earum
607 3770 671 3808 oum
689 3755 758 3809 coo.
777 3753 969 3808 Theodosiana
984 3755 1043 3822 jam
1057 3757 1130 3808 aJo.
1143 3755 1276 3810 Siobardo
1289 3757 1379 3810 Bm't.
1392 3761 1474 3810 1528.

215 3845 244 3892 et
256 3855 274 3892 a
287 3840 348 3892 Jao.
361 3839 474 3906 Cujaoio
482 3840 570 3908 Luqd.
583 3843 659 3894 1566.
671 3842 782 3906 vulgata
792 3841 888 3902 tuerat,
900 3837 1001 3906 quibus
1010 3838 1142 3892 Pithoeus
1155 3843 1247 3906 plures
1261 3841 1368 3912 adjecit
1385 3843 1475 3898 Cana.

285 3925 315 3991 s)
332 3924 483 3977 Videantur
497 3921 578 3976 binae
589 3923 763 3978 Constantini
777 3924 842 3990 imp.
854 3923 1061 3976 consb'tutioncs
1072 3941 1088 3976 a
1099 3925 1208 3979 Clossio
1222 3935 1352 3994 repertae,
1364 3927 1392 3980 in
1404 3926 1474 3979 edit.

222 4009 328 4062 Weuer.
346 4015 374 4060 et
388 4008 503 4061 Haeret.
516 4009 548 4060 1..
569 4016 593 4061 1.
612 4015 639 4061 et
655 4013 680 4061 2.
694 4011 745 4061 Th.
764 4010 797 4061 C.
816 4010 847 4062 de
865 4027 936 4077 resp.
951 4010 1124 4078 prudentum,
1143 4010 1306 4078 quibuscum
1322 4014 1357 4066 of.
1375 4014 1408 4066 1..
1421 4029 1474 4066 uu.

215 4111 257 4161 pr.
274 4095 326 4146 Tb.
345 4093 377 4148 C.
396 4093 428 4146 de
445 4101 511 4144 rent.
525 4110 599 4162 pars.
617 4100 646 4144 et
662 4095 695 4146 1..
716 4099 757 4148 1³.
775 4095 848 4148 Just.
868 4093 938 4145 eod.
958 4095 1016 4146 eod.
1034 4095 1124 4148 Miilrl.

283 4179 310 4246 t)
329 4179 361 4230 L.
381 4193 428 4231 uu.
448 4177 492 4246 (in
509 4177 552 4230 ed.
578 4178 684 4232 Weaclr.
702 4179 856 4230 etHacnel.
876 4181 908 4232 1..
927 4181 969 4247 3.)
990 4181 1042 4232 Th.
1061 4180 1093 4232 C.
1113 4180 1145 4231 dr
1163 4199 1234 4250 resp.
1247 4183 1329 4251 prud.
1350 4180 1442 4236 Mittit.

283 4262 318 4329 11)
336 4264 393 4316 Cfr.
411 4265 494 4331 Hngo
512 4265 547 4316 R.
562 4265 595 4316 G.
615 4278 643 4328 p.
664 4267 846 4327 1023-1028
864 4266 908 4317 ed.
928 4265 980 4318 XI.
995 4265 1102 4316 Wenck
1119 4263 1148 4316 in
1166 4268 1251 4332 praet.
1271 4269 1306 4320 ad
1320 4270 1422 4322 volum.
1432 4269 1473 4320 11.

213 4361 307 4414 opusc.
326 4349 465 4402 Haubold.
484 4366 511 4416 p.
522 4347 709 4402 ll—XXIll.
729 4348 835 4402 Puolrta
853 4357 880 4404 et
894 4353 992 4403 Blume
1009 4349 1046 4402 im
1065 4349 1471 4422 111111111110113116.

212 4447 240 4498 p.
262 4437 317 4484 141.
337 4448 379 4501 sq.
398 4439 425 4484 et
447 4433 511 4486 Vol.
531 4434 579 4487 VI.
598 4448 639 4486 nr.
658 4439 683 4484 2.
708 4449 735 4500 p.
754 4439 798 4490 87.
817 4452 860 4503 sq.
885 4435 969 4500 lingo
994 4433 1046 4488 civ.
1070 4435 1146 4503 urg.
1165 4438 1228 4491 Vol.
1248 4438 1298 4490 v1.
1315 4453 1357 4490 ur.
1379 4443 1421 4490 11.
1440 4454 1471 4506 p.

115 4557 127 4578 ,
215 4521 273 4570 176.
291 4533 334 4586 sq.
354 4515 441 4572 notit.
