3130 5148
536 355 883 406 rnooersruns.
1287 345 1332 414 di

83 517 227 578 snemme
242 512 392 594 splendor
407 512 527 576 delems
543 521 600 574 est.
620 509 712 578 Addi
731 514 857 597 poterit
871 513 1019 599 ejusdem
1038 513 1209 580 Ciceronis
1227 521 1337 584 orare

80 643 133 704 pro
147 621 311 684 Muraena
327 641 353 680 c.
369 619 420 682 12.
436 627 470 682 et
488 621 528 682 de
547 619 689 686 oratore
699 621 724 682 1.
738 620 790 684 41.
806 625 852 702 1).
870 622 916 684 Et
929 621 1061 686 videtur
1078 643 1157 709 sane
1176 623 1336 710 antiquis·

83 727 165 790 simis
173 726 385 810 temporibus
392 727 657 812 jurisprudentia
669 727 774 792 veluti
788 728 968 794 traditione
983 730 1126 814 quadam
1141 742 1337 798 conservata

82 834 352 918 interpatricios,
377 855 436 898 usu
457 833 572 918 magis,
597 853 696 921 quam
720 835 941 916 institutione,
963 835 1089 902 addisci
1114 842 1336 908 consuevisse.

84 943 179 1021 Quod
191 964 264 1008 non
280 940 420 1006 difficile
438 940 560 1006 eratin
577 950 671 1006 tenta
682 941 906 1028 Romanarum
920 943 1031 1028 legum
1048 947 1228 1030 paucitate.

657 1123 685 1204 s.
707 1122 758 1186 43.

352 1253 495 1306 Metlodns
512 1255 664 1308 eorumdem
682 1256 1067 1326 tradendijurs'sprudentiuns.

144 1353 292 1435 ‘Primus
304 1379 454 1434 veterum
463 1369 556 1447 ,hunc
572 1372 843 1436 consuetudinem
867 1373 1024 1457 migravit
1034 1373 1190 1438 Tiberius
1206 1375 1336 1442 Coruu-
1398 1437 1402 1442 .

81 1483 201 1563 canius,
227 1480 351 1564 primus
368 1501 387 1540 e
406 1478 506 1562 plebe
531 1477 693 1542 Pontifex
714 1479 890 1560 Maximus,
908 1501 995 1544 anno
1020 1482 1062 1546 V.
1081 1482 1118 1546 C.
1137 1483 1180 1546 D.
1201 1483 1235 1546 ls
1248 1484 1336 1548 enim

75 1588 154 1671 juris
173 1587 415 1672 cognitionem,
435 1608 538 1670 quam
561 1587 619 1650 alii
644 1588 678 1650 in
698 1587 816 1652 latenti
840 1588 1036 1672 habuerant,
1061 1590 1176 1674 paullo
1197 1590 1336 1676 amplius

81 1694 275 1779 divulgavit,
288 1701 323 1756 et
338 1694 541 1782 discentibus
553 1715 588 1758 se
606 1695 686 1762 dare
698 1697 828 1780 coepit:
844 1697 880 1758 IA-
895 1695 924 1758 2.
939 1697 968 1777 §.
980 1695 1031 1760 35.
1049 1699 1087 1758 D.
1105 1698 1144 1760 de
1158 1700 1234 1760 0..1.
1255 1700 1335 1785 Ejus

81 1803 266 1889 exemplum
295 1801 419 1866 deinde
447 1801 577 1888 sequuti
605 1811 679 1866 sunt
707 1801 782 1884 alii,
813 1802 919 1867 veluti
944 1802 984 1880 Q.
1007 1804 1137 1868 Mucius
1160 1805 1334 1890 Scaevola,
1378 1821 1384 1838 '

81 1913 114 1976 G.
126 1911 285 1998 Aquilius
309 1908 437 1991 Gallus,
462 1909 499 2004 Ι...
517 1909 664 1973 Lucilius
679 1909 816 1994 Balbus,
836 1911 873 1975 C.
888 1910 911 1977 J
914 1911 1078 1994 uventius,
1102 1911 1143 1992 Q.
1161 1912 1336 1980 Cornelius

80 2019 252 2099 Maximus,
270 2016 352 2081 etin
370 2016 484 2101 primis
504 2017 637 2081 Servius
661 2017 836 2104 Sulpicius,
860 2041 998 2104 quorum
1023 2041 1066 2083 ex
1083 2021 1231 2105 aedibus,
1252 2031 1359 2088 tam-‘

81 2150 174 2212 quam
191 2148 234 2189 ex
255 2137 344 2210 equo
357 2123 516 2209 Trojano,
535 2147 655 2210 magna
671 2128 1335 2212 praestantissimorumjureconsultorum

81 2235 266 2320 frequentia
274 2233 409 2317 prodiit.
426 2232 533 2310 Quum
548 2255 628 2297 vero
644 2234 678 2296 bi
693 2255 806 2296 omnes
818 2235 1033 2317 amplissimos
1050 2235 1084 2298 in
1096 2235 1176 2298 urbe
1191 2235 1335 2302 honores

81 2343 256 2428 gesserint:
282 2341 382 2406 facile
406 2349 456 2404 est
477 2341 518 2404 ad
542 2341 806 2424 existimandum,
834 2363 891 2404 eos
913 2363 979 2405 non
1004 2339 1132 2405 scholas
1156 2345 1334 2428 aperuisse,

82 2460 134 2514 aut
151 2449 219 2514 levi
240 2449 394 2514 didactro
412 2449 569 2513 invitatos
588 2449 746 2513 subsellia
762 2449 911 2535 posuisse
933 2447 1145 2514 discentibus.
1161 2449 1229 2514 Sed
1246 2449 1335 2515 sole·

81 2559 166 2640 bant,
183 2579 283 2644 quum
304 2557 432 2641 dejure
453 2557 700 2622 consulentibus
716 2557 968 2642 responderent,
994 2557 1168 2622 admittere
1178 2559 1334 2646 juvenes,

81 2668 134 2751 qui
160 2665 332 2746 audirent,
354 2673 575 2752 notarentque
600 2687 774 2751 responsa,
796 2668 1027 2753 rationemque
1054 2666 1210 2732 tradendi
1232 2677 1333 2756 atque

82 2773 319 2859 interpretandi
326 2773 423 2859 juris,
448 2773 601 2858 adeoque
620 2796 684 2838 una
698 2796 801 2859 opera
817 2783 851 2837 et
871 2775 1129 2860 consulentibus,
1149 2787 1184 2841 et
1203 2778 1335 2843 discen·

82 2883 163 2946 tibus
176 2881 380 2947 satisfacere.
401 2881 519 2945 Cicero
540 2883 574 2945 in
595 2884 730 2945 Oratore
746 2883 789 2942 ad
805 2886 899 2945 Brut.
918 2905 944 2944 e.
957 2881 1008 2944 41.
1033 2884 1092 2948 Jus
1111 2889 1198 2948 ciuile
1215 2889 1335 2964 decere,

82 3013 198 3073 seraper
218 2993 368 3076 pulcrum
381 2991 458 3069 sm't,
478 2991 960 3074 bominumqueelerisssinerum
983 2991 1139 3074 debueratis
1148 2997 1334 3070 floruerunt

83 3099 194 3161 dumus.
216 3099 263 3161 Et
276 3099 390 3184 paucis
410 3098 592 3184 interjectis
615 3099 657 3176 (e.
669 3095 758 3179 42.);
776 3099 905 3160 Alteros
918 3101 1140 3178 respondentes
1156 3102 1269 3164 audire
1283 3110 1334 3163 snt

82 3216 155 3281 eret,
174 3215 211 3269 ut
223 3208 254 3280 tt,
269 3211 325 3289 qus·
332 3208 488 3280 docerent,
500 3207 622 3268 nullum
636 3206 696 3266 sibi
708 3205 753 3266 ud
765 3227 834 3267 eam
850 3225 916 3266 rem
929 3212 1051 3288 tempus
1065 3209 1127 3288 apsi
1138 3217 1332 3286 reponerent,

82 3317 133 3375 sed
149 3315 256 3377 eedem
284 3323 467 3396 temperent
492 3313 680 3376 ducentibus
701 3311 937 3390 satisfacerent,
963 3322 993 3375 et
1021 3314 1261 3374 consulentibus.
1281 3313 1334 3377 Ac

82 3421 221 3508 denique
238 3427 272 3484 s’n
292 3424 394 3484 Bruto
409 3443 434 3482 c.
449 3419 498 3484 89.
516 3419 586 3502 Ego
600 3428 714 3492 eutem,
726 3419 814 3500 juris
833 3421 930 3482 ciuilis
944 3421 1056 3498 studio,
1073 3421 1207 3482 multum
1220 3442 1334 3505 operes

80 3531 186 3606 dutum
199 3532 236 3608 Q.
250 3531 429 3602 Scaevolae,
444 3529 483 3590 P.
495 3529 532 3589 1⁴⁷.
547 3531 604 3610 qui
612 3547 799 3610 quemquem
810 3531 929 3588 nemini
939 3549 973 3589 se
986 3527 1031 3590 ed
1043 3529 1214 3591 docendum
1226 3530 1333 3606 dudm,

80 3647 177 3702 tamen
193 3639 428 3701 consulentibus
447 3635 670 3717 respendende,
689 3633 843 3695 studiosos
862 3635 1014 3697 audienda·
1028 3636 1164 3698 docebat.
1185 3637 1242 3719 Ex
1259 3637 1334 3721 qui-

81 3745 134 3808 bus
151 3753 258 3832 patet,
290 3767 347 3808 usu
369 3746 472 3827 magis
495 3750 596 3825 atque
620 3739 879 3822 exercitatione,
897 3763 993 3826 quam
1014 3741 1181 3836 doctrina,
1201 3754 1332 3809 veteres
1411 3829 1415 3838 ,

79 3853 117 3915 ad
130 3861 256 3917 tantam
278 3853 408 3937 dejure
424 3849 649 3935 respondendi
667 3847 858 3912 facultatem
877 3848 1072 3934 adspirasse.

140 4126 173 4192 y)
193 4123 327 4179 Ostendit
345 4118 418 4174 enim
439 4120 549 4187 Cicero,
566 4119 630 4172 ideo
647 4118 676 4173 in
694 4120 787 4174 latenti
810 4121 1027 4175 iurisconsultus
1050 4118 1180 4172 habuisse
1193 4117 1332 4185 jurispru-

78 4207 198 4274 dentiam‚
216 4214 249 4262 ut
266 4191 322 4274 ipsi
340 4206 441 4260 civium
459 4205 539 4259 rebus
557 4206 726 4259 interessent.
744 4207 803 4260 Nec
814 4209 886 4261 enim
904 4203 1095 4260 instituebatur
1113 4203 1192 4266 aetio,
1205 4221 1254 4255 nse
1266 4219 1332 4258 enn-

77 4294 235 4360 trahebatur,
248 4311 301 4347 nec
320 4298 512 4346 testamentum
531 4290 613 4342 flebat
623 4288 682 4342 sinc
696 4292 947 4358 jureconsultorum
960 4288 1083 4342 consiliu.
1102 4287 1210 4342 Arriae.
1225 4289 1330 4343 Disser-

75 4385 128 4429 tatt.
146 4379 261 4448 Epictet.
286 4379 328 4430 ΙΙ.
352 4380 391 4428 ta.
410 4376 464 4430 uic
485 4377 517 4428 de
539 4375 615 4428 Oret.
634 4374 676 4427 II.
691 4379 720 4426 6.
739 4377 818 4429 Hein.
