<?xml version="1.0" encoding="UTF-8"?>
<!DOCTYPE html PUBLIC "-//W3C//DTD XHTML 1.0 Transitional//EN"
    "http://www.w3.org/TR/xhtml1/DTD/xhtml1-transitional.dtd">
<html xmlns="http://www.w3.org/1999/xhtml" xml:lang="en" lang="en">
 <head>
  <title>
</title>
<meta http-equiv="Content-Type" content="text/html;charset=utf-8" />
  <meta name='ocr-system' content='tesseract 3.04.00' />
  <meta name='ocr-capabilities' content='ocr_page ocr_carea ocr_par ocr_line ocrx_word'/>
</head>
<body>
  <div class='ocr_page' id='page_1' title='image "./jogottliebheine00haubgoog_0527.png"; bbox 0 0 3030 5160; ppageno 0'>
   <div class='ocr_carea' id='block_1_1' title="bbox 643 391 1006 652">
    <p class='ocr_par' dir='ltr' id='par_1_1' title="bbox 643 391 1006 652">
     <span class='ocr_line' id='line_1_1' title="bbox 643 391 1006 462; baseline -0.003 0"><span class='ocrx_word' id='word_1_1' title='bbox 643 392 721 462; x_wconf 77' lang='lat' dir='ltr'>Lis.</span> <span class='ocrx_word' id='word_1_2' title='bbox 746 392 810 462; x_wconf 92' lang='lat' dir='ltr'>lll.</span> <span class='ocrx_word' id='word_1_3' title='bbox 836 391 918 462; x_wconf 84' lang='lat' dir='ltr'>Trn.</span> <span class='ocrx_word' id='word_1_4' title='bbox 945 391 1006 461; x_wconf 86' lang='lat' dir='ltr'>IV.</span> 
     </span>
     <span class='ocr_line' id='line_1_2' title="bbox 788 569 870 652; baseline -0.024 -20"><span class='ocrx_word' id='word_1_5' title='bbox 788 569 818 652; x_wconf 75' lang='lat' dir='ltr'>s.</span> <span class='ocrx_word' id='word_1_6' title='bbox 839 569 870 632; x_wconf 79' lang='lat'>7.</span> 
     </span>
    </p>
   </div>
   <div class='ocr_carea' id='block_1_2' title="bbox 201 684 1445 2046">
    <p class='ocr_par' dir='ltr' id='par_1_2' title="bbox 568 684 1037 769">
     <span class='ocr_line' id='line_1_3' title="bbox 568 684 1037 769; baseline 0.002 -32"><span class='ocrx_word' id='word_1_7' title='bbox 568 763 576 769; x_wconf 92' lang='lat'>.</span> <span class='ocrx_word' id='word_1_8' title='bbox 628 687 744 747; x_wconf 72' lang='lat' dir='ltr'>Quium</span> <span class='ocrx_word' id='word_1_9' title='bbox 761 684 889 738; x_wconf 76' lang='lat' dir='ltr'>matribus</span> <span class='ocrx_word' id='word_1_10' title='bbox 903 685 1037 754; x_wconf 75' lang='lat' dir='ltr'>praelati?</span> 
     </span>
    </p>

    <p class='ocr_par' dir='ltr' id='par_1_3' title="bbox 201 790 1445 2046">
     <span class='ocr_line' id='line_1_4' title="bbox 286 790 1443 874; baseline -0.005 -14"><span class='ocrx_word' id='word_1_11' title='bbox 286 797 534 860; x_wconf 82' lang='lat' dir='ltr'>Observandum</span> <span class='ocrx_word' id='word_1_12' title='bbox 562 798 660 861; x_wconf 90' lang='lat' dir='ltr'>etiam</span> <span class='ocrx_word' id='word_1_13' title='bbox 688 804 754 874; x_wconf 90' lang='lat' dir='ltr'>est,</span> <span class='ocrx_word' id='word_1_14' title='bbox 782 796 948 860; x_wconf 80' lang='lat' dir='ltr'>anteferre</span> <span class='ocrx_word' id='word_1_15' title='bbox 974 795 1039 859; x_wconf 89' lang='lat' dir='ltr'>hoc</span> <span class='ocrx_word' id='word_1_16' title='bbox 1064 794 1184 858; x_wconf 88' lang='lat' dir='ltr'>SCtum</span> <span class='ocrx_word' id='word_1_17' title='bbox 1209 793 1306 856; x_wconf 89' lang='lat' dir='ltr'>matri</span> <span class='ocrx_word' id='word_1_18' title='bbox 1330 790 1443 855; x_wconf 84' lang='lat' dir='ltr'>liberos</span> 
     </span>
     <span class='ocr_line' id='line_1_5' title="bbox 204 899 1443 989; baseline -0.007 -19"><span class='ocrx_word' id='word_1_19' title='bbox 204 905 368 988; x_wconf 80' lang='lat' dir='ltr'>defuncti,</span> <span class='ocrx_word' id='word_1_20' title='bbox 385 925 580 989; x_wconf 86' lang='lat' dir='ltr'>omnesque,</span> <span class='ocrx_word' id='word_1_21' title='bbox 597 905 653 988; x_wconf 94' lang='lat' dir='ltr'>qui</span> <span class='ocrx_word' id='word_1_22' title='bbox 672 905 704 968; x_wconf 91' lang='lat' dir='ltr'>ei</span> <span class='ocrx_word' id='word_1_23' title='bbox 717 904 886 984; x_wconf 70' lang='lat' dir='ltr'>¹heredum</span> <span class='ocrx_word' id='word_1_24' title='bbox 910 925 1041 968; x_wconf 90' lang='lat' dir='ltr'>suorum</span> <span class='ocrx_word' id='word_1_25' title='bbox 1064 903 1142 967; x_wconf 92' lang='lat' dir='ltr'>loco</span> <span class='ocrx_word' id='word_1_26' title='bbox 1161 909 1252 984; x_wconf 88' lang='lat' dir='ltr'>sunt,</span> <span class='ocrx_word' id='word_1_27' title='bbox 1274 899 1343 964; x_wconf 92' lang='lat' dir='ltr'>sive</span> <span class='ocrx_word' id='word_1_28' title='bbox 1357 901 1443 984; x_wconf 90' lang='lat' dir='ltr'>primi</span> 
     </span>
     <span class='ocr_line' id='line_1_6' title="bbox 203 1009 1445 1100; baseline -0.006 -23"><span class='ocrx_word' id='word_1_29' title='bbox 203 1013 334 1100; x_wconf 83' lang='lat' dir='ltr'>gradus,</span> <span class='ocrx_word' id='word_1_30' title='bbox 352 1014 421 1077; x_wconf 87' lang='lat' dir='ltr'>sive</span> <span class='ocrx_word' id='word_1_31' title='bbox 441 1012 626 1095; x_wconf 86' lang='lat' dir='ltr'><strong>ulterioris,</strong></span> <span class='ocrx_word' id='word_1_32' title='bbox 647 1013 726 1098; x_wconf 92' lang='lat' dir='ltr'>quin</span> <span class='ocrx_word' id='word_1_33' title='bbox 746 1021 781 1076; x_wconf 89' lang='lat' dir='ltr'>et</span> <span class='ocrx_word' id='word_1_34' title='bbox 801 1013 1034 1098; x_wconf 88' lang='lat' dir='ltr'>emancipatos,</span> <span class='ocrx_word' id='word_1_35' title='bbox 1055 1011 1178 1096; x_wconf 89' lang='lat' dir='ltr'>quippe</span> <span class='ocrx_word' id='word_1_36' title='bbox 1202 1029 1284 1093; x_wconf 91' lang='lat' dir='ltr'>quos</span> <span class='ocrx_word' id='word_1_37' title='bbox 1302 1017 1336 1070; x_wconf 94' lang='lat' dir='ltr'>et</span> <span class='ocrx_word' id='word_1_38' title='bbox 1351 1009 1445 1071; x_wconf 86' lang='lat' dir='ltr'>Prae-</span> 
     </span>
     <span class='ocr_line' id='line_1_7' title="bbox 202 1115 1444 1204; baseline -0.008 -18"><span class='ocrx_word' id='word_1_39' title='bbox 202 1131 257 1186; x_wconf 88' lang='lat' dir='ltr'>tor</span> <span class='ocrx_word' id='word_1_40' title='bbox 274 1131 351 1186; x_wconf 93' lang='lat' dir='ltr'>ante</span> <span class='ocrx_word' id='word_1_41' title='bbox 368 1129 504 1184; x_wconf 88' lang='lat' dir='ltr'>matrem</span> <span class='ocrx_word' id='word_1_42' title='bbox 525 1119 567 1183; x_wconf 84' lang='lat' dir='ltr'>a&#39;d</span> <span class='ocrx_word' id='word_1_43' title='bbox 587 1121 748 1184; x_wconf 86' lang='lat' dir='ltr'>bonorum</span> <span class='ocrx_word' id='word_1_44' title='bbox 767 1121 1008 1204; x_wconf 88' lang='lat' dir='ltr'>possessionem</span> <span class='ocrx_word' id='word_1_45' title='bbox 1026 1119 1177 1183; x_wconf 89' lang='lat' dir='ltr'>vocabat.</span> <span class='ocrx_word' id='word_1_46' title='bbox 1198 1115 1444 1181; x_wconf 87' lang='lat' dir='ltr'>Praeferebatur</span> 
     </span>
     <span class='ocr_line' id='line_1_8' title="bbox 204 1224 1442 1314; baseline -0.006 -21"><span class='ocrx_word' id='word_1_47' title='bbox 204 1229 304 1294; x_wconf 89' lang='lat' dir='ltr'>etiam</span> <span class='ocrx_word' id='word_1_48' title='bbox 332 1237 442 1312; x_wconf 83' lang='lat' dir='ltr'>pater,</span> <span class='ocrx_word' id='word_1_49' title='bbox 472 1228 514 1291; x_wconf 93' lang='lat' dir='ltr'>ad</span> <span class='ocrx_word' id='word_1_50' title='bbox 544 1251 640 1314; x_wconf 85' lang='lat' dir='ltr'>quem</span> <span class='ocrx_word' id='word_1_51' title='bbox 665 1229 735 1313; x_wconf 91' lang='lat' dir='ltr'>ipsa</span> <span class='ocrx_word' id='word_1_52' title='bbox 758 1227 837 1314; x_wconf 85' lang='lat' dir='ltr'>lege</span> <span class='ocrx_word' id='word_1_53' title='bbox 865 1228 1034 1292; x_wconf 83' lang='lat' dir='ltr'><strong>hereditas</strong></span> <span class='ocrx_word' id='word_1_54' title='bbox 1060 1227 1265 1289; x_wconf 87' lang='lat' dir='ltr'>bonorumve</span> <span class='ocrx_word' id='word_1_55' title='bbox 1294 1224 1442 1308; x_wconf 88' lang='lat' dir='ltr'>possessio</span> 
     </span>
     <span class='ocr_line' id='line_1_9' title="bbox 201 1331 1441 1420; baseline -0.007 -19"><span class='ocrx_word' id='word_1_56' title='bbox 201 1337 313 1401; x_wconf 89' lang='lat' dir='ltr'>edicto</span> <span class='ocrx_word' id='word_1_57' title='bbox 335 1337 422 1398; x_wconf 84' lang='lat' dir='ltr'>Unda</span> <span class='ocrx_word' id='word_1_58' title='bbox 443 1338 586 1419; x_wconf 72' lang='lat' dir='ltr'>legitimi,</span> <span class='ocrx_word' id='word_1_59' title='bbox 606 1335 661 1400; x_wconf 94' lang='lat' dir='ltr'>vel</span> <span class='ocrx_word' id='word_1_60' title='bbox 686 1337 775 1398; x_wconf 79' lang='lat' dir='ltr'>Unde</span> <span class='ocrx_word' id='word_1_61' title='bbox 790 1337 893 1398; x_wconf 83' lang='lat' dir='ltr'>decem</span> <span class='ocrx_word' id='word_1_62' title='bbox 908 1355 1065 1417; x_wconf 82' lang='lat' dir='ltr'>personae</span> <span class='ocrx_word' id='word_1_63' title='bbox 1078 1335 1279 1420; x_wconf 85' lang='lat' dir='ltr'>pertinebat.</span> <span class='ocrx_word' id='word_1_64' title='bbox 1300 1331 1441 1415; x_wconf 92' lang='lat' dir='ltr'>Denique</span> 
     </span>
     <span class='ocr_line' id='line_1_10' title="bbox 202 1423 1440 1532; baseline -0.008 -23"><span class='ocrx_word' id='word_1_65' title='bbox 202 1454 237 1509; x_wconf 92' lang='lat' dir='ltr'>et</span> <span class='ocrx_word' id='word_1_66' title='bbox 252 1445 355 1509; x_wconf 88' lang='lat' dir='ltr'>frater</span> <span class='ocrx_word' id='word_1_67' title='bbox 373 1443 612 1526; x_wconf 84' lang='lat' dir='ltr'>consangineus</span> <span class='ocrx_word' id='word_1_68' title='bbox 627 1423 999 1532; x_wconf 42' lang='lat' dir='ltr'>matri&#39;praeferebatun</span> <span class='ocrx_word' id='word_1_69' title='bbox 1016 1443 1095 1528; x_wconf 93' lang='lat' dir='ltr'>quin</span> <span class='ocrx_word' id='word_1_70' title='bbox 1111 1449 1145 1505; x_wconf 91' lang='lat' dir='ltr'>et</span> <span class='ocrx_word' id='word_1_71' title='bbox 1163 1440 1354 1526; x_wconf 89' lang='lat' dir='ltr'>adoptivus:</span> <span class='ocrx_word' id='word_1_72' title='bbox 1370 1442 1402 1502; x_wconf 79' lang='lat' dir='ltr'>L.</span> <span class='ocrx_word' id='word_1_73' title='bbox 1418 1441 1440 1500; x_wconf 94' lang='lat' dir='ltr'>l.</span> 
     </span>
     <span class='ocr_line' id='line_1_11' title="bbox 201 1548 1440 1635; baseline -0.004 -20"><span class='ocrx_word' id='word_1_74' title='bbox 201 1554 233 1634; x_wconf 85' lang='lat'>§.</span> <span class='ocrx_word' id='word_1_75' title='bbox 249 1555 305 1616; x_wconf 82' lang='lat' dir='ltr'>ult.</span> <span class='ocrx_word' id='word_1_76' title='bbox 321 1554 361 1614; x_wconf 88' lang='lat' dir='ltr'>D.</span> <span class='ocrx_word' id='word_1_77' title='bbox 371 1551 416 1613; x_wconf 84' lang='lat' dir='ltr'>de</span> <span class='ocrx_word' id='word_1_78' title='bbox 431 1550 506 1613; x_wconf 76' lang='lat' dir='ltr'>Suis</span> <span class='ocrx_word' id='word_1_79' title='bbox 518 1560 548 1612; x_wconf 86' lang='lat' dir='ltr'>et</span> <span class='ocrx_word' id='word_1_80' title='bbox 562 1553 647 1633; x_wconf 77' lang='lat' dir='ltr'>legit.</span> <span class='ocrx_word' id='word_1_81' title='bbox 663 1553 765 1614; x_wconf 76' lang='lat' dir='ltr'>bared.</span> <span class='ocrx_word' id='word_1_82' title='bbox 784 1552 887 1614; x_wconf 88' lang='lat' dir='ltr'>Soror</span> <span class='ocrx_word' id='word_1_83' title='bbox 899 1572 981 1614; x_wconf 93' lang='lat' dir='ltr'>vero</span> <span class='ocrx_word' id='word_1_84' title='bbox 997 1551 1241 1635; x_wconf 87' lang='lat' dir='ltr'>consanguinea</span> <span class='ocrx_word' id='word_1_85' title='bbox 1256 1571 1324 1612; x_wconf 94' lang='lat' dir='ltr'>non</span> <span class='ocrx_word' id='word_1_86' title='bbox 1343 1548 1440 1610; x_wconf 81' lang='lat' dir='ltr'>exclu-</span> 
     </span>
     <span class='ocr_line' id='line_1_12' title="bbox 204 1655 1437 1741; baseline -0.004 -18"><span class='ocrx_word' id='word_1_87' title='bbox 204 1659 306 1724; x_wconf 83' lang='lat' dir='ltr'>debat</span> <span class='ocrx_word' id='word_1_88' title='bbox 326 1655 481 1740; x_wconf 82' lang='lat' dir='ltr'>matrem,</span> <span class='ocrx_word' id='word_1_89' title='bbox 502 1659 561 1721; x_wconf 89' lang='lat' dir='ltr'>sed</span> <span class='ocrx_word' id='word_1_90' title='bbox 581 1658 676 1722; x_wconf 88' lang='lat' dir='ltr'>simul</span> <span class='ocrx_word' id='word_1_91' title='bbox 702 1679 774 1721; x_wconf 92' lang='lat' dir='ltr'>cum</span> <span class='ocrx_word' id='word_1_92' title='bbox 795 1679 835 1722; x_wconf 89' lang='lat' dir='ltr'>ea</span> <span class='ocrx_word' id='word_1_93' title='bbox 856 1658 969 1722; x_wconf 87' lang='lat' dir='ltr'>adibat</span> <span class='ocrx_word' id='word_1_94' title='bbox 990 1658 1210 1722; x_wconf 84' lang='lat' dir='ltr'>hereditatem</span> <span class='ocrx_word' id='word_1_95' title='bbox 1228 1678 1290 1741; x_wconf 89' lang='lat' dir='ltr'>pro</span> <span class='ocrx_word' id='word_1_96' title='bbox 1311 1657 1437 1735; x_wconf 85' lang='lat' dir='ltr'>dimidia,</span> 
     </span>
     <span class='ocr_line' id='line_1_13' title="bbox 206 1765 1437 1850; baseline -0.005 -20"><span class='ocrx_word' id='word_1_97' title='bbox 206 1768 233 1830; x_wconf 90' lang='lat' dir='ltr'>si</span> <span class='ocrx_word' id='word_1_98' title='bbox 248 1767 318 1830; x_wconf 90' lang='lat' dir='ltr'>filia</span> <span class='ocrx_word' id='word_1_99' title='bbox 333 1765 543 1831; x_wconf 87' lang='lat' dir='ltr'>decessisset:</span> <span class='ocrx_word' id='word_1_100' title='bbox 558 1774 603 1848; x_wconf 86' lang='lat' dir='ltr'>at,</span> <span class='ocrx_word' id='word_1_101' title='bbox 620 1767 647 1830; x_wconf 90' lang='lat' dir='ltr'>si</span> <span class='ocrx_word' id='word_1_102' title='bbox 662 1765 759 1848; x_wconf 88' lang='lat' dir='ltr'>filius,</span> <span class='ocrx_word' id='word_1_103' title='bbox 775 1788 836 1850; x_wconf 86' lang='lat' dir='ltr'>pro</span> <span class='ocrx_word' id='word_1_104' title='bbox 851 1766 954 1832; x_wconf 81' lang='lat' dir='ltr'>virili:</span> <span class='ocrx_word' id='word_1_105' title='bbox 969 1768 1005 1828; x_wconf 85' lang='lat' dir='ltr'>L.</span> <span class='ocrx_word' id='word_1_106' title='bbox 1014 1767 1045 1830; x_wconf 79' lang='lat'>2.</span> <span class='ocrx_word' id='word_1_107' title='bbox 1059 1768 1092 1830; x_wconf 81' lang='lat' dir='ltr'>O.</span> <span class='ocrx_word' id='word_1_108' title='bbox 1107 1767 1218 1830; x_wconf 75' lang='lat' dir='ltr'>Ibeod.</span> <span class='ocrx_word' id='word_1_109' title='bbox 1233 1767 1273 1828; x_wconf 83' lang='lat' dir='ltr'>de</span> <span class='ocrx_word' id='word_1_110' title='bbox 1289 1765 1354 1826; x_wconf 82' lang='lat' dir='ltr'>Sec.</span> <span class='ocrx_word' id='word_1_111' title='bbox 1368 1772 1437 1845; x_wconf 67' lang='grc' dir='ltr'><strong>πυρί.</strong></span> 
     </span>
     <span class='ocr_line' id='line_1_14' title="bbox 204 1873 1438 1961; baseline -0.007 -22"><span class='ocrx_word' id='word_1_112' title='bbox 204 1873 300 1952; x_wconf 87' lang='lat' dir='ltr'>Quae</span> <span class='ocrx_word' id='word_1_113' title='bbox 316 1875 428 1938; x_wconf 90' lang='lat' dir='ltr'>omnia</span> <span class='ocrx_word' id='word_1_114' title='bbox 448 1873 606 1958; x_wconf 86' lang='lat' dir='ltr'>breviter,</span> <span class='ocrx_word' id='word_1_115' title='bbox 628 1881 662 1938; x_wconf 83' lang='lat' dir='ltr'>at</span> <span class='ocrx_word' id='word_1_116' title='bbox 682 1874 856 1960; x_wconf 79' lang='lat' dir='ltr'>adcurate,</span> <span class='ocrx_word' id='word_1_117' title='bbox 872 1875 1064 1961; x_wconf 85' lang='lat' dir='ltr'>complexus</span> <span class='ocrx_word' id='word_1_118' title='bbox 1084 1883 1135 1938; x_wconf 88' lang='lat' dir='ltr'>est</span> <span class='ocrx_word' id='word_1_119' title='bbox 1146 1873 1315 1958; x_wconf 86' lang='lat' dir='ltr'>Ulpianus</span> <span class='ocrx_word' id='word_1_120' title='bbox 1329 1874 1438 1952; x_wconf 77' lang='lat' dir='ltr'>Fragm.</span> 
     </span>
     <span class='ocr_line' id='line_1_15' title="bbox 205 1982 373 2046; baseline -0.006 -2"><span class='ocrx_word' id='word_1_121' title='bbox 205 1983 328 2046; x_wconf 84' lang='lat' dir='ltr'><em>XXVI.</em></span> <span class='ocrx_word' id='word_1_122' title='bbox 343 1982 373 2044; x_wconf 86' lang='grc'>8.</span> 
     </span>
    </p>
   </div>
   <div class='ocr_carea' id='block_1_3' title="bbox 788 2115 869 2198">
    <p class='ocr_par' dir='ltr' id='par_1_4' title="bbox 788 2115 869 2198">
     <span class='ocr_line' id='line_1_16' title="bbox 788 2115 869 2198; baseline -0.012 -19"><span class='ocrx_word' id='word_1_123' title='bbox 788 2118 816 2198; x_wconf 74' lang='lat'>5.</span> <span class='ocrx_word' id='word_1_124' title='bbox 838 2115 869 2179; x_wconf 87' lang='lat' dir='ltr'>s.</span> 
     </span>
    </p>
   </div>
   <div class='ocr_carea' id='block_1_4' title="bbox 204 2232 1440 2734">
    <p class='ocr_par' dir='ltr' id='par_1_5' title="bbox 204 2232 1440 2734">
     <span class='ocr_line' id='line_1_17' title="bbox 599 2232 1062 2303; baseline -0.004 -17"><span class='ocrx_word' id='word_1_125' title='bbox 599 2232 761 2288; x_wconf 77' lang='lat' dir='ltr'>Mutationsa</span> <span class='ocrx_word' id='word_1_126' title='bbox 769 2233 837 2303; x_wconf 77' lang='lat' dir='ltr'>jure</span> <span class='ocrx_word' id='word_1_127' title='bbox 854 2249 921 2286; x_wconf 78' lang='lat' dir='ltr'>novo</span> <span class='ocrx_word' id='word_1_128' title='bbox 938 2234 1062 2286; x_wconf 60' lang='lat' dir='ltr'>mactae.</span> 
     </span>
     <span class='ocr_line' id='line_1_18' title="bbox 215 2328 1440 2414; baseline 0.001 -23"><span class='ocrx_word' id='word_1_129' title='bbox 215 2377 221 2386; x_wconf 80' lang='grc'><strong><em>,</em></strong></span> <span class='ocrx_word' id='word_1_130' title='bbox 288 2328 356 2392; x_wconf 87' lang='lat' dir='ltr'>Sed</span> <span class='ocrx_word' id='word_1_131' title='bbox 370 2328 454 2396; x_wconf 87' lang='lat' dir='ltr'>haec</span> <span class='ocrx_word' id='word_1_132' title='bbox 468 2335 579 2398; x_wconf 89' lang='lat' dir='ltr'>omnia</span> <span class='ocrx_word' id='word_1_133' title='bbox 593 2355 652 2398; x_wconf 90' lang='lat' dir='ltr'>suo</span> <span class='ocrx_word' id='word_1_134' title='bbox 667 2355 759 2397; x_wconf 91' lang='lat' dir='ltr'>more</span> <span class='ocrx_word' id='word_1_135' title='bbox 774 2334 959 2398; x_wconf 89' lang='lat' dir='ltr'>immutavit</span> <span class='ocrx_word' id='word_1_136' title='bbox 972 2329 1187 2398; x_wconf 85' lang='lat' dir='ltr'>Justinianus.</span> <span class='ocrx_word' id='word_1_137' title='bbox 1208 2330 1294 2394; x_wconf 90' lang='lat' dir='ltr'>Nam</span> <span class='ocrx_word' id='word_1_138' title='bbox 1310 2337 1440 2414; x_wconf 84' lang='lat' dir='ltr'>praeter·</span> 
     </span>
     <span class='ocr_line' id='line_1_19' title="bbox 205 2437 1440 2528; baseline -0.003 -28"><span class='ocrx_word' id='word_1_139' title='bbox 205 2458 302 2522; x_wconf 91' lang='lat' dir='ltr'>quam</span> <span class='ocrx_word' id='word_1_140' title='bbox 315 2438 406 2522; x_wconf 90' lang='lat' dir='ltr'>quod</span> <span class='ocrx_word' id='word_1_141' title='bbox 420 2439 517 2504; x_wconf 91' lang='lat' dir='ltr'>trium</span> <span class='ocrx_word' id='word_1_142' title='bbox 533 2451 717 2525; x_wconf 85' lang='lat' dir='ltr'>quatuorve</span> <span class='ocrx_word' id='word_1_143' title='bbox 732 2442 913 2506; x_wconf 88' lang='lat' dir='ltr'>liberorum</span> <span class='ocrx_word' id='word_1_144' title='bbox 922 2444 977 2528; x_wconf 88' lang='lat' dir='ltr'>jus</span> <span class='ocrx_word' id='word_1_145' title='bbox 992 2440 1100 2504; x_wconf 90' lang='lat' dir='ltr'>noluit</span> <span class='ocrx_word' id='word_1_146' title='bbox 1114 2438 1255 2522; x_wconf 89' lang='lat' dir='ltr'>amplius</span> <span class='ocrx_word' id='word_1_147' title='bbox 1270 2461 1291 2502; x_wconf 87' lang='lat' dir='ltr'>a</span> <span class='ocrx_word' id='word_1_148' title='bbox 1303 2437 1440 2502; x_wconf 84' lang='lat' dir='ltr'>matribus</span> 
     </span>
     <span class='ocr_line' id='line_1_20' title="bbox 204 2544 1440 2633; baseline -0.005 -25"><span class='ocrx_word' id='word_1_149' title='bbox 204 2544 401 2627; x_wconf 86' lang='lat' dir='ltr'>desiderari,</span> <span class='ocrx_word' id='word_1_150' title='bbox 417 2545 535 2610; x_wconf 86' lang='lat' dir='ltr'>fratres</span> <span class='ocrx_word' id='word_1_151' title='bbox 552 2549 650 2612; x_wconf 90' lang='lat' dir='ltr'>etiam</span> <span class='ocrx_word' id='word_1_152' title='bbox 667 2558 732 2612; x_wconf 87' lang='lat' dir='ltr'>tam</span> <span class='ocrx_word' id='word_1_153' title='bbox 751 2549 1029 2633; x_wconf 83' lang='lat' dir='ltr'>consanguineos,</span> <span class='ocrx_word' id='word_1_154' title='bbox 1047 2567 1143 2631; x_wconf 90' lang='lat' dir='ltr'>quam</span> <span class='ocrx_word' id='word_1_155' title='bbox 1159 2545 1324 2625; x_wconf 80' lang='lat' dir='ltr'>uterinos,</span> <span class='ocrx_word' id='word_1_156' title='bbox 1339 2551 1440 2604; x_wconf 84' lang='lat' dir='ltr'>matres</span> 
     </span>
     <span class='ocr_line' id='line_1_21' title="bbox 206 2647 1437 2734; baseline -0.004 -19"><span class='ocrx_word' id='word_1_157' title='bbox 206 2651 386 2715; x_wconf 87' lang='lat' dir='ltr'>excludere</span> <span class='ocrx_word' id='word_1_158' title='bbox 402 2654 507 2716; x_wconf 90' lang='lat' dir='ltr'>vetuit</span> <span class='ocrx_word' id='word_1_159' title='bbox 521 2655 601 2716; x_wconf 82' lang='lat' dir='ltr'>Nou.</span> <span class='ocrx_word' id='word_1_160' title='bbox 621 2655 770 2717; x_wconf 82' lang='lat' dir='ltr'><em>CXVIII.</em></span> <span class='ocrx_word' id='word_1_161' title='bbox 784 2657 814 2719; x_wconf 76' lang='lat'>2.</span> <span class='ocrx_word' id='word_1_162' title='bbox 837 2655 934 2734; x_wconf 88' lang='lat' dir='ltr'>Quae</span> <span class='ocrx_word' id='word_1_163' title='bbox 950 2656 1061 2718; x_wconf 89' lang='lat' dir='ltr'>omnia</span> <span class='ocrx_word' id='word_1_164' title='bbox 1077 2676 1096 2717; x_wconf 87' lang='lat' dir='ltr'>a</span> <span class='ocrx_word' id='word_1_165' title='bbox 1112 2650 1304 2716; x_wconf 86' lang='lat' dir='ltr'>doctoribus</span> <span class='ocrx_word' id='word_1_166' title='bbox 1327 2647 1437 2712; x_wconf 84' lang='lat' dir='ltr'>uberius</span> 
     </span>
    </p>
   </div>
   <div class='ocr_carea' id='block_1_5' title="bbox 204 2758 1293 2848">
    <p class='ocr_par' dir='ltr' id='par_1_6' title="bbox 204 2758 1293 2848">
     <span class='ocr_line' id='line_1_22' title="bbox 204 2758 1293 2848; baseline -0.004 -24"><span class='ocrx_word' id='word_1_167' title='bbox 204 2758 349 2829; x_wconf 84' lang='lat' dir='ltr'>adhunc</span> <span class='ocrx_word' id='word_1_168' title='bbox 364 2759 494 2824; x_wconf 92' lang='lat' dir='ltr'>titulum</span> <span class='ocrx_word' id='word_1_169' title='bbox 510 2761 679 2848; x_wconf 90' lang='lat' dir='ltr'>ipsamque</span> <span class='ocrx_word' id='word_1_170' title='bbox 694 2762 872 2828; x_wconf 88' lang='lat' dir='ltr'>Novellam</span> <span class='ocrx_word' id='word_1_171' title='bbox 887 2763 981 2828; x_wconf 89' lang='lat' dir='ltr'>istam</span> <span class='ocrx_word' id='word_1_172' title='bbox 997 2763 1106 2828; x_wconf 90' lang='lat' dir='ltr'>solent</span> <span class='ocrx_word' id='word_1_173' title='bbox 1122 2758 1293 2845; x_wconf 88' lang='lat' dir='ltr'>explicari.</span> 
     </span>
    </p>
   </div>
   <div class='ocr_carea' id='block_1_6' title="bbox 645 3129 1015 3196">
    <p class='ocr_par' dir='ltr' id='par_1_7' title="bbox 645 3129 1015 3196">
     <span class='ocr_line' id='line_1_23' title="bbox 645 3129 1015 3196; baseline -0.005 -2"><span class='ocrx_word' id='word_1_174' title='bbox 645 3129 731 3194; x_wconf 85' lang='lat' dir='ltr'>LIB.</span> <span class='ocrx_word' id='word_1_175' title='bbox 753 3131 817 3195; x_wconf 90' lang='grc' dir='ltr'>ΠΙ.</span> <span class='ocrx_word' id='word_1_176' title='bbox 840 3131 932 3196; x_wconf 88' lang='grc' dir='ltr'><strong>ΤΙΤ.</strong></span> <span class='ocrx_word' id='word_1_177' title='bbox 953 3129 1015 3196; x_wconf 91' lang='lat' dir='ltr'>IV.</span> 
     </span>
    </p>
   </div>
   <div class='ocr_carea' id='block_1_7' title="bbox 816 3300 852 3338">
    <p class='ocr_par' dir='ltr' id='par_1_8' title="bbox 816 3300 852 3338">
     <span class='ocr_line' id='line_1_24' title="bbox 816 3300 852 3338; baseline 0 0"><span class='ocrx_word' id='word_1_178' title='bbox 816 3300 852 3338; x_wconf 80' lang='lat' dir='ltr'>DE</span> 
     </span>
    </p>
   </div>
   <div class='ocr_carea' id='block_1_8' title="bbox 577 3415 1082 3492">
    <p class='ocr_par' dir='ltr' id='par_1_9' title="bbox 577 3415 1082 3492">
     <span class='ocr_line' id='line_1_25' title="bbox 577 3415 1082 3492; baseline 0.002 -2"><span class='ocrx_word' id='word_1_179' title='bbox 577 3415 709 3491; x_wconf 82' lang='lat' dir='ltr'><strong>SGTO</strong></span> <span class='ocrx_word' id='word_1_180' title='bbox 735 3416 1082 3492; x_wconf 80' lang='grc' dir='ltr'><strong>ΟΒΡΗΙΤΙΑΝΟ.</strong></span> 
     </span>
    </p>
   </div>
   <div class='ocr_carea' id='block_1_9' title="bbox 207 3597 1441 3899">
    <p class='ocr_par' dir='ltr' id='par_1_10' title="bbox 207 3597 1441 3899">
     <span class='ocr_line' id='line_1_26' title="bbox 289 3597 1439 3688; baseline 0.003 -28"><span class='ocrx_word' id='word_1_181' title='bbox 289 3597 573 3676; x_wconf 85' lang='lat' dir='ltr'>Quemadmodum</span> <span class='ocrx_word' id='word_1_182' title='bbox 596 3601 752 3667; x_wconf 88' lang='lat' dir='ltr'>matribus</span> <span class='ocrx_word' id='word_1_183' title='bbox 780 3603 963 3668; x_wconf 90' lang='lat' dir='ltr'>consultum</span> <span class='ocrx_word' id='word_1_184' title='bbox 992 3603 1101 3669; x_wconf 87' lang='lat' dir='ltr'>fuerat</span> <span class='ocrx_word' id='word_1_185' title='bbox 1123 3603 1213 3688; x_wconf 80' lang='lat' dir='ltr'>SCto</span> <span class='ocrx_word' id='word_1_186' title='bbox 1236 3601 1439 3682; x_wconf 75' lang='lat' dir='ltr'>Tertulliano,</span> 
     </span>
     <span class='ocr_line' id='line_1_27' title="bbox 208 3705 1441 3778; baseline 0.003 -10"><span class='ocrx_word' id='word_1_187' title='bbox 208 3705 255 3770; x_wconf 88' lang='lat' dir='ltr'>ita</span> <span class='ocrx_word' id='word_1_188' title='bbox 269 3705 368 3772; x_wconf 87' lang='lat' dir='ltr'>liberi</span> <span class='ocrx_word' id='word_1_189' title='bbox 384 3707 425 3770; x_wconf 89' lang='lat' dir='ltr'>ad</span> <span class='ocrx_word' id='word_1_190' title='bbox 449 3707 685 3774; x_wconf 87' lang='lat' dir='ltr'>successionem</span> <span class='ocrx_word' id='word_1_191' title='bbox 709 3712 742 3775; x_wconf 96' lang='lat' dir='ltr'>in</span> <span class='ocrx_word' id='word_1_192' title='bbox 764 3711 860 3776; x_wconf 91' lang='lat' dir='ltr'>bonis</span> <span class='ocrx_word' id='word_1_193' title='bbox 882 3713 1038 3776; x_wconf 85' lang='lat' dir='ltr'>maternis</span> <span class='ocrx_word' id='word_1_194' title='bbox 1052 3720 1213 3778; x_wconf 87' lang='lat' dir='ltr'>vocantur</span> <span class='ocrx_word' id='word_1_195' title='bbox 1231 3711 1324 3776; x_wconf 87' lang='lat' dir='ltr'>scto</span> <span class='ocrx_word' id='word_1_196' title='bbox 1341 3727 1441 3777; x_wconf 77' lang='lat' dir='ltr'>ossus·</span> 
     </span>
     <span class='ocr_line' id='line_1_28' title="bbox 207 3815 955 3899; baseline 0.008 -23"><span class='ocrx_word' id='word_1_197' title='bbox 207 3830 312 3878; x_wconf 81' lang='lat' dir='ltr'>&#39;1&#39;1ANO</span> <span class='ocrx_word' id='word_1_198' title='bbox 327 3819 372 3897; x_wconf 75' lang='lat'>⁸),</span> <span class='ocrx_word' id='word_1_199' title='bbox 388 3815 430 3878; x_wconf 96' lang='lat' dir='ltr'>de</span> <span class='ocrx_word' id='word_1_200' title='bbox 447 3838 514 3899; x_wconf 91' lang='lat' dir='ltr'>quo</span> <span class='ocrx_word' id='word_1_201' title='bbox 529 3815 593 3880; x_wconf 91' lang='lat' dir='ltr'>hoc</span> <span class='ocrx_word' id='word_1_202' title='bbox 607 3819 706 3882; x_wconf 91' lang='lat' dir='ltr'>titulo</span> <span class='ocrx_word' id='word_1_203' title='bbox 722 3819 955 3884; x_wconf 87' lang='lat' dir='ltr'>disserendum.</span> 
     </span>
    </p>
   </div>
   <div class='ocr_carea' id='block_1_10' title="bbox 203 4060 1444 4470">
    <p class='ocr_par' dir='ltr' id='par_1_11' title="bbox 203 4060 1444 4470">
     <span class='ocr_line' id='line_1_29' title="bbox 274 4060 1444 4134; baseline 0.005 -24"><span class='ocrx_word' id='word_1_204' title='bbox 274 4060 305 4126; x_wconf 86' lang='lat' dir='ltr'>a)</span> <span class='ocrx_word' id='word_1_205' title='bbox 325 4062 445 4114; x_wconf 84' lang='lat' dir='ltr'>Alterius</span> <span class='ocrx_word' id='word_1_206' title='bbox 464 4063 529 4116; x_wconf 85' lang='lat' dir='ltr'>Scti</span> <span class='ocrx_word' id='word_1_207' title='bbox 542 4065 703 4129; x_wconf 85' lang='lat' dir='ltr'>Orphitiani,</span> <span class='ocrx_word' id='word_1_208' title='bbox 722 4068 797 4134; x_wconf 91' lang='lat' dir='ltr'>quod</span> <span class='ocrx_word' id='word_1_209' title='bbox 814 4067 849 4118; x_wconf 85' lang='lat' dir='ltr'>ad</span> <span class='ocrx_word' id='word_1_210' title='bbox 863 4066 1090 4119; x_wconf 87' lang='lat' dir='ltr'>manumissiones</span> <span class='ocrx_word' id='word_1_211' title='bbox 1102 4064 1241 4131; x_wconf 76' lang='lat' dir='ltr'>pertinuit,</span> <span class='ocrx_word' id='word_1_212' title='bbox 1254 4067 1378 4120; x_wconf 84' lang='lat' dir='ltr'>meminit</span> <span class='ocrx_word' id='word_1_213' title='bbox 1384 4069 1444 4118; x_wconf 79' lang='lat' dir='ltr'>Pau·</span> 
     </span>
     <span class='ocr_line' id='line_1_30' title="bbox 205 4145 1442 4220; baseline 0.003 -24"><span class='ocrx_word' id='word_1_214' title='bbox 205 4145 248 4198; x_wconf 88' lang='lat' dir='ltr'>lus</span> <span class='ocrx_word' id='word_1_215' title='bbox 269 4145 395 4199; x_wconf 78' lang='lat' dir='ltr'>Senteatt.</span> <span class='ocrx_word' id='word_1_216' title='bbox 414 4147 534 4216; x_wconf 70' lang='lat' dir='ltr'>Recepta</span> <span class='ocrx_word' id='word_1_217' title='bbox 546 4149 566 4201; x_wconf 96' lang='grc' dir='ltr'><em>Ι</em></span> <span class='ocrx_word' id='word_1_218' title='bbox 571 4150 597 4202; x_wconf 85' lang='lat' dir='ltr'>V.</span> <span class='ocrx_word' id='word_1_219' title='bbox 608 4147 662 4204; x_wconf 60' lang='lat'>¹14:</span> <span class='ocrx_word' id='word_1_220' title='bbox 679 4157 701 4204; x_wconf 92' lang='lat'>1.</span> <span class='ocrx_word' id='word_1_221' title='bbox 721 4153 794 4220; x_wconf 89' lang='lat' dir='ltr'>quod</span> <span class='ocrx_word' id='word_1_222' title='bbox 812 4152 884 4204; x_wconf 89' lang='lat' dir='ltr'>idem</span> <span class='ocrx_word' id='word_1_223' title='bbox 907 4167 967 4204; x_wconf 85' lang='lat' dir='ltr'>esse</span> <span class='ocrx_word' id='word_1_224' title='bbox 985 4165 1046 4202; x_wconf 88' lang='lat' dir='ltr'>cum</span> <span class='ocrx_word' id='word_1_225' title='bbox 1070 4151 1123 4202; x_wconf 88' lang='lat' dir='ltr'>hoc</span> <span class='ocrx_word' id='word_1_226' title='bbox 1140 4155 1219 4216; x_wconf 88' lang='lat' dir='ltr'>putat</span> <span class='ocrx_word' id='word_1_227' title='bbox 1233 4152 1307 4206; x_wconf 79' lang='lat' dir='ltr'>uuit.</span> <span class='ocrx_word' id='word_1_228' title='bbox 1326 4151 1442 4206; x_wconf 83' lang='lat' dir='ltr'>Raochin.</span> 
     </span>
     <span class='ocr_line' id='line_1_31' title="bbox 205 4229 1443 4305; baseline 0.009 -25"><span class='ocrx_word' id='word_1_229' title='bbox 205 4229 236 4280; x_wconf 75' lang='lat' dir='ltr'>ds</span> <span class='ocrx_word' id='word_1_230' title='bbox 254 4247 364 4282; x_wconf 73' lang='lat' dir='ltr'>moesos.</span> <span class='ocrx_word' id='word_1_231' title='bbox 384 4229 416 4284; x_wconf 82' lang='lat' dir='ltr'>ab</span> <span class='ocrx_word' id='word_1_232' title='bbox 434 4233 517 4287; x_wconf 67' lang='lat' dir='ltr'>latest.</span> <span class='ocrx_word' id='word_1_233' title='bbox 543 4235 564 4302; x_wconf 59' lang='grc' dir='ltr'>ᾗ.</span> <span class='ocrx_word' id='word_1_234' title='bbox 583 4240 608 4288; x_wconf 79' lang='lat'>5.</span> <span class='ocrx_word' id='word_1_235' title='bbox 620 4240 645 4288; x_wconf 84' lang='lat'>2.</span> <span class='ocrx_word' id='word_1_236' title='bbox 664 4237 800 4290; x_wconf 85' lang='lat' dir='ltr'>diversum</span> <span class='ocrx_word' id='word_1_237' title='bbox 824 4245 842 4288; x_wconf 74' lang='lat' dir='ltr'>u¹</span> <span class='ocrx_word' id='word_1_238' title='bbox 859 4243 954 4290; x_wconf 79' lang='lat' dir='ltr'>rrostro</span> <span class='ocrx_word' id='word_1_239' title='bbox 977 4237 1080 4288; x_wconf 87' lang='lat' dir='ltr'>mavult</span> <span class='ocrx_word' id='word_1_240' title='bbox 1098 4237 1284 4303; x_wconf 73' lang='lat' dir='ltr'>Schultingius</span> <span class='ocrx_word' id='word_1_241' title='bbox 1303 4234 1443 4305; x_wconf 73' lang='lat' dir='ltr'>Jun&#39;apnd</span> 
     </span>
     <span class='ocr_line' id='line_1_32' title="bbox 203 4313 1443 4390; baseline 0.019 -24"><span class='ocrx_word' id='word_1_242' title='bbox 203 4313 337 4382; x_wconf 76' lang='lat' dir='ltr'>Antsjust.</span> <span class='ocrx_word' id='word_1_243' title='bbox 353 4332 380 4382; x_wconf 83' lang='lat' dir='ltr'>p.</span> <span class='ocrx_word' id='word_1_244' title='bbox 398 4321 457 4370; x_wconf 79' lang='lat'><strong>427.</strong></span> <span class='ocrx_word' id='word_1_245' title='bbox 475 4317 554 4383; x_wconf 88' lang='lat' dir='ltr'>cujus</span> <span class='ocrx_word' id='word_1_246' title='bbox 573 4320 706 4372; x_wconf 83' lang='lat' dir='ltr'>sententia</span> <span class='ocrx_word' id='word_1_247' title='bbox 722 4321 831 4376; x_wconf 88' lang='lat' dir='ltr'>videtur</span> <span class='ocrx_word' id='word_1_248' title='bbox 848 4322 1059 4385; x_wconf 80' lang='lat' dir='ltr'>verosimillima,</span> <span class='ocrx_word' id='word_1_249' title='bbox 1078 4321 1143 4389; x_wconf 88' lang='lat' dir='ltr'>quia</span> <span class='ocrx_word' id='word_1_250' title='bbox 1162 4321 1209 4374; x_wconf 82' lang='lat' dir='ltr'>vix</span> <span class='ocrx_word' id='word_1_251' title='bbox 1225 4321 1370 4390; x_wconf 68' lang='lat' dir='ltr'>intelligas,</span> <span class='ocrx_word' id='word_1_252' title='bbox 1389 4319 1443 4388; x_wconf 85' lang='lat' dir='ltr'>quid</span> 
     </span>
     <span class='ocr_line' id='line_1_33' title="bbox 204 4393 1443 4470; baseline 0.007 -22"><span class='ocrx_word' id='word_1_253' title='bbox 204 4413 348 4452; x_wconf 87' lang='lat' dir='ltr'>commune</span> <span class='ocrx_word' id='word_1_254' title='bbox 356 4399 425 4453; x_wconf 78' lang='lat' dir='ltr'>inter</span> <span class='ocrx_word' id='word_1_255' title='bbox 433 4417 463 4456; x_wconf 84' lang='lat' dir='ltr'>se</span> <span class='ocrx_word' id='word_1_256' title='bbox 471 4403 569 4458; x_wconf 82' lang='lat' dir='ltr'>habeat</span> <span class='ocrx_word' id='word_1_257' title='bbox 578 4393 756 4460; x_wconf 75' lang='lat' dir='ltr'>manumissio</span> <span class='ocrx_word' id='word_1_258' title='bbox 765 4413 792 4460; x_wconf 88' lang='lat' dir='ltr'>et</span> <span class='ocrx_word' id='word_1_259' title='bbox 800 4407 938 4462; x_wconf 81' lang='lat' dir='ltr'>successio</span> <span class='ocrx_word' id='word_1_260' title='bbox 947 4406 1096 4462; x_wconf 85' lang='lat' dir='ltr'>liberorum</span> <span class='ocrx_word' id='word_1_261' title='bbox 1103 4407 1131 4470; x_wconf 78' lang='lat' dir='ltr'>in</span> <span class='ocrx_word' id='word_1_262' title='bbox 1140 4406 1220 4460; x_wconf 78' lang='lat' dir='ltr'>bonis</span> <span class='ocrx_word' id='word_1_263' title='bbox 1230 4406 1369 4460; x_wconf 70' lang='lat' dir='ltr'>memsuis</span> <span class='ocrx_word' id='word_1_264' title='bbox 1376 4405 1443 4458; x_wconf 71' lang='lat' dir='ltr'>Heus</span> 
     </span>
    </p>
   </div>
   <div class='ocr_carea' id='block_1_11' title="bbox 204 4482 1442 4638">
    <p class='ocr_par' dir='ltr' id='par_1_12' title="bbox 204 4482 1442 4638">
     <span class='ocr_line' id='line_1_34' title="bbox 205 4482 1442 4625; baseline 0.005 -90"><span class='ocrx_word' id='word_1_265' title='bbox 205 4482 286 4536; x_wconf 89' lang='lat' dir='ltr'>lllum</span> <span class='ocrx_word' id='word_1_266' title='bbox 303 4485 393 4624; x_wconf 53' lang='lat'>10231911</span> <span class='ocrx_word' id='word_1_267' title='bbox 411 4487 493 4625; x_wconf 52' lang='lat' dir='ltr'>{auli</span> <span class='ocrx_word' id='word_1_268' title='bbox 510 4491 636 4544; x_wconf 83' lang='lat' dir='ltr'>emendet</span> <span class='ocrx_word' id='word_1_269' title='bbox 654 4492 820 4547; x_wconf 82' lang='lat' dir='ltr'>Athanasius</span> <span class='ocrx_word' id='word_1_270' title='bbox 839 4496 944 4561; x_wconf 81' lang='lat' dir='ltr'>Oteyza</span> <span class='ocrx_word' id='word_1_271' title='bbox 959 4495 988 4548; x_wconf 90' lang='lat' dir='ltr'>in</span> <span class='ocrx_word' id='word_1_272' title='bbox 1007 4492 1080 4548; x_wconf 77' lang='lat' dir='ltr'>Tam.</span> <span class='ocrx_word' id='word_1_273' title='bbox 1101 4491 1125 4547; x_wconf 89' lang='lat' dir='ltr'>I.</span> <span class='ocrx_word' id='word_1_274' title='bbox 1147 4492 1279 4546; x_wconf 69' lang='lat' dir='ltr'>sseeoun&#39;</span> <span class='ocrx_word' id='word_1_275' title='bbox 1291 4492 1355 4546; x_wconf 73' lang='lat' dir='ltr'>Jar.</span> <span class='ocrx_word' id='word_1_276' title='bbox 1367 4491 1442 4544; x_wconf 75' lang='lat' dir='ltr'>Men·</span> 
     </span>
     <span class='ocr_line' id='line_1_35' title="bbox 204 4584 494 4638; baseline 0.031 -20"><span class='ocrx_word' id='word_1_277' title='bbox 204 4584 272 4621; x_wconf 86' lang='lat' dir='ltr'>man.</span> <span class='ocrx_word' id='word_1_278' title='bbox 286 4587 317 4638; x_wconf 82' lang='lat' dir='ltr'>p.</span> <span class='ocrx_word' id='word_1_279' title='bbox 383 4610 390 4625; x_wconf 90' lang='lat'><strong>.</strong></span> <span class='ocrx_word' id='word_1_280' title='bbox 432 4591 494 4626; x_wconf 81' lang='lat' dir='ltr'>ann.</span> 
     </span>
    </p>
   </div>
   <div class='ocr_carea' id='block_1_12' title="bbox 0 0 1520 5160">
    <p class='ocr_par' dir='ltr' id='par_1_13' title="bbox 0 0 1520 5160">
     <span class='ocr_line' id='line_1_36' title="bbox 0 0 1520 5160; baseline 0 3"><span class='ocrx_word' id='word_1_281' title='bbox 0 0 1520 5160; x_wconf 95' lang='lat' dir='ltr'> </span> 
     </span>
    </p>
   </div>
  </div>
 </body>
</html>
