<?xml version="1.0" encoding="UTF-8"?>
<!DOCTYPE html PUBLIC "-//W3C//DTD XHTML 1.0 Transitional//EN"
    "http://www.w3.org/TR/xhtml1/DTD/xhtml1-transitional.dtd">
<html xmlns="http://www.w3.org/1999/xhtml" xml:lang="en" lang="en">
 <head>
  <title>
</title>
<meta http-equiv="Content-Type" content="text/html;charset=utf-8" />
  <meta name='ocr-system' content='tesseract 3.04.00' />
  <meta name='ocr-capabilities' content='ocr_page ocr_carea ocr_par ocr_line ocrx_word'/>
</head>
<body>
  <div class='ocr_page' id='page_1' title='image "./jogottliebheine00haubgoog_0141.png"; bbox 0 0 3080 5154; ppageno 0'>
   <div class='ocr_carea' id='block_1_1' title="bbox 237 351 1016 424">
    <p class='ocr_par' dir='ltr' id='par_1_1' title="bbox 237 351 1016 424">
     <span class='ocr_line' id='line_1_1' title="bbox 237 351 1016 424; baseline -0.008 -2"><span class='ocrx_word' id='word_1_1' title='bbox 237 356 306 424; x_wconf 89' lang='lat'>100</span> <span class='ocrx_word' id='word_1_2' title='bbox 554 368 556 375; x_wconf 87' lang='grc'><strong>’</strong></span> <span class='ocrx_word' id='word_1_3' title='bbox 708 351 783 418; x_wconf 86' lang='lat' dir='ltr'>Lm.</span> <span class='ocrx_word' id='word_1_4' title='bbox 810 351 836 419; x_wconf 91' lang='lat'>1.</span> <span class='ocrx_word' id='word_1_5' title='bbox 861 351 932 418; x_wconf 79' lang='lat' dir='ltr'>Tar</span> <span class='ocrx_word' id='word_1_6' title='bbox 957 353 1016 420; x_wconf 84' lang='lat' dir='ltr'>vl.</span> 
     </span>
    </p>
   </div>
   <div class='ocr_carea' id='block_1_2' title="bbox 223 511 1520 1255">
    <p class='ocr_par' dir='ltr' id='par_1_2' title="bbox 223 511 1520 1255">
     <span class='ocr_line' id='line_1_2' title="bbox 232 511 1520 613; baseline 0 -19"><span class='ocrx_word' id='word_1_7' title='bbox 232 524 429 610; x_wconf 70' lang='grc' dir='ltr'><strong><em>πληρώσωσι·</em></strong></span> <span class='ocrx_word' id='word_1_8' title='bbox 450 524 519 611; x_wconf 76' lang='grc' dir='ltr'>μήτ’</span> <span class='ocrx_word' id='word_1_9' title='bbox 538 515 579 592; x_wconf 76' lang='grc' dir='ltr'>αὖ</span> <span class='ocrx_word' id='word_1_10' title='bbox 598 530 630 600; x_wconf 77' lang='grc' dir='ltr'>ἐς</span> <span class='ocrx_word' id='word_1_11' title='bbox 644 525 699 608; x_wconf 77' lang='grc' dir='ltr'>τὴν</span> <span class='ocrx_word' id='word_1_12' title='bbox 721 518 879 592; x_wconf 66' lang='grc' dir='ltr'><em>πολιτείαιῖ</em></span> <span class='ocrx_word' id='word_1_13' title='bbox 900 527 1028 611; x_wconf 72' lang='grc' dir='ltr'><em>συχνοὺς</em></span> <span class='ocrx_word' id='word_1_14' title='bbox 1049 528 1264 613; x_wconf 73' lang='grc' dir='ltr'>ἐσγράφωσιν,</span> <span class='ocrx_word' id='word_1_15' title='bbox 1285 531 1338 592; x_wconf 75' lang='grc' dir='ltr'>ἵνα</span> <span class='ocrx_word' id='word_1_16' title='bbox 1357 525 1433 594; x_wconf 79' lang='lat' dir='ltr'>noli</span> <span class='ocrx_word' id='word_1_17' title='bbox 1450 528 1477 594; x_wconf 83' lang='lat' dir='ltr'>ri</span> <span class='ocrx_word' id='word_1_18' title='bbox 1508 511 1520 564; x_wconf 9' lang='grc' dir='ltr'>’ἵ</span> 
     </span>
     <span class='ocr_line' id='line_1_3' title="bbox 223 623 1479 726; baseline 0 -28"><span class='ocrx_word' id='word_1_19' title='bbox 223 631 503 715; x_wconf 60' lang='lat' dir='ltr'>,tricameratam</span> <span class='ocrx_word' id='word_1_20' title='bbox 516 632 593 715; x_wconf 80' lang='grc' dir='ltr'><strong><em>πρὸς</em></strong></span> <span class='ocrx_word' id='word_1_21' title='bbox 613 623 895 726; x_wconf 72' lang='grc' dir='ltr'><strong>ιοὺςὺπηκόουςῇ.</strong></span> <span class='ocrx_word' id='word_1_22' title='bbox 920 635 1216 711; x_wconf 65' lang='lat' dir='ltr'>commmendare</span> <span class='ocrx_word' id='word_1_23' title='bbox 1241 644 1274 698; x_wconf 76' lang='lat' dir='ltr'>et</span> <span class='ocrx_word' id='word_1_24' title='bbox 1293 638 1419 698; x_wconf 80' lang='lat' dir='ltr'>oonsilio</span> <span class='ocrx_word' id='word_1_25' title='bbox 1440 638 1479 698; x_wconf 81' lang='grc'>11-</span> 
     </span>
     <span class='ocr_line' id='line_1_4' title="bbox 232 741 1480 824; baseline 0 -20"><span class='ocrx_word' id='word_1_26' title='bbox 232 743 315 804; x_wconf 81' lang='lat' dir='ltr'>berio</span> <span class='ocrx_word' id='word_1_27' title='bbox 334 763 372 803; x_wconf 87' lang='lat' dir='ltr'>ao</span> <span class='ocrx_word' id='word_1_28' title='bbox 392 741 577 823; x_wconf 67' lang='lat' dir='ltr'>respublicae</span> <span class='ocrx_word' id='word_1_29' title='bbox 594 741 686 817; x_wconf 79' lang='lat' dir='ltr'>data,</span> <span class='ocrx_word' id='word_1_30' title='bbox 707 745 851 824; x_wconf 81' lang='lat' dir='ltr'>interque</span> <span class='ocrx_word' id='word_1_31' title='bbox 871 745 949 817; x_wconf 73' lang='lat' dir='ltr'>abb,</span> <span class='ocrx_word' id='word_1_32' title='bbox 968 765 1009 805; x_wconf 85' lang='lat' dir='ltr'>ne</span> <span class='ocrx_word' id='word_1_33' title='bbox 1023 745 1137 808; x_wconf 79' lang='lat' dir='ltr'>multos</span> <span class='ocrx_word' id='word_1_34' title='bbox 1154 746 1430 814; x_wconf 75' lang='lat' dir='ltr'>mamunsittsrmt,</span> <span class='ocrx_word' id='word_1_35' title='bbox 1448 764 1480 804; x_wconf 84' lang='lat' dir='ltr'>ae</span> 
     </span>
     <span class='ocr_line' id='line_1_5' title="bbox 226 849 1479 936; baseline -0.001 -24"><span class='ocrx_word' id='word_1_36' title='bbox 226 853 410 932; x_wconf 79' lang='lat' dir='ltr'>promiscua</span> <span class='ocrx_word' id='word_1_37' title='bbox 433 849 527 936; x_wconf 80' lang='lat' dir='ltr'>turba</span> <span class='ocrx_word' id='word_1_38' title='bbox 548 849 624 909; x_wconf 77' lang='lat' dir='ltr'>arbe</span> <span class='ocrx_word' id='word_1_39' title='bbox 639 851 836 930; x_wconf 80' lang='lat' dir='ltr'>impleretur,</span> <span class='ocrx_word' id='word_1_40' title='bbox 855 870 932 912; x_wconf 82' lang='lat' dir='ltr'>neue</span> <span class='ocrx_word' id='word_1_41' title='bbox 947 853 1059 913; x_wconf 84' lang='lat' dir='ltr'>multos</span> <span class='ocrx_word' id='word_1_42' title='bbox 1075 853 1154 933; x_wconf 82' lang='lat' dir='ltr'>jure</span> <span class='ocrx_word' id='word_1_43' title='bbox 1173 854 1312 913; x_wconf 79' lang='lat' dir='ltr'>civitatis</span> <span class='ocrx_word' id='word_1_44' title='bbox 1331 851 1479 922; x_wconf 81' lang='lat' dir='ltr'>donarem,</span> 
     </span>
     <span class='ocr_line' id='line_1_6' title="bbox 232 956 1479 1040; baseline 0 -21"><span class='ocrx_word' id='word_1_45' title='bbox 232 978 292 1040; x_wconf 81' lang='lat' dir='ltr'>quo</span> <span class='ocrx_word' id='word_1_46' title='bbox 307 977 456 1038; x_wconf 82' lang='lat' dir='ltr'>magnum</span> <span class='ocrx_word' id='word_1_47' title='bbox 474 959 557 1017; x_wconf 75' lang='lat' dir='ltr'>inter</span> <span class='ocrx_word' id='word_1_48' title='bbox 577 960 661 1037; x_wconf 82' lang='lat' dir='ltr'>ipsos</span> <span class='ocrx_word' id='word_1_49' title='bbox 680 964 711 1018; x_wconf 83' lang='lat' dir='ltr'>et</span> <span class='ocrx_word' id='word_1_50' title='bbox 734 959 888 1038; x_wconf 80' lang='lat' dir='ltr'>subjectos</span> <span class='ocrx_word' id='word_1_51' title='bbox 908 958 1075 1020; x_wconf 73' lang='lat' dir='ltr'><strong><em>discrimen</em></strong></span> <span class='ocrx_word' id='word_1_52' title='bbox 1098 966 1291 1021; x_wconf 80' lang='lat' dir='ltr'>remaneret.</span> <span class='ocrx_word' id='word_1_53' title='bbox 1313 956 1479 1020; x_wconf 79' lang='lat' dir='ltr'>Constabat</span> 
     </span>
     <span class='ocr_line' id='line_1_7' title="bbox 233 1062 1478 1149; baseline -0.001 -23"><span class='ocrx_word' id='word_1_54' title='bbox 233 1085 314 1126; x_wconf 91' lang='lat' dir='ltr'>vero</span> <span class='ocrx_word' id='word_1_55' title='bbox 331 1086 371 1126; x_wconf 88' lang='lat' dir='ltr'>ea</span> <span class='ocrx_word' id='word_1_56' title='bbox 382 1063 440 1125; x_wconf 87' lang='lat' dir='ltr'>lex</span> <span class='ocrx_word' id='word_1_57' title='bbox 454 1062 617 1146; x_wconf 80' lang='lat' dir='ltr'>capitibus</span> <span class='ocrx_word' id='word_1_58' title='bbox 633 1062 893 1147; x_wconf 87' lang='lat' dir='ltr'>quamplurimis,</span> <span class='ocrx_word' id='word_1_59' title='bbox 909 1085 995 1148; x_wconf 94' lang='lat' dir='ltr'>quae</span> <span class='ocrx_word' id='word_1_60' title='bbox 1012 1087 1078 1128; x_wconf 93' lang='lat' dir='ltr'>non</span> <span class='ocrx_word' id='word_1_61' title='bbox 1091 1065 1154 1128; x_wconf 90' lang='lat' dir='ltr'>nisi</span> <span class='ocrx_word' id='word_1_62' title='bbox 1169 1065 1310 1149; x_wconf 85' lang='lat' dir='ltr'>sparsim</span> <span class='ocrx_word' id='word_1_63' title='bbox 1323 1084 1366 1126; x_wconf 87' lang='lat' dir='ltr'>ex</span> <span class='ocrx_word' id='word_1_64' title='bbox 1378 1071 1478 1126; x_wconf 85' lang='lat' dir='ltr'>auoto-</span> 
     </span>
     <span class='ocr_line' id='line_1_8' title="bbox 230 1169 621 1255; baseline -0.013 -19"><span class='ocrx_word' id='word_1_65' title='bbox 230 1172 322 1236; x_wconf 86' lang='lat' dir='ltr'>ribus</span> <span class='ocrx_word' id='word_1_66' title='bbox 342 1169 457 1255; x_wconf 86' lang='lat' dir='ltr'>colligi</span> <span class='ocrx_word' id='word_1_67' title='bbox 475 1178 621 1254; x_wconf 88' lang='lat' dir='ltr'>possunt.</span> 
     </span>
    </p>
   </div>
   <div class='ocr_carea' id='block_1_3' title="bbox 232 1309 1525 2918">
    <p class='ocr_par' dir='ltr' id='par_1_3' title="bbox 232 1309 1525 2918">
     <span class='ocr_line' id='line_1_9' title="bbox 820 1309 902 1390; baseline 0.012 -19"><span class='ocrx_word' id='word_1_68' title='bbox 820 1309 849 1390; x_wconf 84' lang='lat'>§.</span> <span class='ocrx_word' id='word_1_69' title='bbox 871 1311 902 1372; x_wconf 90' lang='grc'>4.</span> 
     </span>
     <span class='ocr_line' id='line_1_10' title="bbox 760 1425 974 1480; baseline 0.019 -4"><span class='ocrx_word' id='word_1_70' title='bbox 760 1425 802 1476; x_wconf 81' lang='lat' dir='ltr'>De</span> <span class='ocrx_word' id='word_1_71' title='bbox 819 1426 974 1480; x_wconf 61' lang='lat' dir='ltr'>dedititiae-,¹</span> 
     </span>
     <span class='ocr_line' id='line_1_11' title="bbox 315 1523 1478 1612; baseline -0.002 -20"><span class='ocrx_word' id='word_1_72' title='bbox 315 1527 429 1592; x_wconf 89' lang='lat' dir='ltr'>Primo</span> <span class='ocrx_word' id='word_1_73' title='bbox 445 1526 532 1588; x_wconf 90' lang='lat' dir='ltr'>euim</span> <span class='ocrx_word' id='word_1_74' title='bbox 549 1546 662 1588; x_wconf 85' lang='lat' dir='ltr'>servos</span> <span class='ocrx_word' id='word_1_75' title='bbox 678 1523 872 1609; x_wconf 88' lang='lat' dir='ltr'>flagitiosos,</span> <span class='ocrx_word' id='word_1_76' title='bbox 886 1527 1040 1612; x_wconf 82' lang='lat' dir='ltr'>stigmate</span> <span class='ocrx_word' id='word_1_77' title='bbox 1060 1534 1159 1607; x_wconf 78' lang='lat' dir='ltr'>ustae,</span> <span class='ocrx_word' id='word_1_78' title='bbox 1176 1535 1297 1610; x_wconf 87' lang='lat' dir='ltr'>tortos,</span> <span class='ocrx_word' id='word_1_79' title='bbox 1315 1537 1351 1592; x_wconf 91' lang='lat' dir='ltr'>et</span> <span class='ocrx_word' id='word_1_80' title='bbox 1368 1529 1409 1592; x_wconf 90' lang='lat' dir='ltr'>ad</span> <span class='ocrx_word' id='word_1_81' title='bbox 1423 1529 1478 1592; x_wconf 88' lang='lat' dir='ltr'>fer-</span> 
     </span>
     <span class='ocr_line' id='line_1_12' title="bbox 232 1632 1477 1718; baseline -0.005 -15"><span class='ocrx_word' id='word_1_82' title='bbox 232 1661 303 1703; x_wconf 91' lang='lat' dir='ltr'>rum</span> <span class='ocrx_word' id='word_1_83' title='bbox 316 1637 422 1718; x_wconf 86' lang='lat' dir='ltr'>datos,</span> <span class='ocrx_word' id='word_1_84' title='bbox 434 1633 542 1697; x_wconf 89' lang='lat' dir='ltr'>vetuit</span> <span class='ocrx_word' id='word_1_85' title='bbox 552 1633 625 1696; x_wconf 87' lang='lat' dir='ltr'>fieri</span> <span class='ocrx_word' id='word_1_86' title='bbox 639 1633 728 1695; x_wconf 89' lang='lat' dir='ltr'>cives</span> <span class='ocrx_word' id='word_1_87' title='bbox 736 1633 918 1715; x_wconf 88' lang='lat' dir='ltr'>Romanos,</span> <span class='ocrx_word' id='word_1_88' title='bbox 932 1632 1106 1717; x_wconf 88' lang='lat' dir='ltr'>voluitque</span> <span class='ocrx_word' id='word_1_89' title='bbox 1124 1655 1182 1697; x_wconf 89' lang='lat' dir='ltr'>eos</span> <span class='ocrx_word' id='word_1_90' title='bbox 1202 1635 1247 1698; x_wconf 91' lang='lat' dir='ltr'>ad</span> <span class='ocrx_word' id='word_1_91' title='bbox 1264 1635 1477 1700; x_wconf 79' lang='lat' dir='ltr'>dedititiorum</span> 
     </span>
     <span class='ocr_line' id='line_1_13' title="bbox 233 1740 1477 1829; baseline -0.007 -19"><span class='ocrx_word' id='word_1_92' title='bbox 233 1754 360 1810; x_wconf 85' lang='lat' dir='ltr'>tantum</span> <span class='ocrx_word' id='word_1_93' title='bbox 376 1741 605 1806; x_wconf 88' lang='lat' dir='ltr'>conditionem</span> <span class='ocrx_word' id='word_1_94' title='bbox 629 1740 756 1825; x_wconf 85' lang='lat' dir='ltr'>redigi:</span> <span class='ocrx_word' id='word_1_95' title='bbox 780 1741 858 1826; x_wconf 86' lang='lat' dir='ltr'>Ulp.</span> <span class='ocrx_word' id='word_1_96' title='bbox 873 1743 1006 1824; x_wconf 70' lang='lat' dir='ltr'>B‘ragm.</span> <span class='ocrx_word' id='word_1_97' title='bbox 1022 1746 1050 1802; x_wconf 90' lang='lat'>1.</span> <span class='ocrx_word' id='word_1_98' title='bbox 1070 1741 1120 1803; x_wconf 94' lang='grc'>11.</span> <span class='ocrx_word' id='word_1_99' title='bbox 1140 1765 1173 1826; x_wconf 87' lang='lat' dir='ltr'>p.</span> <span class='ocrx_word' id='word_1_100' title='bbox 1190 1742 1266 1806; x_wconf 80' lang='lat'>566.</span> <span class='ocrx_word' id='word_1_101' title='bbox 1290 1743 1392 1829; x_wconf 87' lang='lat' dir='ltr'>Gajus</span> <span class='ocrx_word' id='word_1_102' title='bbox 1409 1747 1477 1804; x_wconf 80' lang='lat' dir='ltr'>lust.</span> 
     </span>
     <span class='ocr_line' id='line_1_14' title="bbox 233 1847 1478 1934; baseline -0.004 -19"><span class='ocrx_word' id='word_1_103' title='bbox 233 1859 260 1915; x_wconf 90' lang='lat'>1.</span> <span class='ocrx_word' id='word_1_104' title='bbox 276 1852 305 1914; x_wconf 94' lang='grc'><strong>1.</strong></span> <span class='ocrx_word' id='word_1_105' title='bbox 319 1850 349 1914; x_wconf 83' lang='grc'>3.</span> <span class='ocrx_word' id='word_1_106' title='bbox 368 1850 411 1931; x_wconf 80' lang='grc' dir='ltr'>(Ι.</span> <span class='ocrx_word' id='word_1_107' title='bbox 431 1848 581 1916; x_wconf 81' lang='lat'>13-15.</span> <span class='ocrx_word' id='word_1_108' title='bbox 597 1847 771 1930; x_wconf 68' lang='lat'><strong>35-27),</strong></span> <span class='ocrx_word' id='word_1_109' title='bbox 790 1849 832 1912; x_wconf 90' lang='lat' dir='ltr'>de</span> <span class='ocrx_word' id='word_1_110' title='bbox 853 1871 919 1934; x_wconf 95' lang='lat' dir='ltr'>quo</span> <span class='ocrx_word' id='word_1_111' title='bbox 940 1848 1049 1933; x_wconf 89' lang='lat' dir='ltr'>capite</span> <span class='ocrx_word' id='word_1_112' title='bbox 1067 1858 1175 1914; x_wconf 88' lang='lat' dir='ltr'>actum</span> <span class='ocrx_word' id='word_1_113' title='bbox 1195 1851 1241 1914; x_wconf 93' lang='lat' dir='ltr'>ad</span> <span class='ocrx_word' id='word_1_114' title='bbox 1261 1851 1377 1916; x_wconf 88' lang='lat' dir='ltr'>titulos</span> <span class='ocrx_word' id='word_1_115' title='bbox 1396 1858 1478 1914; x_wconf 86' lang='lat' dir='ltr'>ante·</span> 
     </span>
     <span class='ocr_line' id='line_1_15' title="bbox 235 1960 402 2024; baseline -0.018 0"><span class='ocrx_word' id='word_1_116' title='bbox 235 1960 402 2024; x_wconf 87' lang='lat' dir='ltr'>cedentes.</span> 
     </span>
     <span class='ocr_line' id='line_1_16' title="bbox 822 2082 902 2162; baseline 0 -20"><span class='ocrx_word' id='word_1_117' title='bbox 822 2083 851 2162; x_wconf 62' lang='grc' dir='ltr'>ς.</span> <span class='ocrx_word' id='word_1_118' title='bbox 872 2082 902 2142; x_wconf 82' lang='grc'>5.</span> 
     </span>
     <span class='ocr_line' id='line_1_17' title="bbox 329 2198 1401 2254; baseline 0 -2"><span class='ocrx_word' id='word_1_119' title='bbox 329 2201 372 2252; x_wconf 88' lang='lat' dir='ltr'>De</span> <span class='ocrx_word' id='word_1_120' title='bbox 390 2207 474 2252; x_wconf 79' lang='lat' dir='ltr'>aetate</span> <span class='ocrx_word' id='word_1_121' title='bbox 492 2198 658 2250; x_wconf 58' lang='lat' dir='ltr'>dominorum</span> <span class='ocrx_word' id='word_1_122' title='bbox 674 2198 909 2250; x_wconf 63' lang='lat' dir='ltr'>manumittendum</span> <span class='ocrx_word' id='word_1_123' title='bbox 928 2205 955 2250; x_wconf 82' lang='lat' dir='ltr'>et</span> <span class='ocrx_word' id='word_1_124' title='bbox 970 2215 1107 2251; x_wconf 75' lang='lat' dir='ltr'>servorum</span> <span class='ocrx_word' id='word_1_125' title='bbox 1124 2202 1401 2254; x_wconf 73' lang='lat' dir='ltr'>manumittmdoram.</span> 
     </span>
     <span class='ocr_line' id='line_1_18' title="bbox 319 2299 1476 2385; baseline -0.005 -21"><span class='ocrx_word' id='word_1_126' title='bbox 319 2301 454 2364; x_wconf 88' lang='lat' dir='ltr'>Deinde</span> <span class='ocrx_word' id='word_1_127' title='bbox 473 2309 508 2364; x_wconf 92' lang='lat' dir='ltr'>et</span> <span class='ocrx_word' id='word_1_128' title='bbox 523 2299 796 2384; x_wconf 87' lang='lat' dir='ltr'>impedimentum</span> <span class='ocrx_word' id='word_1_129' title='bbox 815 2321 856 2362; x_wconf 89' lang='lat' dir='ltr'>ea</span> <span class='ocrx_word' id='word_1_130' title='bbox 873 2299 930 2362; x_wconf 91' lang='lat' dir='ltr'>lex</span> <span class='ocrx_word' id='word_1_131' title='bbox 944 2300 1104 2364; x_wconf 85' lang='lat' dir='ltr'>excitavit</span> <span class='ocrx_word' id='word_1_132' title='bbox 1121 2322 1165 2372; x_wconf 87' lang='lat' dir='ltr'>ex</span> <span class='ocrx_word' id='word_1_133' title='bbox 1183 2310 1320 2385; x_wconf 85' lang='lat' dir='ltr'>aetate,</span> <span class='ocrx_word' id='word_1_134' title='bbox 1341 2310 1405 2366; x_wconf 90' lang='lat' dir='ltr'>tum</span> <span class='ocrx_word' id='word_1_135' title='bbox 1421 2317 1476 2362; x_wconf 90' lang='lat' dir='ltr'>ser·</span> 
     </span>
     <span class='ocr_line' id='line_1_19' title="bbox 232 2406 1477 2492; baseline -0.006 -19"><span class='ocrx_word' id='word_1_136' title='bbox 232 2431 349 2487; x_wconf 85' lang='lat' dir='ltr'>¹vorum</span> <span class='ocrx_word' id='word_1_137' title='bbox 363 2418 431 2472; x_wconf 90' lang='lat' dir='ltr'>tum</span> <span class='ocrx_word' id='word_1_138' title='bbox 444 2409 661 2471; x_wconf 89' lang='lat' dir='ltr'>dominorum.</span> <span class='ocrx_word' id='word_1_139' title='bbox 673 2408 757 2470; x_wconf 90' lang='lat' dir='ltr'>Nam</span> <span class='ocrx_word' id='word_1_140' title='bbox 770 2429 880 2491; x_wconf 91' lang='lat' dir='ltr'>neque</span> <span class='ocrx_word' id='word_1_141' title='bbox 896 2427 1007 2470; x_wconf 89' lang='lat' dir='ltr'>servus</span> <span class='ocrx_word' id='word_1_142' title='bbox 1024 2408 1163 2492; x_wconf 86' lang='lat' dir='ltr'>triginta</span> <span class='ocrx_word' id='word_1_143' title='bbox 1177 2412 1274 2474; x_wconf 88' lang='lat' dir='ltr'>aunis</span> <span class='ocrx_word' id='word_1_144' title='bbox 1288 2410 1403 2487; x_wconf 89' lang='lat' dir='ltr'>minor,</span> <span class='ocrx_word' id='word_1_145' title='bbox 1415 2406 1477 2468; x_wconf 84' lang='lat' dir='ltr'>viu-</span> 
     </span>
     <span class='ocr_line' id='line_1_20' title="bbox 232 2509 1476 2604; baseline -0.009 -23"><span class='ocrx_word' id='word_1_146' title='bbox 232 2519 325 2582; x_wconf 88' lang='lat' dir='ltr'>dieta</span> <span class='ocrx_word' id='word_1_147' title='bbox 340 2516 568 2596; x_wconf 88' lang='lat' dir='ltr'>manumissus,</span> <span class='ocrx_word' id='word_1_148' title='bbox 586 2514 667 2578; x_wconf 89' lang='lat' dir='ltr'>civis</span> <span class='ocrx_word' id='word_1_149' title='bbox 686 2514 856 2604; x_wconf 89' lang='lat' dir='ltr'>Romanus</span> <span class='ocrx_word' id='word_1_150' title='bbox 874 2515 977 2578; x_wconf 90' lang='lat' dir='ltr'>fiebat</span> <span class='ocrx_word' id='word_1_151' title='bbox 991 2516 1036 2597; x_wconf 64' lang='grc' dir='ltr'>ι1),</span> <span class='ocrx_word' id='word_1_152' title='bbox 1059 2537 1121 2578; x_wconf 90' lang='lat' dir='ltr'>nec</span> <span class='ocrx_word' id='word_1_153' title='bbox 1137 2515 1291 2580; x_wconf 88' lang='lat' dir='ltr'>domiuus</span> <span class='ocrx_word' id='word_1_154' title='bbox 1306 2516 1383 2580; x_wconf 91' lang='lat' dir='ltr'>XX</span> <span class='ocrx_word' id='word_1_155' title='bbox 1397 2509 1476 2576; x_wconf 87' lang='lat' dir='ltr'>annis</span> 
     </span>
     <span class='ocr_line' id='line_1_21' title="bbox 232 2615 1525 2708; baseline -0.006 -20"><span class='ocrx_word' id='word_1_156' title='bbox 232 2626 342 2689; x_wconf 90' lang='lat' dir='ltr'>minor</span> <span class='ocrx_word' id='word_1_157' title='bbox 362 2622 592 2687; x_wconf 84' lang='lat' dir='ltr'>manumittere</span> <span class='ocrx_word' id='word_1_158' title='bbox 613 2627 761 2704; x_wconf 82' lang='lat' dir='ltr'>poterat3</span> <span class='ocrx_word' id='word_1_159' title='bbox 783 2621 846 2684; x_wconf 89' lang='lat' dir='ltr'>nisi</span> <span class='ocrx_word' id='word_1_160' title='bbox 868 2621 1025 2706; x_wconf 87' lang='lat' dir='ltr'>adlegata</span> <span class='ocrx_word' id='word_1_161' title='bbox 1044 2625 1254 2708; x_wconf 90' lang='lat' dir='ltr'>probataque</span> <span class='ocrx_word' id='word_1_162' title='bbox 1274 2645 1386 2688; x_wconf 84' lang='lat' dir='ltr'>caussa</span> <span class='ocrx_word' id='word_1_163' title='bbox 1402 2615 1476 2702; x_wconf 87' lang='lat' dir='ltr'>apud</span> <span class='ocrx_word' id='word_1_164' title='bbox 1524 2653 1525 2656; x_wconf 16' lang='grc' dir='ltr'><strong>κ</strong></span> 
     </span>
     <span class='ocr_line' id='line_1_22' title="bbox 235 2713 1476 2815; baseline -0.002 -19"><span class='ocrx_word' id='word_1_165' title='bbox 235 2730 421 2796; x_wconf 86' lang='lat' dir='ltr'>consilium:</span> <span class='ocrx_word' id='word_1_166' title='bbox 441 2730 533 2792; x_wconf 86' lang='lat' dir='ltr'>Suet.</span> <span class='ocrx_word' id='word_1_167' title='bbox 554 2731 642 2810; x_wconf 81' lang='lat' dir='ltr'>Aug.</span> <span class='ocrx_word' id='word_1_168' title='bbox 661 2748 687 2788; x_wconf 86' lang='lat' dir='ltr'>c.</span> <span class='ocrx_word' id='word_1_169' title='bbox 707 2727 758 2788; x_wconf 86' lang='grc'>40.</span> <span class='ocrx_word' id='word_1_170' title='bbox 776 2727 845 2790; x_wconf 92' lang='lat' dir='ltr'>Dio</span> <span class='ocrx_word' id='word_1_171' title='bbox 865 2713 953 2794; x_wconf 82' lang='lat' dir='ltr'>Cass.</span> <span class='ocrx_word' id='word_1_172' title='bbox 966 2730 1037 2792; x_wconf 83' lang='lat' dir='ltr'>LV.</span> <span class='ocrx_word' id='word_1_173' title='bbox 1052 2753 1077 2794; x_wconf 88' lang='lat' dir='ltr'>o.</span> <span class='ocrx_word' id='word_1_174' title='bbox 1094 2730 1144 2794; x_wconf 85' lang='grc'><strong>13.</strong></span> <span class='ocrx_word' id='word_1_175' title='bbox 1159 2731 1297 2815; x_wconf 89' lang='lat' dir='ltr'>Ulpiau.</span> <span class='ocrx_word' id='word_1_176' title='bbox 1313 2734 1438 2812; x_wconf 75' lang='lat' dir='ltr'>magm.</span> <span class='ocrx_word' id='word_1_177' title='bbox 1455 2727 1476 2784; x_wconf 85' lang='grc' dir='ltr'>Ι-</span> 
     </span>
     <span class='ocr_line' id='line_1_23' title="bbox 234 2832 1476 2918; baseline -0.008 -16"><span class='ocrx_word' id='word_1_178' title='bbox 234 2839 286 2902; x_wconf 81' lang='lat'>12.</span> <span class='ocrx_word' id='word_1_179' title='bbox 302 2838 343 2902; x_wconf 82' lang='lat'>13</span> <span class='ocrx_word' id='word_1_180' title='bbox 357 2843 400 2918; x_wconf 77' lang='lat'>⁶).</span> <span class='ocrx_word' id='word_1_181' title='bbox 421 2838 515 2900; x_wconf 87' lang='lat' dir='ltr'>Inter</span> <span class='ocrx_word' id='word_1_182' title='bbox 529 2834 587 2898; x_wconf 88' lang='lat' dir='ltr'>has</span> <span class='ocrx_word' id='word_1_183' title='bbox 603 2857 731 2898; x_wconf 89' lang='lat' dir='ltr'>caussas</span> <span class='ocrx_word' id='word_1_184' title='bbox 747 2836 777 2916; x_wconf 63' lang='grc' dir='ltr'>ἓ.</span> <span class='ocrx_word' id='word_1_185' title='bbox 789 2838 818 2896; x_wconf 85' lang='grc'>5.</span> <span class='ocrx_word' id='word_1_186' title='bbox 831 2838 909 2898; x_wconf 84' lang='lat' dir='ltr'>Inst.</span> <span class='ocrx_word' id='word_1_187' title='bbox 921 2839 950 2898; x_wconf 87' lang='lat' dir='ltr'>b.</span> <span class='ocrx_word' id='word_1_188' title='bbox 969 2847 991 2898; x_wconf 84' lang='lat' dir='ltr'>t.</span> <span class='ocrx_word' id='word_1_189' title='bbox 1007 2838 1106 2901; x_wconf 90' lang='lat' dir='ltr'>etiam</span> <span class='ocrx_word' id='word_1_190' title='bbox 1122 2839 1269 2904; x_wconf 87' lang='lat' dir='ltr'>refertur</span> <span class='ocrx_word' id='word_1_191' title='bbox 1283 2832 1476 2902; x_wconf 88' lang='lat' dir='ltr'>manumissio</span> 
     </span>
    </p>
   </div>
   <div class='ocr_carea' id='block_1_4' title="bbox 129 2942 1477 3031">
    <p class='ocr_par' dir='ltr' id='par_1_4' title="bbox 129 2942 1477 3031">
     <span class='ocr_line' id='line_1_24' title="bbox 129 2942 1477 3031; baseline -0.008 -22"><span class='ocrx_word' id='word_1_192' title='bbox 129 2961 132 2966; x_wconf 83' lang='lat'>&#39;</span> <span class='ocrx_word' id='word_1_193' title='bbox 237 2955 376 3031; x_wconf 86' lang='lat' dir='ltr'>propter</span> <span class='ocrx_word' id='word_1_194' title='bbox 386 2944 637 3008; x_wconf 90' lang='lat' dir='ltr'>matrimonium.</span> <span class='ocrx_word' id='word_1_195' title='bbox 656 2943 724 3007; x_wconf 89' lang='lat' dir='ltr'>Sed</span> <span class='ocrx_word' id='word_1_196' title='bbox 738 2942 823 3006; x_wconf 88' lang='lat' dir='ltr'>baec</span> <span class='ocrx_word' id='word_1_197' title='bbox 837 2964 904 3006; x_wconf 92' lang='lat' dir='ltr'>non</span> <span class='ocrx_word' id='word_1_198' title='bbox 921 2944 1057 3030; x_wconf 84' lang='lat' dir='ltr'>exlege</span> <span class='ocrx_word' id='word_1_199' title='bbox 1073 2945 1173 3009; x_wconf 91' lang='lat' dir='ltr'>Aelia</span> <span class='ocrx_word' id='word_1_200' title='bbox 1187 2947 1306 3011; x_wconf 88' lang='lat' dir='ltr'>Sentia</span> <span class='ocrx_word' id='word_1_201' title='bbox 1322 2953 1381 3026; x_wconf 88' lang='lat' dir='ltr'>est,</span> <span class='ocrx_word' id='word_1_202' title='bbox 1397 2946 1477 3022; x_wconf 90' lang='lat' dir='ltr'>(tunc</span> 
     </span>
    </p>
   </div>
   <div class='ocr_carea' id='block_1_5' title="bbox 236 3051 1477 3246">
    <p class='ocr_par' dir='ltr' id='par_1_5' title="bbox 236 3051 1477 3246">
     <span class='ocr_line' id='line_1_25' title="bbox 236 3051 1477 3137; baseline -0.007 -19"><span class='ocrx_word' id='word_1_203' title='bbox 236 3055 324 3118; x_wconf 93' lang='lat' dir='ltr'>enim</span> <span class='ocrx_word' id='word_1_204' title='bbox 345 3054 490 3117; x_wconf 93' lang='lat' dir='ltr'>uondum</span> <span class='ocrx_word' id='word_1_205' title='bbox 512 3052 637 3115; x_wconf 89' lang='lat' dir='ltr'>civibus</span> <span class='ocrx_word' id='word_1_206' title='bbox 650 3051 775 3114; x_wconf 89' lang='lat' dir='ltr'>licebat</span> <span class='ocrx_word' id='word_1_207' title='bbox 790 3051 912 3114; x_wconf 91' lang='lat' dir='ltr'>ducere</span> <span class='ocrx_word' id='word_1_208' title='bbox 934 3051 1141 3137; x_wconf 60' lang='lat' dir='ltr'>libertinas)</span> <span class='ocrx_word' id='word_1_209' title='bbox 1166 3055 1225 3118; x_wconf 89' lang='lat' dir='ltr'>sed</span> <span class='ocrx_word' id='word_1_210' title='bbox 1244 3077 1288 3118; x_wconf 92' lang='lat' dir='ltr'>ex</span> <span class='ocrx_word' id='word_1_211' title='bbox 1305 3053 1393 3118; x_wconf 86' lang='lat' dir='ltr'>SCto</span> <span class='ocrx_word' id='word_1_212' title='bbox 1407 3067 1477 3131; x_wconf 94' lang='lat' dir='ltr'>quo·</span> 
     </span>
     <span class='ocr_line' id='line_1_26' title="bbox 236 3160 1477 3246; baseline -0.006 -21"><span class='ocrx_word' id='word_1_213' title='bbox 236 3160 785 3246; x_wconf 74' lang='lat' dir='ltr'>dam2L.13.jin.D.deMonum.</span> <span class='ocrx_word' id='word_1_214' title='bbox 812 3160 895 3220; x_wconf 73' lang='lat' dir='ltr'>misd.</span> <span class='ocrx_word' id='word_1_215' title='bbox 911 3160 1001 3244; x_wconf 93' lang='lat' dir='ltr'>quod</span> <span class='ocrx_word' id='word_1_216' title='bbox 1026 3160 1112 3224; x_wconf 90' lang='lat' dir='ltr'>hanc</span> <span class='ocrx_word' id='word_1_217' title='bbox 1135 3161 1419 3225; x_wconf 87' lang='lat' dir='ltr'>manumissionem</span> <span class='ocrx_word' id='word_1_218' title='bbox 1442 3170 1477 3213; x_wconf 79' lang='lat' dir='ltr'>ex</span> 
     </span>
    </p>
   </div>
   <div class='ocr_carea' id='block_1_6' title="bbox 235 3408 1480 4582">
    <p class='ocr_par' dir='ltr' id='par_1_6' title="bbox 235 3408 1480 4074">
     <span class='ocr_line' id='line_1_27' title="bbox 307 3408 1478 3484; baseline -0.005 -14"><span class='ocrx_word' id='word_1_219' title='bbox 307 3418 340 3484; x_wconf 93' lang='lat' dir='ltr'>b)</span> <span class='ocrx_word' id='word_1_220' title='bbox 360 3416 465 3468; x_wconf 85' lang='lat' dir='ltr'>Eadem</span> <span class='ocrx_word' id='word_1_221' title='bbox 490 3413 604 3466; x_wconf 84' lang='lat' dir='ltr'>dicenda</span> <span class='ocrx_word' id='word_1_222' title='bbox 630 3417 694 3464; x_wconf 90' lang='lat' dir='ltr'>sunt</span> <span class='ocrx_word' id='word_1_223' title='bbox 718 3412 752 3465; x_wconf 89' lang='lat' dir='ltr'>dc</span> <span class='ocrx_word' id='word_1_224' title='bbox 770 3413 827 3477; x_wconf 89' lang='lat' dir='ltr'>his,</span> <span class='ocrx_word' id='word_1_225' title='bbox 846 3413 893 3482; x_wconf 90' lang='lat' dir='ltr'>qui</span> <span class='ocrx_word' id='word_1_226' title='bbox 916 3430 999 3466; x_wconf 83' lang='lat' dir='ltr'>censu</span> <span class='ocrx_word' id='word_1_227' title='bbox 1025 3416 1298 3470; x_wconf 86' lang='lat' dir='ltr'>manumittebantur:</span> <span class='ocrx_word' id='word_1_228' title='bbox 1316 3416 1420 3480; x_wconf 82' lang='lat' dir='ltr'>Fragm.</span> <span class='ocrx_word' id='word_1_229' title='bbox 1431 3408 1478 3475; x_wconf 80' lang='lat' dir='ltr'>jur·</span> 
     </span>
     <span class='ocr_line' id='line_1_28' title="bbox 236 3496 1478 3568; baseline 0.001 -15"><span class='ocrx_word' id='word_1_230' title='bbox 236 3500 344 3553; x_wconf 88' lang='lat' dir='ltr'>Dosith.</span> <span class='ocrx_word' id='word_1_231' title='bbox 362 3501 383 3566; x_wconf 63' lang='grc' dir='ltr'>ξ.</span> <span class='ocrx_word' id='word_1_232' title='bbox 404 3503 444 3554; x_wconf 85' lang='grc'><strong>17.</strong></span> <span class='ocrx_word' id='word_1_233' title='bbox 465 3499 540 3566; x_wconf 85' lang='grc'><strong>(19).</strong></span> <span class='ocrx_word' id='word_1_234' title='bbox 558 3499 589 3549; x_wconf 84' lang='lat' dir='ltr'>F.</span> <span class='ocrx_word' id='word_1_235' title='bbox 607 3497 639 3549; x_wconf 83' lang='grc' dir='ltr'>Α.</span> <span class='ocrx_word' id='word_1_236' title='bbox 659 3496 791 3564; x_wconf 88' lang='lat' dir='ltr'>Schilling</span> <span class='ocrx_word' id='word_1_237' title='bbox 808 3497 943 3551; x_wconf 87' lang='lat' dir='ltr'>animadv.</span> <span class='ocrx_word' id='word_1_238' title='bbox 961 3499 1019 3551; x_wconf 90' lang='lat' dir='ltr'>crit.</span> <span class='ocrx_word' id='word_1_239' title='bbox 1037 3499 1073 3550; x_wconf 83' lang='lat' dir='ltr'>ad</span> <span class='ocrx_word' id='word_1_240' title='bbox 1091 3501 1155 3567; x_wconf 88' lang='lat' dir='ltr'>Ulp.</span> <span class='ocrx_word' id='word_1_241' title='bbox 1173 3503 1220 3568; x_wconf 90' lang='lat' dir='ltr'>Sp.</span> <span class='ocrx_word' id='word_1_242' title='bbox 1241 3503 1263 3555; x_wconf 89' lang='lat'>1.</span> <span class='ocrx_word' id='word_1_243' title='bbox 1281 3497 1441 3566; x_wconf 71' lang='lat' dir='ltr'>Liparaea</span> <span class='ocrx_word' id='word_1_244' title='bbox 1458 3506 1478 3554; x_wconf 84' lang='grc' dir='ltr'>Ρ·</span> 
     </span>
     <span class='ocr_line' id='line_1_29' title="bbox 236 3583 1479 3650; baseline -0.005 -10"><span class='ocrx_word' id='word_1_245' title='bbox 236 3589 280 3640; x_wconf 79' lang='grc'>47.</span> <span class='ocrx_word' id='word_1_246' title='bbox 297 3587 472 3646; x_wconf 82' lang='lat' dir='ltr'>Testamenta</span> <span class='ocrx_word' id='word_1_247' title='bbox 490 3583 561 3636; x_wconf 84' lang='lat' dir='ltr'>iufra</span> <span class='ocrx_word' id='word_1_248' title='bbox 578 3598 637 3634; x_wconf 90' lang='lat' dir='ltr'>eam</span> <span class='ocrx_word' id='word_1_249' title='bbox 658 3587 772 3634; x_wconf 87' lang='lat' dir='ltr'>aetatem</span> <span class='ocrx_word' id='word_1_250' title='bbox 796 3583 957 3636; x_wconf 86' lang='lat' dir='ltr'>manumissi</span> <span class='ocrx_word' id='word_1_251' title='bbox 974 3585 1002 3636; x_wconf 86' lang='lat' dir='ltr'>in</span> <span class='ocrx_word' id='word_1_252' title='bbox 1020 3584 1144 3637; x_wconf 87' lang='lat' dir='ltr'>libertate</span> <span class='ocrx_word' id='word_1_253' title='bbox 1161 3586 1351 3650; x_wconf 85' lang='lat' dir='ltr'>morabantur,</span> <span class='ocrx_word' id='word_1_254' title='bbox 1369 3585 1479 3645; x_wconf 73' lang='lat' dir='ltr'>adeoque</span> 
     </span>
     <span class='ocr_line' id='line_1_30' title="bbox 235 3657 1480 3738; baseline -0.006 -15"><span class='ocrx_word' id='word_1_255' title='bbox 235 3683 273 3723; x_wconf 84' lang='lat' dir='ltr'>ex</span> <span class='ocrx_word' id='word_1_256' title='bbox 291 3671 364 3735; x_wconf 72' lang='lat' dir='ltr'>Lege</span> <span class='ocrx_word' id='word_1_257' title='bbox 380 3669 465 3721; x_wconf 85' lang='lat' dir='ltr'>Junia</span> <span class='ocrx_word' id='word_1_258' title='bbox 486 3666 578 3718; x_wconf 85' lang='lat' dir='ltr'>Latini</span> <span class='ocrx_word' id='word_1_259' title='bbox 601 3666 717 3720; x_wconf 82' lang='lat' dir='ltr'>fiebant:</span> <span class='ocrx_word' id='word_1_260' title='bbox 740 3668 803 3732; x_wconf 90' lang='lat' dir='ltr'>Ulp.</span> <span class='ocrx_word' id='word_1_261' title='bbox 821 3667 843 3718; x_wconf 91' lang='lat'>1.</span> <span class='ocrx_word' id='word_1_262' title='bbox 856 3673 903 3721; x_wconf 85' lang='grc'><strong>.12.</strong></span> <span class='ocrx_word' id='word_1_263' title='bbox 935 3669 1009 3720; x_wconf 88' lang='lat' dir='ltr'>Num</span> <span class='ocrx_word' id='word_1_264' title='bbox 1026 3669 1108 3722; x_wconf 85' lang='lat' dir='ltr'>etiam</span> <span class='ocrx_word' id='word_1_265' title='bbox 1126 3670 1169 3734; x_wconf 89' lang='lat' dir='ltr'>hi,</span> <span class='ocrx_word' id='word_1_266' title='bbox 1187 3671 1236 3738; x_wconf 87' lang='lat' dir='ltr'>qui</span> <span class='ocrx_word' id='word_1_267' title='bbox 1253 3673 1298 3723; x_wconf 84' lang='lat' dir='ltr'>vel</span> <span class='ocrx_word' id='word_1_268' title='bbox 1309 3667 1429 3722; x_wconf 64' lang='lat' dir='ltr'>auindicta</span> <span class='ocrx_word' id='word_1_269' title='bbox 1443 3657 1480 3711; x_wconf 75' lang='lat' dir='ltr'>vel</span> 
     </span>
     <span class='ocr_line' id='line_1_31' title="bbox 237 3750 1479 3820; baseline -0.007 -10"><span class='ocrx_word' id='word_1_270' title='bbox 237 3772 321 3810; x_wconf 83' lang='lat' dir='ltr'>seusu</span> <span class='ocrx_word' id='word_1_271' title='bbox 338 3753 615 3808; x_wconf 80' lang='lat' dir='ltr'>maamnittebauturi</span> <span class='ocrx_word' id='word_1_272' title='bbox 633 3750 780 3820; x_wconf 87' lang='lat' dir='ltr'>quaeritur.</span> <span class='ocrx_word' id='word_1_273' title='bbox 812 3753 868 3804; x_wconf 89' lang='lat' dir='ltr'>Pro</span> <span class='ocrx_word' id='word_1_274' title='bbox 886 3753 1077 3805; x_wconf 86' lang='lat' dir='ltr'>affirmantium</span> <span class='ocrx_word' id='word_1_275' title='bbox 1103 3755 1237 3808; x_wconf 85' lang='lat' dir='ltr'>sententia</span> <span class='ocrx_word' id='word_1_276' title='bbox 1263 3753 1387 3820; x_wconf 87' lang='lat' dir='ltr'>inprimis</span> <span class='ocrx_word' id='word_1_277' title='bbox 1404 3752 1479 3802; x_wconf 76' lang='lat' dir='ltr'>faeere</span> 
     </span>
     <span class='ocr_line' id='line_1_32' title="bbox 238 3829 1478 3906; baseline -0.004 -15"><span class='ocrx_word' id='word_1_278' title='bbox 238 3840 381 3896; x_wconf 85' lang='lat' dir='ltr'>videntur:</span> <span class='ocrx_word' id='word_1_279' title='bbox 401 3837 559 3904; x_wconf 83' lang='lat' dir='ltr'>Gaj.1.29.</span> <span class='ocrx_word' id='word_1_280' title='bbox 578 3841 621 3889; x_wconf 80' lang='lat'>31.</span> <span class='ocrx_word' id='word_1_281' title='bbox 639 3837 746 3903; x_wconf 84' lang='lat' dir='ltr'>Fragm.</span> <span class='ocrx_word' id='word_1_282' title='bbox 764 3835 873 3889; x_wconf 88' lang='lat' dir='ltr'>Dosith.</span> <span class='ocrx_word' id='word_1_283' title='bbox 891 3837 912 3903; x_wconf 66' lang='grc' dir='ltr'>ξ.</span> <span class='ocrx_word' id='word_1_284' title='bbox 933 3842 973 3890; x_wconf 85' lang='lat'>16.</span> <span class='ocrx_word' id='word_1_285' title='bbox 994 3839 1068 3906; x_wconf 85' lang='lat'>(14).</span> <span class='ocrx_word' id='word_1_286' title='bbox 1086 3839 1227 3905; x_wconf 86' lang='lat' dir='ltr'>Theophil.</span> <span class='ocrx_word' id='word_1_287' title='bbox 1249 3838 1375 3906; x_wconf 88' lang='lat' dir='ltr'>parapbr.</span> <span class='ocrx_word' id='word_1_288' title='bbox 1397 3835 1417 3886; x_wconf 92' lang='lat'>1.</span> <span class='ocrx_word' id='word_1_289' title='bbox 1434 3829 1478 3882; x_wconf 60' lang='lat' dir='ltr'>Tit</span> 
     </span>
     <span class='ocr_line' id='line_1_33' title="bbox 237 3921 1479 3992; baseline -0.014 -12"><span class='ocrx_word' id='word_1_290' title='bbox 237 3925 273 3980; x_wconf 86' lang='lat' dir='ltr'>V.</span> <span class='ocrx_word' id='word_1_291' title='bbox 291 3926 312 3992; x_wconf 64' lang='grc' dir='ltr'>ξ.</span> <span class='ocrx_word' id='word_1_292' title='bbox 330 3931 355 3978; x_wconf 79' lang='lat'>4.</span> <span class='ocrx_word' id='word_1_293' title='bbox 374 3921 538 3991; x_wconf 83' lang='lat' dir='ltr'>Negantium</span> <span class='ocrx_word' id='word_1_294' title='bbox 549 3928 647 3989; x_wconf 75' lang='lat' dir='ltr'>&#39;partes</span> <span class='ocrx_word' id='word_1_295' title='bbox 665 3928 756 3974; x_wconf 87' lang='lat' dir='ltr'>tuetur</span> <span class='ocrx_word' id='word_1_296' title='bbox 773 3921 916 3974; x_wconf 87' lang='lat' dir='ltr'>Goesoben</span> <span class='ocrx_word' id='word_1_297' title='bbox 933 3922 950 3973; x_wconf 91' lang='lat' dir='ltr'>l.</span> <span class='ocrx_word' id='word_1_298' title='bbox 969 3922 986 3972; x_wconf 92' lang='lat' dir='ltr'>l.</span> <span class='ocrx_word' id='word_1_299' title='bbox 998 3937 1025 3986; x_wconf 88' lang='lat' dir='ltr'>p.</span> <span class='ocrx_word' id='word_1_300' title='bbox 1038 3926 1197 3978; x_wconf 80' lang='lat'>243-246.</span> <span class='ocrx_word' id='word_1_301' title='bbox 1212 3927 1249 3977; x_wconf 74' lang='lat' dir='ltr'>At</span> <span class='ocrx_word' id='word_1_302' title='bbox 1267 3923 1321 3976; x_wconf 89' lang='lat' dir='ltr'>vid.</span> <span class='ocrx_word' id='word_1_303' title='bbox 1340 3936 1408 3990; x_wconf 89' lang='lat' dir='ltr'>quae</span> <span class='ocrx_word' id='word_1_304' title='bbox 1424 3929 1479 3966; x_wconf 90' lang='lat' dir='ltr'>con-</span> 
     </span>
     <span class='ocr_line' id='line_1_34' title="bbox 238 4003 971 4074; baseline -0.004 -13"><span class='ocrx_word' id='word_1_305' title='bbox 238 4013 279 4061; x_wconf 85' lang='lat' dir='ltr'>tra</span> <span class='ocrx_word' id='word_1_306' title='bbox 297 4009 419 4074; x_wconf 85' lang='lat' dir='ltr'>disputat</span> <span class='ocrx_word' id='word_1_307' title='bbox 437 4008 471 4058; x_wconf 88' lang='lat' dir='ltr'>de</span> <span class='ocrx_word' id='word_1_308' title='bbox 488 4009 640 4073; x_wconf 79' lang='lat' dir='ltr'>Vaugerow</span> <span class='ocrx_word' id='word_1_309' title='bbox 659 4010 676 4060; x_wconf 94' lang='grc'><strong>1.</strong></span> <span class='ocrx_word' id='word_1_310' title='bbox 695 4009 712 4059; x_wconf 93' lang='grc'><strong>1.</strong></span> <span class='ocrx_word' id='word_1_311' title='bbox 730 4007 751 4072; x_wconf 62' lang='grc' dir='ltr'>ξ.</span> <span class='ocrx_word' id='word_1_312' title='bbox 769 4011 829 4058; x_wconf 85' lang='grc'>5-</span> <span class='ocrx_word' id='word_1_313' title='bbox 840 4009 865 4058; x_wconf 82' lang='grc' dir='ltr'>θ.</span> <span class='ocrx_word' id='word_1_314' title='bbox 883 4003 971 4058; x_wconf 75' lang='lat' dir='ltr'>mma</span> 
     </span>
    </p>

    <p class='ocr_par' dir='ltr' id='par_1_7' title="bbox 238 4084 1480 4582">
     <span class='ocr_line' id='line_1_35' title="bbox 306 4084 1479 4161; baseline -0.003 -17"><span class='ocrx_word' id='word_1_315' title='bbox 306 4095 336 4161; x_wconf 82' lang='lat' dir='ltr'>a)</span> <span class='ocrx_word' id='word_1_316' title='bbox 357 4095 463 4146; x_wconf 82' lang='lat' dir='ltr'>Causae</span> <span class='ocrx_word' id='word_1_317' title='bbox 477 4091 660 4158; x_wconf 83' lang='lat' dir='ltr'>probationes,</span> <span class='ocrx_word' id='word_1_318' title='bbox 673 4094 716 4144; x_wconf 82' lang='lat' dir='ltr'>vet</span> <span class='ocrx_word' id='word_1_319' title='bbox 727 4090 846 4143; x_wconf 83' lang='lat' dir='ltr'>maxime</span> <span class='ocrx_word' id='word_1_320' title='bbox 860 4090 977 4144; x_wconf 85' lang='lat' dir='ltr'>civitatis</span> <span class='ocrx_word' id='word_1_321' title='bbox 988 4093 1197 4160; x_wconf 77' lang='lat' dir='ltr'>consequendae</span> <span class='ocrx_word' id='word_1_322' title='bbox 1210 4094 1299 4159; x_wconf 78' lang='lat' dir='ltr'>gratia</span> <span class='ocrx_word' id='word_1_323' title='bbox 1312 4088 1370 4144; x_wconf 83' lang='lat' dir='ltr'>fieri</span> <span class='ocrx_word' id='word_1_324' title='bbox 1386 4084 1479 4140; x_wconf 74' lang='lat' dir='ltr'>sobbe.</span> 
     </span>
     <span class='ocr_line' id='line_1_36' title="bbox 238 4166 1480 4246; baseline -0.007 -15"><span class='ocrx_word' id='word_1_325' title='bbox 238 4183 286 4232; x_wconf 86' lang='lat' dir='ltr'>aut</span> <span class='ocrx_word' id='word_1_326' title='bbox 302 4179 378 4246; x_wconf 91' lang='lat' dir='ltr'>apud</span> <span class='ocrx_word' id='word_1_327' title='bbox 394 4176 539 4231; x_wconf 88' lang='lat' dir='ltr'>eonsilium</span> <span class='ocrx_word' id='word_1_328' title='bbox 556 4175 783 4243; x_wconf 83' lang='lat' dir='ltr'>expediebantur,</span> <span class='ocrx_word' id='word_1_329' title='bbox 794 4180 843 4226; x_wconf 85' lang='lat' dir='ltr'>aut</span> <span class='ocrx_word' id='word_1_330' title='bbox 860 4177 935 4242; x_wconf 89' lang='lat' dir='ltr'>apud</span> <span class='ocrx_word' id='word_1_331' title='bbox 950 4177 1147 4242; x_wconf 78' lang='lat' dir='ltr'>magistratum.</span> <span class='ocrx_word' id='word_1_332' title='bbox 1164 4177 1201 4228; x_wconf 88' lang='lat' dir='ltr'>Et</span> <span class='ocrx_word' id='word_1_333' title='bbox 1217 4183 1326 4244; x_wconf 87' lang='lat' dir='ltr'>propter</span> <span class='ocrx_word' id='word_1_334' title='bbox 1344 4166 1480 4228; x_wconf 67' lang='lat' dir='ltr'>manumis-</span> 
     </span>
     <span class='ocr_line' id='line_1_37' title="bbox 240 4260 1480 4330; baseline -0.01 -16"><span class='ocrx_word' id='word_1_335' title='bbox 240 4262 331 4314; x_wconf 87' lang='lat' dir='ltr'>siones</span> <span class='ocrx_word' id='word_1_336' title='bbox 349 4262 460 4330; x_wconf 88' lang='lat' dir='ltr'>quidem</span> <span class='ocrx_word' id='word_1_337' title='bbox 478 4263 553 4329; x_wconf 89' lang='lat' dir='ltr'>apud</span> <span class='ocrx_word' id='word_1_338' title='bbox 570 4260 714 4313; x_wconf 86' lang='lat' dir='ltr'>consilium</span> <span class='ocrx_word' id='word_1_339' title='bbox 733 4260 879 4325; x_wconf 87' lang='lat' dir='ltr'>approbari</span> <span class='ocrx_word' id='word_1_340' title='bbox 897 4277 1008 4314; x_wconf 86' lang='lat' dir='ltr'>oausam</span> <span class='ocrx_word' id='word_1_341' title='bbox 1026 4276 1135 4314; x_wconf 86' lang='lat' dir='ltr'>neeesse</span> <span class='ocrx_word' id='word_1_342' title='bbox 1153 4265 1219 4325; x_wconf 83' lang='lat' dir='ltr'>erat,</span> <span class='ocrx_word' id='word_1_343' title='bbox 1238 4263 1272 4313; x_wconf 86' lang='lat' dir='ltr'>de</span> <span class='ocrx_word' id='word_1_344' title='bbox 1289 4276 1376 4328; x_wconf 89' lang='lat' dir='ltr'>eoque</span> <span class='ocrx_word' id='word_1_345' title='bbox 1393 4264 1480 4308; x_wconf 86' lang='lat' dir='ltr'>causae</span> 
     </span>
     <span class='ocr_line' id='line_1_38' title="bbox 240 4332 1479 4413; baseline -0.012 -15"><span class='ocrx_word' id='word_1_346' title='bbox 240 4347 409 4412; x_wconf 87' lang='lat' dir='ltr'>probationis</span> <span class='ocrx_word' id='word_1_347' title='bbox 432 4362 530 4413; x_wconf 81' lang='lat' dir='ltr'>genere</span> <span class='ocrx_word' id='word_1_348' title='bbox 547 4347 696 4411; x_wconf 87' lang='lat' dir='ltr'>loquuntur</span> <span class='ocrx_word' id='word_1_349' title='bbox 712 4343 799 4410; x_wconf 88' lang='lat' dir='ltr'>Gajus</span> <span class='ocrx_word' id='word_1_350' title='bbox 819 4345 840 4396; x_wconf 93' lang='lat'>1.</span> <span class='ocrx_word' id='word_1_351' title='bbox 853 4345 874 4411; x_wconf 67' lang='lat' dir='ltr'>t.</span> <span class='ocrx_word' id='word_1_352' title='bbox 894 4347 1019 4397; x_wconf 81' lang='lat'>18-20.</span> <span class='ocrx_word' id='word_1_353' title='bbox 1037 4351 1064 4396; x_wconf 90' lang='lat' dir='ltr'>ct</span> <span class='ocrx_word' id='word_1_354' title='bbox 1081 4344 1215 4411; x_wconf 87' lang='lat' dir='ltr'>Ulpianus</span> <span class='ocrx_word' id='word_1_355' title='bbox 1234 4347 1256 4398; x_wconf 92' lang='lat'>1.</span> <span class='ocrx_word' id='word_1_356' title='bbox 1270 4347 1291 4413; x_wconf 63' lang='lat' dir='ltr'>t.</span> <span class='ocrx_word' id='word_1_357' title='bbox 1307 4351 1346 4398; x_wconf 88' lang='grc'><strong>12.</strong></span> <span class='ocrx_word' id='word_1_358' title='bbox 1361 4347 1399 4397; x_wconf 81' lang='lat'>18.</span> <span class='ocrx_word' id='word_1_359' title='bbox 1415 4332 1479 4391; x_wconf 84' lang='lat' dir='ltr'>Reli·</span> 
     </span>
     <span class='ocr_line' id='line_1_39' title="bbox 239 4428 1479 4498; baseline -0.008 -18"><span class='ocrx_word' id='word_1_360' title='bbox 239 4446 369 4497; x_wconf 85' lang='lat' dir='ltr'>quarum,</span> <span class='ocrx_word' id='word_1_361' title='bbox 390 4447 460 4498; x_wconf 85' lang='lat' dir='ltr'>quae</span> <span class='ocrx_word' id='word_1_362' title='bbox 485 4433 590 4483; x_wconf 86' lang='lat' dir='ltr'>Romae</span> <span class='ocrx_word' id='word_1_363' title='bbox 616 4429 689 4495; x_wconf 89' lang='lat' dir='ltr'>apud</span> <span class='ocrx_word' id='word_1_364' title='bbox 712 4429 886 4492; x_wconf 85' lang='lat' dir='ltr'>Praotorem,</span> <span class='ocrx_word' id='word_1_365' title='bbox 906 4428 933 4481; x_wconf 92' lang='lat' dir='ltr'>in</span> <span class='ocrx_word' id='word_1_366' title='bbox 958 4429 1104 4495; x_wconf 85' lang='lat' dir='ltr'>provinciis</span> <span class='ocrx_word' id='word_1_367' title='bbox 1130 4431 1204 4496; x_wconf 88' lang='lat' dir='ltr'>apud</span> <span class='ocrx_word' id='word_1_368' title='bbox 1228 4430 1371 4483; x_wconf 84' lang='lat' dir='ltr'>Praesides</span> <span class='ocrx_word' id='word_1_369' title='bbox 1398 4431 1479 4476; x_wconf 85' lang='lat' dir='ltr'>earum</span> 
     </span>
     <span class='ocr_line' id='line_1_40' title="bbox 242 4502 1479 4582; baseline -0.008 -16"><span class='ocrx_word' id='word_1_370' title='bbox 242 4515 354 4575; x_wconf 82' lang='lat' dir='ltr'>fiebant,</span> <span class='ocrx_word' id='word_1_371' title='bbox 373 4514 475 4579; x_wconf 82' lang='lat' dir='ltr'>duplex</span> <span class='ocrx_word' id='word_1_372' title='bbox 499 4514 550 4566; x_wconf 84' lang='lat' dir='ltr'>luit</span> <span class='ocrx_word' id='word_1_373' title='bbox 574 4511 696 4578; x_wconf 84' lang='lat' dir='ltr'>speeies:</span> <span class='ocrx_word' id='word_1_374' title='bbox 715 4515 816 4578; x_wconf 82' lang='lat' dir='ltr'>altera,</span> <span class='ocrx_word' id='word_1_375' title='bbox 836 4529 905 4581; x_wconf 82' lang='lat' dir='ltr'>quae</span> <span class='ocrx_word' id='word_1_376' title='bbox 932 4515 1050 4568; x_wconf 87' lang='lat' dir='ltr'>anniculi</span> <span class='ocrx_word' id='word_1_377' title='bbox 1074 4516 1183 4570; x_wconf 85' lang='lat' dir='ltr'>nominc</span> <span class='ocrx_word' id='word_1_378' title='bbox 1205 4517 1299 4582; x_wconf 83' lang='lat' dir='ltr'>tiebat,</span> <span class='ocrx_word' id='word_1_379' title='bbox 1322 4524 1433 4576; x_wconf 85' lang='lat' dir='ltr'>eumque</span> <span class='ocrx_word' id='word_1_380' title='bbox 1457 4502 1479 4552; x_wconf 80' lang='lat' dir='ltr'>in</span> 
     </span>
    </p>
   </div>
   <div class='ocr_carea' id='block_1_7' title="bbox 0 0 1555 5154">
    <p class='ocr_par' dir='ltr' id='par_1_8' title="bbox 0 0 1555 5154">
     <span class='ocr_line' id='line_1_41' title="bbox 0 0 1555 5154; baseline 0 0"><span class='ocrx_word' id='word_1_381' title='bbox 0 0 1555 5154; x_wconf 95' lang='lat' dir='ltr'> </span> 
     </span>
    </p>
   </div>
  </div>
 </body>
</html>
