3130 5148
397 997 701 1108 inaurium
727 1031 1024 1108 uauucuor.

650 1256 755 1291 -φ-

84 1425 348 1548 Antiquitatum
362 1461 585 1526 Romanarum
596 1459 889 1546 jurisprudentiam
903 1455 1133 1526 illustrantium
1147 1461 1337 1548 syntagma,

81 1573 168 1655 cujus
190 1590 313 1635 novam
334 1569 514 1633 editionem
541 1577 676 1652 rogatus
699 1590 719 1631 a
741 1567 824 1632 Viro
847 1567 1108 1652 Honestissima,
1128 1571 1231 1634 Henr.
1254 1571 1338 1634 Lud.

81 1675 288 1758 Broennero,
304 1677 492 1762 bibliopola
510 1675 781 1740 Francofurtensi
804 1675 969 1760 primario,
990 1677 1122 1760 paravi,
1138 1686 1230 1742 tanta
1253 1679 1339 1746 ultra

81 1784 179 1848 seculi
195 1785 370 1848 decursum
390 1786 518 1871 gratiae
536 1791 637 1870 atque
658 1783 863 1847 auctoritatis
879 1783 1065 1850 constantia
1086 1785 1208 1867 floruit,
1225 1796 1260 1850 ut
1275 1786 1338 1850 hac

82 1892 173 1955 sortis
189 1893 418 1976 perpetuitate
436 1893 601 1978 geminum
616 1891 745 1976 ingenii
760 1891 981 1957 Heinecciani
998 1893 1134 1976 foetum,
1151 1915 1217 1956 non
1234 1895 1338 1958 minus

81 2000 224 2063 omnium
244 1999 325 2062 olim
348 2001 495 2070 manibus
521 2007 713 2082 tractatum,
729 1998 923 2084 Elementa,
941 2011 1038 2085 puta,
1052 2001 1136 2086 juris
1158 2000 1264 2064 civilis
1286 2023 1338 2064 se-

82 2107 221 2170 cundum
247 2095 497 2174 Institutionum
521 2107 671 2169 ordinem
694 2107 908 2192 concinnata,
936 2129 1022 2172 nunc
1046 2109 1180 2194 quidem
1203 2130 1339 2202 supera7

81 2216 173 2279 verit.
201 2213 304 2291 Quod
328 2237 370 2278 eo
388 2201 501 2300 ⁴magis
523 2215 704 2278 mirandum
730 2211 878 2297 videtur,
902 2238 968 2300 quo
995 2218 1100 2280 minus
1123 2217 1189 2280 dici
1210 2227 1335 2302 potest,

83 2332 205 2408 quanta
220 2343 293 2384 cum
317 2322 526 2409 negligentia
541 2321 663 2388 versati
677 2322 751 2398 sint,
770 2329 935 2407 quotquot
951 2321 1138 2406 repetendo
1154 2324 1337 2387 identidem

83 2431 174 2516 operi
199 2430 448 2515 Antiquitatum
471 2430 694 2494 Romanarum
723 2428 777 2493 vel
805 2429 882 2494 vivo
911 2438 1065 2512 auctore,
1092 2429 1147 2494 vel
1169 2439 1245 2516 post
1268 2433 1338 2516 ejus

83 2539 205 2602 obitum
229 2539 507 2622 praefuerunt*).
529 2537 619 2600 Hinc
643 2561 662 2600 a
676 2536 756 2601 novi
773 2537 911 2601 editoris
934 2560 1076 2622 persona
1097 2538 1231 2601 minime
1254 2538 1339 2602 alie-

51 2727 53 2731 ·
82 2667 154 2708 num
173 2646 256 2710 duxi
272 2646 432 2710 nonnulla
448 2645 592 2731 praefari
607 2646 649 2709 de
668 2644 1074 2729 superiorum,editionum
1092 2647 1188 2729 serie,
1205 2648 1338 2712 dotibus

83 2763 179 2839 atque
195 2754 299 2836 vitiis,
319 2763 507 2840 antequam,
527 2753 658 2838 qualem
674 2755 745 2838 ipse
765 2753 798 2816 in
813 2752 878 2817 hoc
893 2756 1032 2840 negotio
1055 2755 1203 2840 gerendo
1219 2777 1339 2841 sequu-

82 2861 212 2925 tussim
236 2863 367 2925 consilii
388 2863 567 2944 rationem,
593 2882 789 2924 enarrarem.
812 2862 1034 2926 Innotuerunt
1054 2871 1163 2926 autem
1186 2864 1281 2946 mihi,
1303 2865 1337 2926 in

81 2991 250 3034 numerum
282 2978 317 3034 et
343 2970 537 3034 varietatem
569 2969 683 3034 harum
712 2968 894 3033 editionum
927 2969 1108 3054 diligenter
1135 2970 1338 3056 inquirenti,

81 3078 216 3156 qmnino
235 3079 462 3161 duodeviginti,
484 3098 620 3162 quarum
642 3081 777 3160 queisque
793 3081 918 3160 priam
935 3077 1013 3141 vivo
1030 3087 1064 3141 et
1085 3079 1262 3162 superstite
1281 3101 1340 3142 au-

82 3195 173 3250 ctore
194 3186 231 3248 iu
251 3183 359 3248 lucem
380 3185 586 3269 prodierunt,
608 3185 759 3271 reliquae
778 3186 925 3247 tredecim
947 3184 1104 3270 postumia
1127 3193 1201 3248 sunt
1217 3185 1340 3249 adcen-

81 3291 215 3357 sendae.
243 3293 295 3356 En
322 3292 523 3377 singularum
546 3293 707 3375 iudicem,
734 3315 871 3379 quarum
895 3313 968 3374 eas,
993 3313 1073 3376 quas
1095 3291 1166 3376 ipse
1189 3293 1339 3374 tractavi,

82 3399 222 3464 stellulis
238 3399 363 3484 placuit
383 3399 597 3486 distinguere.
615 3403 677 3482 *1)
698 3401 803 3464 Halae
816 3410 922 3464 sumtu
942 3406 1016 3464 nova·
1027 3402 1190 3482 bailiopclai‘
1200 3401 1293 3476 1719.
1309 3401 1339 3464 8.

82 3511 121 3572 P.
131 3511 157 3570 Ι.
167 3530 270 3590 pagg.
285 3507 656 3593 548.1².11.pagg.410.
671 3528 744 3572 cum
760 3507 905 3592 epistola
914 3508 1154 3592 nuncupatoria
1167 3508 1209 3572 ad
1225 3509 1339 3570 Christ.

132 3762 165 3830 ⁸)
184 3759 285 3828 Arcuit
302 3762 372 3814 hauc
388 3760 543 3814 socordiam
556 3760 617 3828 jam
631 3763 706 3816 trous
723 3761 785 3828 ipsa
796 3759 947 3814 editionum
961 3777 979 3812 a
990 3766 1100 3830 quarta,
1118 3765 1256 3830 quotquot
1275 3775 1340 3814 ocu-

82 3846 114 3900 lis
131 3846 278 3914 usurpavi,
296 3843 432 3908 omnium,
450 3845 474 3898 si
488 3847 523 3898 ab
541 3847 589 3908 iis,
605 3863 674 3918 quac
689 3847 811 3912 Operum
828 3845 1075 3900 Heineocianorum
1095 3847 1205 3912 corpori
1222 3846 1341 3898 insertae

81 3936 161 3994 suat,
179 3928 346 3982 discesseris.
365 3930 443 3993 Quae
460 3923 532 3984 euim
550 3931 579 3984 iu
591 3931 671 3984 titulo
684 3931 779 3984 tertiae
796 3929 933 3995 editionis,
951 3945 1029 3994 anno,
1043 3935 1118 3985 17³0.
1137 3933 1276 3997 vulgatae,
1291 3945 1340 3982 au-

81 4015 150 4068 ctori
175 4014 278 4068 tributa
296 4016 385 4068 meret
402 4015 519 4082 dignitas
540 4015 697 4070 Conciliarii
714 4019 801 4070 Aulac
825 4015 916 4082 regiae
933 4017 1099 4079 Borussicae
1117 4021 1144 4067 et
1158 4016 1187 4066 in
1208 4015 1340 4068 Viedrina

80 4100 229 4154 Academia
242 4098 444 4154 Pandeotarum
462 4107 489 4153 et
503 4101 698 4168 Philosophiae
715 4107 766 4156 rat.
784 4107 811 4154 et
830 4115 898 4156 mor.
916 4103 1086 4156 Professoris
1104 4103 1137 4153 Ρ.
1151 4101 1200 4162 0.,
1222 4100 1359 4167 (quippe-

80 4187 156 4253 quod
174 4186 335 4238 Heiaecea'as
353 4200 414 4238 eam
440 4191 499 4240 tum
524 4187 654 4253 temporis
675 4188 817 4256 usquead
838 4203 941 4240 annum
964 4193 1039 4242 1⁷33.
1058 4199 1144 4254 quoe
1162 4184 1295 4236 viadrina
1311 4185 1340 4237 in

79 4271 229 4324 Haleasem
240 4267 425 4324 Academiam
437 4277 566 4329 evocatus
584 4277 639 4336 est,
658 4287 720 4326 vere
737 4273 890 4339 tuebatur),
908 4273 1032 4326 eamdem
1050 4268 1191 4337 aequiores
1206 4269 1340 4323 editiones

79 4369 174 4410 omnes
195 4356 369 4410 immutatam
393 4354 576 4422 retinuerunt,
595 4358 719 4425 quamvis
744 4363 839 4412 auctor
859 4357 907 4412 illa
924 4372 1037 4410 munera
1059 4359 1123 4420 post
1143 4353 1293 4408 discessum
1311 4354 1340 4408 in

78 4437 229 4492 liniensem
248 4439 401 4494 litterarum
420 4439 631 4496 Universitatcm
645 4459 708 4496 cum
719 4443 780 4520 aliis
799 4446 1007 4502 commutasset,
1025 4443 1052 4490 et
1068 4437 1098 4496 in
1111 4439 1162 4492 hac
1180 4455 1340 4506 supremum

78 4523 151 4576 diem
169 4524 293 4578 obiisset
