3062 5156
341 389 396 461 Da
421 389 576 458 Torems
601 383 761 461 'I'nsram
787 394 919 460 Luam.
938 391 1026 462 Dar.
1245 400 1315 472 16⁵

73 570 175 653 liquet.
196 567 346 654 Veteres
356 565 568 651 legislatores
587 566 723 630 mirifice
740 566 794 629 hic
811 565 1047 652 discreparant.
1063 568 1167 634 Solon
1187 569 1315 656 adgna-

73 687 114 740 tos
138 699 156 755 a
181 672 292 739 tutela-
317 675 550 758 prohibuerat,
577 675 701 738 veritus
723 673 840 757 procul
872 676 990 758 dubio,
1025 697 1068 740 ne
1094 678 1313 742 hereditatem

73 803 176 866 capere
202 781 343 845 mallent
355 829 366 864 ,
390 803 485 866 quam
508 791 712 866 exspectare.
740 783 830 844 Hinc
855 784 966 866 potius
996 787 1145 870 cognatis
1171 787 1315 851 credidit

72 888 220 975 pupillos,
242 909 306 951 nec
325 890 484 973 proximis
505 898 616 954 tamen
638 911 783 974 semper,
807 889 865 954 sed
884 912 1107 978 quoscumque
1126 895 1314 959 Archontes

72 998 201 1060 idoneos
210 997 436 1081 judicassent:
462 997 563 1080 Diog.
581 998 692 1062 Laert.
710 999 737 1060 Ι.
755 997 806 1060 56.
822 997 923 1062 Petit.
942 1002 981 1062 de
998 1003 1082 1083 legg.
1098 1004 1194 1064 Arm.
1215 1003 1267 1064 VI.
1283 1002 1313 1064 7.

72 1106 247 1169 Charondae
279 1112 410 1185 contra,
436 1104 584 1187 sejuncta
614 1104 823 1168 educationis
846 1105 1074 1190 bonorumque
1101 1129 1196 1190 cura,
1220 1109 1313 1173 illam

71 1235 157 1297 penes
178 1221 354 1297 cognatos,
367 1211 453 1274 hanc
465 1232 568 1294 penes
585 1211 747 1294 adgnatos
764 1233 835 1276 esee
854 1213 971 1294 voluit,
984 1235 1083 1298 quum
1100 1215 1229 1278 necilli
1246 1215 1311 1279 tol·-

71 1323 149 1386 lendi
164 1343 182 1384 e
200 1319 317 1384 medio
330 1318 461 1403 pupilli,
479 1338 541 1392 nec
555 1318 590 1381 hi
606 1319 868 1402 dissipandamm
881 1319 1073 1385 facrrltatum
1089 1320 1189 1384 ullam
1209 1321 1314 1386 hahe-

71 1438 132 1493 rent
154 1447 320 1492 caussam:
347 1426 450 1490 Diod.
469 1426 533 1490 Sic.
557 1429 702 1490 nectare.
727 1428 801 1489 XII.
816 1449 851 1509 p.
870 1426 922 1490 Sl.
964 1428 1122 1512 Denique
1145 1430 1315 1513 Lycurgus

73 1539 216 1620 adgnatos
236 1534 410 1620 proximos
428 1533 470 1598 ad
492 1533 632 1599 tutelam
652 1535 795 1615 vocavit,
813 1535 924 1598 forsan
941 1535 1032 1619 quod
1050 1536 1085 1599 iu
1103 1543 1196 1600 tanta
1214 1537 1309 1620 Spar·

73 1653 203 1708 tanarum
229 1642 439 1706 continentia
457 1650 492 1704 et
517 1649 714 1726 paupertate
731 1663 798 1705 non
820 1642 996 1706 admodum
1015 1651 1242 1708 metuerentur
1262 1646 1315 1708 in-

74 1751 168 1814 sidiae.
188 1749 392 1833 Exemplum
415 1769 493 1812 sane
516 1749 688 1834 legitimae
712 1749 929 1835 adgnatorum
953 1751 1079 1814 tutelae
1100 1750 1240 1835 Spartae
1259 1773 1315 1816 re-

74 1867 171 1942 ceptae
184 1867 234 1922 est
252 1857 342 1941 apud
356 1856 522 1952 Herodot.
531 1860 557 1920 I.
567 1857 617 1920 65.
631 1857 687 1920 ubi
699 1858 770 1941 ipse
780 1858 949 1942 Lycurgus
961 1858 1083 1921 dicitur
1092 1859 1314 1944 ἐπιτροπεύσας

73 1966 239 2051 Λεωβώτεω,
261 1963 445 2046 ἀδελφιδέου
463 1967 517 2047 μὲν
531 1969 661 2042 saeros,
675 1963 892 2050 βασιλεύοντος
908 1965 942 2030 δὲ
953 1971 1180 2048 Σπαρτιητέων.
1206 1969 1313 2046 mcor,

74 2075 180 2135 etidem
192 2081 336 2154 patruus
349 2073 479 2134 L'eobotr'
494 2073 731 2154 Spartiatarum
746 2074 854 2156 Regis.
869 2072 959 2135 Add.
973 2069 1070 2156 Crag.
1087 2073 1126 2135 de
1143 2075 1218 2156 Rep.
1236 2075 1313 2137 Leo.

75 2181 107 2239 ll.
117 2181 162 2241 11.
184 2181 368 2264 Spartanos
389 2201 469 2262 ergo
494 2179 615 2242 imitati
632 2180 788 2242 videntur
804 2179 1005 2243 Decemviri.
1027 2181 1310 2244 Lacedaemonio-

74 2308 129 2349 mm
146 2309 220 2350 sane
238 2307 309 2350 non
325 2287 445 2368 minus,
468 2308 564 2371 quam
582 2286 720 2350 aliorum
744 2285 963 2369 Graecorum,
980 2288 1131 2352 instituta
1150 2289 1312 2372 quaedam

73 2393 99 2455 in
114 2395 180 2457 Xll
201 2394 335 2458 tabulas
355 2395 529 2478 migrasse,
543 2394 739 2480 jamdudum
760 2396 978 2458 observarunt
995 2395 1190 2458 Athenaeus
1210 2396 1263 2457 VI.
1278 2417 1311 2478 p.

74 2499 130 2562 273.
145 2501 326 2587 Symmach.
343 2503 444 2584 Epist.
460 2502 519 2564 III.
534 2501 585 2563 11.
600 2501 764 2565 Ammian.
780 2500 965 2566 Marcellin.
982 2503 1021 2567 X
1021 2503 1052 2566 V
1048 2505 1072 2565 I.
1087 2503 1117 2566 5.

643 2674 673 2753 ὃ.
693 2673 724 2736 6.

241 2785 337 2840 Iletelc
355 2787 469 2856 legitimo
487 2788 647 2840 occasionem
666 2787 737 2840 dedit
746 2785 896 2856 fraudibus
913 2789 1134 2860 heredipetarum.

94 2949 102 2956 ,
143 2887 271 2952 Satisne
289 2908 368 2951 vero
387 2888 571 2971 prudenter
591 2909 663 2952 eam
679 2891 912 2972 Spartanorum
929 2888 1040 2972 legem
1055 2889 1190 2954 civitate
1209 2888 1312 2954 dona·

76 2991 129 3056 rint
151 2995 362 3078 Decemviri,
385 2995 444 3059 alii
471 2995 626 3060 viderint.
655 2997 732 3060 Non
759 3017 838 3061 sane
862 3003 955 3060 tanta
983 3007 1054 3060 erat
1074 2997 1312 3080 Romanorum,

77 3111 178 3182 quanta
199 3104 387 3184 Laconum,
404 3103 620 3185 continentia,
637 3125 705 3168 non
724 3105 811 3169 idem
831 3103 1008 3187 utrobique
1027 3100 1213 3168 divitiarum
1233 3125 1313 3167 con·

76 3212 187 3273 temtus.
225 3209 316 3273 Hinc
347 3218 398 3274 tot
426 3211 621 3295 iniquissimi
650 3211 889 3298 heredipetae,
917 3231 1054 3296 quorum
1089 3210 1313 3274 characterem

78 3319 195 3400 egregie
225 3326 459 3400 expresserunt
487 3318 579 3382 Pers.
601 3320 669 3382 Set.
692 3322 735 3382 II.
754 3343 782 3382 o.
803 3321 852 3384 12.
877 3319 927 3382 13.
950 3318 1069 3382 Horat.
1096 3318 1197 3380 Serm.
1219 3319 1263 3379 II.
1282 3318 1329 3387 5.
1417 3365 1423 3382 .

76 3421 211 3490 Juvenal.
233 3426 302 3487 Sat.
324 3427 358 3487 V.
378 3447 407 3486 o.
425 3425 476 3488 98.
496 3427 549 3490 VI.
564 3445 592 3489 v.
611 3426 662 3490 38.
684 3429 758 3491 XII.
773 3449 800 3490 u.
818 3427 869 3492 93.
892 3425 1037 3490 Martial.
1053 3425 1165 3512 Epr’gr.
1192 3426 1244 3487 VI.
1262 3423 1314 3488 63.

81 3528 153 3592 VIII.
169 3534 219 3597 17.
236 3532 391 3595 Thomas.
407 3534 542 3596 Dissert.
561 3535 600 3596 de
614 3536 729 3616 injusto
737 3538 817 3617 jure
833 3536 1001 3615 heredepet.
1015 3532 1148 3615 §.XIV
1164 3554 1209 3615 sq.
1222 3532 1315 3622 Byn-

77 3634 166 3702 lersh.
189 3643 230 3702 de
252 3647 404 3722 captator.
423 3643 570 3704 restitute.
588 3665 623 3726 p.
644 3641 716 3704 303.
736 3664 780 3725 sq.
813 3641 869 3705 An
891 3640 1049 3724 religioni
1070 3639 1316 3704 sibi'duxerint

78 3739 210 3810 homines
231 3755 298 3810 tarn
313 3745 397 3810 lucri
416 3748 547 3832 cupidi,
568 3749 746 3832 pupillum,
766 3750 856 3833 cujus
880 3748 1023 3833 proximi
1044 3747 1186 3812 heredes
1209 3756 1314 3830 erant,

78 3848 271 3918 interimere?
289 3852 346 3939 [cf.
362 3856 390 3936 δ.
403 3854 433 3918 3.
449 3856 526 3918 lust.
543 3858 582 3918 de
599 3857 682 3938 Pup.
702 3859 821 3920 substat.
838 3856 974 3921 Sueton.
995 3857 1084 3918 aare.
1100 3877 1125 3917 c.
1142 3851 1189 3938 9.]
1214 3853 1314 3917 Unde

78 3958 176 4022 mirum
191 3970 252 4044 est,
265 3961 504 4046 legislatoriam
516 3962 789 4030 Decemvirorum
809 3965 1018 4050 prudentiam
1037 3962 1099 4028 hac
1117 3962 1151 4026 in
1166 3981 1202 4024 re
1216 3981 1316 4045 quos-

79 4062 139 4128 dam
154 4076 328 4154 tantopere
344 4069 508 4134 admirari.

645 4227 673 4308 a.
695 4228 725 4289 7.

322 4339 372 4393 Tit.
394 4341 494 4394 XVII.
516 4341 598 4410 Orr'qo
616 4341 746 4422 legitimae
758 4354 936 4414 patronorum
955 4343 1059 4396 tutelae.

167 4441 206 4503 ln
232 4433 349 4503 iisdem
376 4463 476 4524 porro
501 4441 574 4505 XII
597 4443 717 4508 tabulis
744 4454 816 4508 erat
841 4445 1124 4509 constitutum281
1152 4457 1318 4508 utrunque

79 4557 254 4610 lll'l'llS'l'A'l'O
273 4565 438 4636 MORITUR,
453 4566 508 4613 cUl
521 4567 606 4615 SUUS
625 4569 735 4618 HERRS
751 4571 817 4618 NEC
829 4569 990 4636 ESOIT,A'1'
1002 4565 1180 4617 PATRDNUS
1191 4563 1319 4614 PATRO-
