3040 5164
311 370 445 455 Qumus
469 373 651 442 Aurenses.
677 373 788 444 Lean
813 372 888 440 Vnt.
914 372 1001 440 Nos.
1208 377 1298 448 409·

29 558 62 613 et
82 546 300 614 adventitiam
325 528 446 632 coepii.
469 547 683 629 Profectitin,
706 555 834 615 mortua
856 548 890 610 in
906 547 1113 614 matrimonio
1130 548 1280 629 muliere,

28 655 68 718 ad
85 664 215 738 patrem
231 662 302 718 tota
322 654 563 736 revertebatur,
579 656 648 718 sive
672 663 759 720 esset
781 652 1008 735 filiafamilias,
1024 655 1093 722 sive
1116 657 1165 718 sui
1180 657 1281 740 juris:

27 764 63 823 Ι..
80 761 133 822 59.
151 764 191 822 D.
207 762 270 824 Sol.
286 771 378 824 matr.
393 761 508 824 liberis
525 774 635 826 tamen
651 763 786 843 relictis,
803 762 835 824 in
856 762 1002 846 singulos
1019 761 1154 846 quintae
1169 770 1280 847 partes

28 871 208 932 manebant
228 889 332 952 penes
354 869 476 950 virum,
493 870 767 954 quemadmodum
785 877 836 950 et,
854 877 1065 953 praemortuo
1085 879 1197 953 patre,
1221 871 1281 934 dos

31 976 223 1060 profectitia
238 983 311 1038 tota
325 997 428 1059 penes
444 978 548 1039 virum
564 978 771 1040 remanebat:
789 977 926 1060 Ulpiani
941 978 1071 1058 Fragm.
1091 978 1143 1040 VI.
1156 979 1187 1038 4.
1209 977 1280 1041 Ad-

30 1084 169 1148 ventitia
185 1082 244 1145 dos
260 1105 389 1166 semper
403 1104 507 1166 penes
522 1085 671 1148 maritum
688 1083 880 1148 remanebat
896 1088 944 1164 ⁰):
961 1082 1088 1167 Cujacii
1106 1085 1282 1148 Obseroatt.
1355 1069 1359 1086 ⁸

33 1195 83 1253 lX.
96 1193 130 1254 4.
152 1198 382 1275 praeterquam
402 1192 428 1254 si
448 1192 486 1274 is,
511 1191 567 1276 qni
588 1192 738 1272 dederat,
755 1199 790 1254 ut
808 1191 869 1254 sibi
889 1189 1094 1271 redderetur,
1118 1193 1281 1255 111111ῒί-

33 1299 176 1384 pulatus:
205 1319 290 1382 quae
319 1297 377 1361 dos
405 1298 595 1381 specialiter
620 1303 782 1382 receptitin
809 1298 996 1362 dicebatur:
1024 1297 1187 1381 Ulpianus
1214 1302 1233 1360 l.
1255 1321 1280 1360 c.

33 1409 57 1487 §.
73 1408 102 1467 5.
118 1407 164 1486 f).
188 1403 283 1482 Quae
305 1413 416 1468 tamen
439 1407 549 1470 omnia
559 1407 637 1490 jure
658 1427 746 1470 novo
767 1414 890 1469 mutata
912 1426 1000 1487 esse,
1027 1425 1070 1467 ex
1084 1407 1122 1467 1..
1140 1405 1282 1468 11111
1383 1413 1389 1422 “

99 1653 316 1720 e)'Exemplum
339 1656 429 1704 tamen
452 1652 583 1719 Augusn',
608 1652 658 1720 qui
680 1652 779 1705 marito
804 1653 895 1704 dotem
914 1651 1089 1705 adventitiam
1108 1651 1281 1718 abjudicavit,

38 1743 122 1789 exstat
137 1737 212 1803 apud
231 1737 323 1789 Valer.
342 1736 421 1788 Max.
446 1736 507 1790 VII.
526 1743 550 1790 7.
570 1742 596 1790 4.
615 1737 670 1788 Sed
688 1744 746 1789 tum
764 1740 905 1804 Augustus
924 1736 986 1788 facti
1004 1735 1164 1802 indignitate
1182 1741 1281 1801 motus,

39 1823 120 1888 magis
136 1839 169 1874 eu
187 1836 277 1888 aequo
295 1825 322 1871 et
339 1819 420 1882 bone,
440 1837 520 1887 qnam
540 1837 574 1873 ex
589 1821 661 1888 juris
679 1821 769 1887 rigore
786 1824 829 1874 vel
846 1821 898 1873 sori
916 1837 977 1886 usu,
996 1821 1122 1884 decrevit,
1140 1825 1173 1871 ut
1189 1821 1283 1871 obser-

40 1913 80 1960 vat
95 1910 154 1961 Ant.
174 1905 360 1971 Schultingius
378 1906 414 1958 ad
436 1906 544 1973 Ulpiani
555 1907 664 1976 Fraprn.
690 1907 733 1960 VI.
744 1911 769 1960 5.
784 1925 813 1974 p.
831 1911 892 1959 582.
911 1907 991 1960 Heia.
1010 1907 1051 1958 Ci.
1070 1910 1097 1958 et
1115 1920 1198 1970 supra
1210 1905 1282 1972 Adp.

39 1993 151 2060 1145.
170 1996 228 2044 not.
248 1991 275 2042 d.
297 1989 381 2041 Miilrl.

98 2079 128 2143 f)
148 2077 233 2128 Recte
250 2073 423 2136 Heineccius,
442 2078 473 2125 ut
489 2073 569 2126 nobis
587 2075 698 2143 quidem
715 2075 830 2138 videtur,
845 2076 997 2130 discrimen.
1007 2077 1059 2128 hoo
1071 2072 1099 2128 in
1114 2077 1175 2128 loco
1187 2073 1283 2128 statuit
1371 2089 1377 2100 ·

39 2165 134 2214 nullum
153 2162 224 2214 iuter
242 2159 400 2223 mulierum,
420 2175 489 2227 quae
512 2159 671 2212 maritorum
696 2161 724 2212 in
742 2165 852 2212 manum
877 2160 1087 2224 conveniebant,
1113 2159 1282 2227 aliarumque

38 2247 118 2299 dotes.
145 2247 215 2298 Nam
234 2246 263 2297 in
280 2248 339 2296 sola
356 2244 559 2297 constituendae
581 2244 653 2296 dotis
671 2244 776 2298 ratione
794 2246 927 2313 quaedam
950 2245 1099 2310 apparebat
1123 2247 1282 2308 (differentia,

20 2333 168 2400 'siquidem
184 2331 212 2384 iu
229 2345 341 2382 manum
358 2328 543 2384 conveniendo
556 2331 655 2394 omnia,
674 2347 744 2398 quae
762 2329 883 2384 mulieris
900 2330 1017 2393 suerunt,
1029 2330 1081 2382 viri
1099 2329 1199 2380 fiebant
1216 2329 1283 2380 dotis

37 2418 138 2468 nomine
153 2416 222 2481 (Cic.
235 2415 300 2484 Top.
314 2435 336 2469 1.
347 2416 398 2482 4.),
413 2417 506 2466 contra
518 2429 583 2466 vero
595 2413 623 2465 in
636 2417 747 2484 reliquis
761 2415 939 2468 matrimoniis
952 2431 984 2466 ea
1002 2414 1198 2496 tantummodo,
1212 2430 1282 2481 quae

37 2502 63 2554 in
81 2499 172 2552 mariti
189 2501 257 2552 bona
275 2501 347 2552 dotis
365 2501 475 2551 nomine
492 2499 567 2552 illata
585 2497 656 2552 suut.
675 2501 800 2552 Ceterum
814 2517 899 2553 unum
913 2506 940 2552 et
957 2516 1057 2552 nomen
1074 2505 1100 2551 ct
1114 2499 1162 2566 jus
1176 2497 1282 2550 dotium

39 2593 175 2654 utramque
192 2584 220 2636 in
238 2601 349 2638 causam
367 2584 489 2638 similiter
506 2585 621 2637 valebat.
653 2585 739 2652 Cujus
757 2586 796 2638 rei
820 2587 849 2638 id
867 2590 1027 2652 argumento
1051 2586 1117 2637 satis
1134 2590 1188 2649 est,
1207 2583 1283 2651 quod

43 2669 260 2724 dissimilitudinis
283 2687 333 2722 ner.
351 2671 414 2722 vola
435 2686 485 2720 nee
508 2668 653 2735 vestigium
676 2671 762 2722 ullum
787 2673 861 2736 apud
885 2679 988 2724 veteres
1011 2669 1157 2736 scriptores
1183 2673 1282 2720 exstat.

44 2756 110 2806 liade
126 2755 211 2807 etiam
228 2755 398 2819 factumest,
416 2761 460 2818 ut,
480 2769 550 2821 quae
570 2754 599 2806 in
617 2756 703 2811 altero
720 2755 954 2809 matrimoniorum
971 2773 1070 2822 genere
1088 2755 1188 2808 usitata
1205 2756 1283 2806 eraut

47 2841 176 2902 vocabula,
197 2839 232 2890 ad
256 2841 370 2890 alterum
396 2838 474 2890 facile
500 2840 722 2900 transformatum
744 2841 817 2906 (vid.
835 2859 862 2894 v.
881 2861 903 2894 c.
929 2843 984 2895 Vnt.
1003 2843 1111 2909 Fropm.
1130 2839 1150 2906 ξ.
1172 2843 1229 2891 115.
1247 2866 1283 2876 -

45 2935 147 2988 „verum
166 2929 209 2975 est
217 2962 225 2987 ,
244 2925 319 2992 quod
337 2942 353 2977 a
372 2923 534 2992 quibusdam
553 2923 660 2988 dicitur,
679 2927 764 2977 onrnr'a
783 2927 810 2977 in
829 2928 912 2978 dotem
926 2953 959 2962 -
973 2956 1007 2965 -
1025 2926 1086 2977 dori
1097 2942 1184 2994 posse,
1203 2942 1283 2991 crya-

44 3019 117 3060 rnento
134 3027 188 3062 1111
209 3010 238 3060 in
256 3025 361 3060 manum
376 3011 569 3060 conventionem
577 3009 619 3074 '').
638 3010 695 3061 Nec
713 3010 796 3075 igitur
814 3012 978 3072 dubitamus,
992 3009 1057 3078 quin
1070 3027 1109 3073 ea,
1126 3025 1195 3076 quae
1211 3008 1282 3075 juris

45 3095 189 3148 maritorum
208 3094 364 3146 coarctandi
382 3109 465 3146 causa
483 3095 646 3159 pedetentim
664 3095 851 3161 invaluerunt,
866 3113 952 3163 aeque
976 3094 1005 3147 in
1028 3110 1108 3147 omne
1125 3095 1283 3160 nuptiarum

43 3196 118 3245 genus
134 3178 280 3233 convenire
299 3178 429 3231 dicamus.
455 3181 532 3241 Quae
550 3195 634 3248 quum
650 3179 687 3232 ita
705 3180 774 3244 sint,
792 3197 847 3234 non
872 3183 951 3234 video
969 3180 1109 3248 equidem,
1127 3195 1211 3246 quare
1228 3179 1282 3232 alio

45 3279 124 3330 sensu,
138 3280 227 3332 eoque
240 3265 363 3332 proprio,
381 3263 409 3315 in
427 3261 519 3316 liberis
536 3265 715 3318 matrimoniis
735 3266 921 3332 accipiendum
939 3267 975 3319 sit
995 3266 1043 3332 jus
1062 3263 1181 3332 dotium,
1201 3270 1283 3331 atque
1387 3273 1397 3290 ¹

45 3347 126 3416 iniis,
151 3349 253 3419 quibus
276 3348 435 3400 maritorum
453 3349 545 3403 manui
570 3349 781 3416 subjiciebantur
799 3354 934 3406 mulieres
960 3355 997 3405 At
1019 3350 1048 3403 iu
1067 3349 1119 3401 alia
1143 3347 1282 3400 abierunt:

45 3432 198 3488 Wiohterus
222 3432 289 3486 iiber
312 3433 466 3486 Eneseleid.
489 3432 530 3485 dei
556 3436 606 3486 den
637 3435 715 3488 Rdm.
740 3453 766 3502 p.
795 3443 851 3491 115.
878 3455 938 3507 sqq.
961 3452 988 3503 p.
1014 3440 1071 3488 163.
1095 3449 1155 3501 sqq.
1192 3434 1283 3486 Hasse

48 3517 157 3570 Gdtterr.
175 3519 200 3570 d.
219 3518 405 3586 Elrepnttan·§.
424 3521 467 3570 63.
485 3534 511 3583 p.
530 3523 589 3572 222.
607 3524 635 3570 11
653 3521 749 3574 1111111.
769 3523 839 3576 Mna.
857 3526 888 3576 T.
901 3524 936 3574 11.
958 3539 983 3587 p.
996 3524 1137 3581 75-86.;
1156 3518 1204 3587 qui
1222 3517 1282 3590 qui-

46 3601 96 3656 den
112 3603 229 3670 scriptor
247 3604 321 3658 haud
339 3605 397 3656 scio
414 3619 449 3654 an
468 3617 559 3660 seeum
584 3604 644 3669 ipse
661 3613 777 3672 pugnet,
796 3625 880 3676 quum
898 3607 937 3658 rei
954 3604 1069 3658 uxoriae
1086 3612 1114 3657 et
1130 3603 1283 3656 cautionem

45 3693 67 3739 et
80 3691 210 3743 actionem
228 3687 256 3740 in
271 3687 354 3754 justis
374 3704 483 3756 quoque
504 3690 606 3754 nuptiis
631 3692 720 3744 locum
738 3691 865 3744 habuisse
880 3709 936 3746 non
960 3693 1102 3744 diffiteatur
1122 3688 1248 3756 (Giiterr.
1262 3688 1283 3754 §.

46 3775 162 3840 11111.
175 3776 290 3826 59-64,
310 3773 407 3825 Rder'n.
426 3774 496 3826 Mus.
509 3774 526 3826 l.
539 3773 556 3826 1.
569 3790 595 3839 p.
608 3775 676 3841 80.).
693 3775 764 3829 Nam
783 3779 857 3845 qnod
875 3777 947 3829 idem
965 3775 1091 3837 defendit,
1110 3789 1166 3826 non
1184 3773 1237 3824 nisi
1254 3773 1283 3826 in

46 3857 212 3912 divortiorum
230 3857 321 3912 causis
338 3856 558 3927 simile-utraque
576 3859 604 3911 in
619 3875 701 3912 causa
719 3861 790 3915 dotis
803 3864 963 3928 repetendae
981 3861 1132 3914 obtinuisse
1144 3858 1206 3924 jus,
1225 3863 1283 3910 tum

48 3957 108 4006 vero,
121 3943 333 4008 profectitiarum
351 3945 613 4021 adventitiarumkquc
631 3946 735 4000 dotium
748 3947 891 4000 discrimen
904 3949 991 4000 solum
1003 3951 1140 4012 spectasse
1152 3943 1187 3994 ad
1200 3943 1284 3994 libera

49 4028 221 4080 matrimonia:
240 4028 269 4079 id
287 4028 367 4080 meris
385 4029 481 4099 nititur
499 4029 669 4095 conjecturis,
684 4049 741 4095 nec,
756 4033 781 4084 si
798 4033 892 4100 utique
911 4037 983 4083 11111
1000 4048 1102 4096 verum,
1119 4030 1283 4082 1111111111-

48 4109 109 4163 11111
126 4113 194 4176 vim,
213 4117 244 4164 ut
267 4112 295 4164 in
309 4114 393 4179 justis
417 4115 519 4178 nuptiis
539 4116 586 4181 jus
610 4116 714 4167 dotium
734 4116 843 4180 proprie
862 4117 971 4185 quidem
995 4119 1100 4170 nullum
1120 4114 1202 4168 fuisse
1220 4129 1283 4163 vere

47 4193 91 4247 dici
107 4204 208 4261 posset·
220 4225 255 4236 -
269 4199 428 4263 Nobiscum,
445 4215 543 4264 genere
561 4199 671 4266 quidem
689 4207 755 4266 toto,
772 4201 837 4254 facit
854 4201 1018 4267 Sclrillingus
1039 4203 1131 4267 (Bam.
1144 4199 1185 4252 iib.
1199 4199 1234 4250 R.
1250 4198 1282 4250 G.

46 4283 245 4348 p.174-179.)‚
262 4299 341 4350 quem
360 4289 450 4334 tamen
462 4284 615 4338 accuratius
630 4288 792 4353 exposuisse
808 4286 1026 4355 vellemquem
1042 4303 1080 4348 re,
1093 4293 1119 4336 et
1138 4291 1283 4351 postquam

46 4367 241 4428 repetendarum
260 4367 365 4420 dotium
381 4368 428 4434 jus
445 4368 604 4433 invaluerat,
619 4371 756 4436 justarum
776 4375 932 4440 nuptiarum
947 4378 974 4423 et
991 4370 1130 4424 solutioris
1145 4355 1283 4422 matrimo-

46 4448 78 4500 nii
95 4451 257 4508 dotes.inter
276 4466 305 4504 se
319 4445 464 4506 dissimiles
482 4454 588 4520 suerint,
608 4462 797 4524 praeterquam
815 4456 843 4512 in
861 4475 903 4524 eo,
921 4458 996 4526 quod
1013 4456 1069 4510 illic
1085 4469 1133 4520 per
1151 4453 1282 4506 universi-

47 4537 120 4588 tatem
135 4538 249 4591 maritus
267 4538 422 4591 succederet
439 4540 539 4592 uxorii
557 4540 644 4594 Mdnt.
