3080 5154
353 311 362 318 -
405 351 1002 424 1)4.1444Ν44.11444.44044.
1282 363 1330 429 67

76 532 181 595 denuo
195 531 252 617 jus
271 551 336 614 per
356 530 535 594 contrarias
555 528 843 613 interpretantium
867 530 1329 613 sententiasconturbaretur,

75 639 327 702 commentarios
348 640 420 702 fieri
436 639 470 701 in
489 638 632 722 Digesta
655 638 772 720 noluit,
799 637 857 702 sed
876 659 918 702 co
941 638 1035 702 velut
1050 640 1235 724 sepimento
1244 641 1329 727 juris

74 750 273 832 interpretes
298 747 526 823 circumdedit,
551 755 586 809 ut
611 746 699 809 intra
719 745 971 809 translationum
998 767 1017 809 e
1036 747 1142 812 latina
1163 747 1278 834 lingua
1295 749 1329 812 in

75 878 236 940 graecam,
250 864 319 920 tum
338 877 418 920 vero
438 853 666 940 paratitlorum
681 859 713 936 4)
732 853 897 917 finessese
917 854 1128 921 continerent
1142 856 1189 940 ¹¹).
1208 857 1309 920 Man.
1382 937 1389 952 .

650 1011 678 1092 §-
701 1009 753 1073 43.

381 1143 524 1212 Principes
541 1143 614 1196 initio
626 1151 718 1194 ¹vetere
736 1144 791 1196 ritu
809 1143 878 1213 iopes
897 1143 1021 1198 tulerunt.

150 1261 286 1342 Restat,
302 1267 350 1341 ut,
368 1279 447 1343 quas
461 1258 626 1343 symbolas
641 1277 828 1341 4444444444,
846 1269 972 1326 mutata
988 1261 1193 1346 reipublicae
1214 1263 1330 1346 forma,

75 1370 112 1434 ad
129 1370 186 1454 jus
210 1369 400 1433 Romanum
430 1368 644 1449 contulerint,
666 1369 779 1452 paucis
800 1369 955 1434 dicamus.
982 1369 1084 1434 Initio
1107 1372 1329 1454 Imperatores

76 1486 220 1541 veterem
242 1475 492 1562 legesierendi
514 1497 637 1539 morem
667 1476 870 1562 aliquamdiu
896 1475 1113 1542 retinuerunt.
1145 1479 1221 1542 Hoc
1242 1480 1330 1542 enim

76 1587 135 1650 ritu
151 1589 211 1650 sub
236 1585 391 1670 Augusto
420 1584 610 1668 centuriatis
635 1584 775 1648 comitiis
799 1585 842 1647 ad
863 1584 1020 1669 populum
1039 1585 1127 1649 latae
1147 1596 1218 1651 sunt
1235 1586 1329 1673 leges

78 1697 183 1771 Julius,
207 1695 303 1756 Aelio
329 1694 449 1765 Sentio,
474 1693 579 1774 Papia
600 1693 767 1774 Poppaeo,·
795 1695 853 1756 sub
880 1693 1019 1756 Tiberio
1045 1695 1142 1756 Junio
1167 1681 1331 1760 Norbano:

82 1801 232 1866 Claudius
248 1822 384 1886 quoque
400 1799 506 1863 veteri
522 1800 588 1862 ritu
603 1800 735 1884 rogavit
752 1798 873 1884 legem,
892 1810 927 1864 ut
942 1800 1109 1866 Domitius
1121 1803 1156 1866 in
1172 1803 1330 1867 familiam

79 1908 247 1973 Claudiam
258 1918 294 1972 et
304 1929 426 1972 nomen
438 1907 581 1971 Neronis
596 1907 764 1972 transiret:
781 1909 890 1972 Tacit.
900 1911 1018 1974 Annei,
1027 1911 1102 1972 XII.
1110 1909 1161 1974 26.
1176 1911 1219 1991 ¹).
1240 1911 1331 1989 Quin

76 2039 119 2080 ne
130 2018 186 2081 sub
204 2017 316 2082 Galba
332 2015 464 2102 quidem
479 2015 579 2100 plane
594 2016 780 2080 exolevisse
792 2024 939 2081 veterem
951 2017 1046 2101 leges
1057 2017 1196 2082 curiates
1212 2020 1329 2084 saltem

78 2127 119 2190 de
133 2126 355 2211 adrogatione
377 2125 506 2188 serendi
524 2127 632 2203 ritum,
651 2133 745 2210 patet
762 2145 804 2187 ex
818 2123 925 2188 Tacit.
941 2125 1121 2189 11444415.

654 2297 683 2380 s.
704 2297 756 2359 44.

446 2431 551 2484 Deinde
567 2430 609 2482 4444Ι
624 2438 687 2482 cunt
705 2429 951 2483 Semoocomzae.

158 2548 446 2627 Quemadmodum
479 2570 560 2612 vero
589 2547 703 2611 habita
732 2547 790 2610 illa
824 2548 883 2610 sub
909 2547 1169 2631 Imperatoribue
1196 2547 1332 2614 comitia

80 2658 204 2721 nonnisi
227 2657 391 2742 quaedam
408 2657 567 2740 pristinae
585 2655 753 2720 libertatis·
771 2655 942 2720 simulacra
965 2665 1074 2720 erant:
1099 2657 1147 2720 ita
1163 2658 1331 2742 Tiberius,

84 2767 227 2856 princeps
242 2773 379 2840 astutus,
398 2765 643 2850 tyrannicisque
663 2765 788 2829 artibus
807 2765 921 2848 magis,
936 2787 1034 2849 quam
1050 2765 1221 2850 quisquam
1235 2765 1330 2848 alius,

81 2875 261 2957 instructus,
291 2895 413 2936 novum
437 2884 639 2938 commentus
665 2883 715 2935 est
736 2872 831 2956 leges
858 2872 988 2934 ferendi
1015 2894 1148 2936 morem.
1175 2873 1223 2938 Ut
1242 2875 1329 2938 enim

81 2983 200 3066 populo
226 2983 283 3067 jus
309 3002 407 3044 omne
431 2983 577 3067 eriperet
592 2983 637 3062 ¹1),
666 2981 811 3063 comitia,
840 2979 1086 3063 magistratuum
1114 2981 1330 3046 creandorum

83 3112 187 3155 caussa
211 3089 379 3172 habenda,
406 3111 425 3153 e
457 3111 574 3174 campo
603 3087 771 3152 transtulit
798 3087 840 3152 ad
867 3095 987 3171 patres,
1017 3086 1052 3149 id
1073 3096 1141 3161 est,
1168 3087 1330 3154 honorum

81 3198 353 3263 conferendorum
372 3198 543 3262 arbitrium
567 3218 634 3260 non
658 3196 798 3280 amplius
810 3195 927 3280 populi
949 3193 1122 3278 suffragiis,
1144 3195 1203 3257 sed
1225 3195 1331 3258 Sena-

81 3315 181 3371 torum
214 3306 278 3369 sibi
309 3308 528 3370 obnoxiorum
560 3304 735 3368 sententiis
763 3303 928 3387 subjecit:
963 3302 1071 3366 Tacit.
1092 3304 1210 3364 Annei.
1237 3303 1332 3366 ile.

81 3415 214 3479 Sueten.
237 3415 336 3478 111444.
349 3435 374 3475 4.
385 3413 436 3478 30.
457 3414 524 3493 (cf.
539 3415 685 3478 Dirksen
700 3412 762 3475 civ.
774 3411 861 3474 Abh.
880 3411 908 3474 I.
927 3434 957 3496 p.
974 3411 1064 3491 172.)
1091 3409 1254 3504 Restituit
1269 3433 1331 3496 po-

81 3523 154 3606 pulo
172 3520 311 3585 comitia
329 3520 427 3607 cajus
442 3521 613 3608 Caligula:
628 3520 697 3584 Dio
718 3519 806 3583 Cass.
823 3519 910 3582 LIX.
920 3517 951 3582 9.
973 3518 1032 3582 sed
1053 3518 1114 3584 illa
1126 3519 1241 3605 paullo
1255 3527 1332 3605 post

143 3780 176 3847 g)
198 3779 332 3831 Peratitla
347 3775 413 3846 quid
429 3775 498 3842 sint,
516 3775 636 3842 explicet
650 3777 716 3844 Aeg.
731 3775 878 3842 Menagius
891 3755 1087 3844 amoenitt.jur.
1099 3776 1146 3828 cio.
1162 3792 1184 3827 c.
1199 3779 1239 3828 lb.
1251 3772 1331 3825 Hein.

140 3866 175 3933 h)
197 3865 293 3917 const.
313 3864 370 3914 Dec
389 3862 534 3928 4444414441.
555 3865 594 3914 12.
612 3879 635 3913 4.
654 3851 826 3928 1444141121.
848 3857 934 3912 Mitt.

149 3949 174 4016 i)
197 3950 235 4001 At
251 3948 363 4015 proprie
380 3948 431 3998 hec
449 3960 505 4000 non
523 3951 601 3998 erant
618 3947 763 4012 14444441
781 3945 932 4012 adrogandi
949 3944 1027 3997 ritus.
1046 3943 1243 4010 Adrogationes
1259 3941 1332 3995 enim

80 4033 139 4086 olim
157 4034 260 4086 fiebant
276 4049 326 4099 per
344 4033 430 4097 legem
446 4030 585 4084 curiatam.
605 4031 673 4084 Gell.
693 4031 779 4084 Nocet.
798 4031 877 4084 Attic.
896 4031 954 4085 Lib.
979 4031 1007 4082 V.
1026 4048 1048 4082 c.
1068 4032 1108 4081 19.
1134 4027 1213 4080 Heia.

142 4119 176 4186 k)
196 4119 342 4172 Falluntur
364 4131 440 4182 ergo,
459 4115 587 4183 quicum
604 4116 761 4183 Pomponio
778 4119 810 4170 L.
828 4121 854 4170 2.
873 4117 894 4184 §.
913 4121 939 4169 9.
957 4116 992 4168 D.
1010 4116 1043 4167 414
1065 4113 1139 4180 Orip.
1147 4114 1208 4182 jur.
1226 4115 1254 4164 et
1271 4112 1332 4165 Ι141·

81 4202 191 4256 boniauo
209 4204 230 4271 ξ.
248 4209 274 4257 5.
293 4203 360 4255 Ince.
375 4201 430 4254 141.
449 4199 613 4265 existimant,
631 4201 694 4253 idco
712 4203 748 4254 ad
764 4206 855 4269 patres
873 4217 889 4253 c
906 4215 1003 4266 campo
1021 4199 1152 4251 1444414144
1169 4211 1230 4248 4444
1247 4196 1332 4250 corni·

81 4286 127 4352 tia,
141 4289 203 4358 quia
228 4287 341 4357 difficile
365 4294 445 4350 44441,
464 4293 563 4338 tentam
583 4286 679 4355 populi
701 4287 892 4340 multitudinem
913 4286 941 4337 in
965 4299 1047 4335 44444444
1065 4283 1211 4336 convenire.
1245 4283 1332 4346 Quasi

81 4372 208 4427 difficilius
226 4373 255 4426 id
273 4369 440 4425 luissetaub
458 4370 584 4438 Tiberio,
608 4389 691 4440 quem
708 4372 794 4426 libera
817 4370 970 4438 republica,
990 4367 1101 4435 quando
1124 4371 1182 4419 tota
1199 4367 1280 4420 ltalia
1297 4368 1333 4419 ed

81 4457 184 4511 comitia
207 4459 371 4511 confluebat.
396 4453 451 4509 Cic.
475 4456 550 4510 Oret.
577 4458 613 4510 441
638 4458 735 4518 Qnirit.
756 4465 817 4528 post
840 4457 917 4510 redit.
942 4453 1021 4507 Heia.
1049 4449 1168 4505 Dirkscn
1193 4455 1332 4507 Versuche
1390 4503 1395 4520 ,

82 4557 104 4607 p.
120 4547 178 4597 21³.
204 4543 268 4598 Miil
275 4544 292 4598 1.

1088 4623 1133 4684 5*
