3062 5156
383 373 438 442 De
463 372 559 442 June
584 373 725 457 Quum.
747 372 803 442 em
827 372 938 444 Crrrr.
1110 470 1113 478 Ι
1216 355 1324 456 Μ’·

52 553 208 616 Romanae
228 547 434 633 reipublicae
458 547 545 612 selus
568 546 603 612 in
625 567 787 612 armorum
811 550 843 612 vi
867 551 975 636 posito
998 553 1177 640 videretur,
1199 578 1286 642 quae

52 659 131 722 nulla
149 678 217 720 esse
233 664 367 741 poterat
381 656 453 720 sine
467 675 643 720 numerose
656 655 776 720 civium
791 657 1021 741 multitudine,
1037 663 1154 728 merito
1170 665 1214 728 de
1229 687 1287 730 eu·

52 765 148 849 gendo
167 765 285 828 civium
309 783 443 828 numero
468 782 565 847 quem
590 763 732 826 maxime
753 763 847 829 fuere
869 766 1022 850 solliciti,
1042 779 1079 834 ut
1100 770 1286 840 luculenter

53 872 180 936 ostendit
195 872 335 955 Dionys.
350 869 573 934 Halicarnaso.
588 872 630 932 II.
646 870 696 934 16.
713 878 748 934 et
763 873 822 934 III.
835 873 886 936 44.

619 1047 648 1130 ς.
669 1046 700 1109 4.

53 1168 134 1218 Postea
150 1174 175 1217 et
192 1164 267 1227 aliis,
287 1164 333 1234 qui
347 1164 375 1216 m
393 1163 495 1232 oppidis
511 1163 564 1215 mie
582 1161 735 1226 manebam,
744 1164 795 1234 jus
813 1165 923 1217 civitatis
941 1167 1038 1220 datum.
1066 1170 1139 1223 Unde
1156 1172 1205 1225 alii
1218 1172 1286 1229 cives

487 1245 602 1315 impensi,
620 1247 667 1298 alii
683 1249 833 1316 municipes.

119 1351 240 1412 Postea
258 1347 380 1411 facturn
405 1354 472 1428 est,
488 1353 523 1408 ut
544 1355 677 1430 praeter
693 1368 766 1429 eos,
785 1347 841 1432 qui
861 1348 1062 1413 domicilium
1079 1353 1113 1416 in
1130 1355 1211 1418 urbe
1230 1357 1286 1420 vel

54 1479 118 1540 agro
138 1457 292 1520 Romano
317 1455 571 1536 constituerant,
593 1455 692 1538 quive
721 1455 755 1517 in
780 1457 920 1518 urbanas
944 1456 999 1519 vel
1023 1459 1158 1524 rusticas
1183 1463 1286 1528 tribus

54 1565 164 1628 inerant
180 1562 350 1646 descripti,
368 1562 465 1624 etiarn
483 1563 667 1646 peregrinis
684 1561 822 1624 aliorum
844 1563 1059 1649 oppidorum,
1075 1569 1181 1650 etqui
1197 1570 1230 1632 in
1246 1571 1285 1633 iis

53 1671 260 1753 remanebant,
276 1649 404 1753 incolis,
419 1675 475 1731 aut
493 1669 589 1732 victis
608 1670 718 1754 etiarn,
738 1690 800 1732 nec
820 1679 930 1733 tamen
951 1671 985 1733 in
1001 1673 1117 1736 urbem
1136 1675 1285 1742 abductis

53 1779 199 1860 hostibus,
225 1778 326 1841 modo
355 1775 510 1862 singulis,
540 1778 639 1841 modo
672 1777 842 1860 universis,
862 1779 917 1862 jus
941 1778 1114 1844 Romanae
1144 1779 1285 1848 civitatis

55 1885 172 1949 Senatus
188 1885 372 1970 populique
382 1883 512 1969 judicio
533 1893 633 1968 atque
653 1885 850 1949 auctoritate
869 1885 1063 1951 deferretur.
1085 1889 1139 1952 Sic
1155 1890 1287 1978 Diony-

55 1993 103 2056 sius
116 1993 222 2056 Halic.
237 1995 280 2055 ΙΙ.
295 1993 346 2056 16.
367 1995 540 2073 observat,
562 1991 732 2056 Romanos
755 2002 866 2077 captas
892 1995 989 2058 urbes
1012 2017 1078 2059 non
1096 1999 1285 2082 exscidisse,

54 2101 140 2163 sedin
157 2100 237 2164 alias
254 2101 379 2164 misisse
395 2099 547 2179 colonos,
564 2103 658 2174 ἐνίαις
679 2100 712 2165 di
734 2104 784 2166 καὶ
804 2101 962 2166 πολιτείαν
982 2104 1195 2184 μεταδιδόναι,
1215 2111 1286 2170 clie's

53 2214 187 2270 deitatem
211 2209 342 2270 dedisse.
372 2207 448 2285 Quo
475 2207 646 2290 pertinent
671 2207 769 2270 etiarn
795 2205 855 2270 illa
878 2207 967 2269 Livii
987 2209 1110 2271 XXVI.
1133 2211 1185 2274 24.
1214 2213 1286 2276 Jam

54 2318 110 2377 inde
126 2339 145 2377 a
163 2317 335 2398 ch'orr'dms
359 2315 511 2376 traditum
532 2336 647 2376 morem
668 2314 819 2375 Romanis
839 2317 962 2375 colendi
979 2321 1087 2388 socebs,
1114 2339 1154 2378 ec
1175 2321 1286 2402 quidus

54 2425 114 2484 otios
128 2427 158 2484 e'n
171 2428 325 2486 civitatem
346 2433 441 2505 atque
457 2443 590 2504 aequum
608 2443 713 2484 seeum
724 2423 782 2502 jus
801 2423 1005 2502 accepissent,
1020 2425 1097 2484 elsbs
1111 2428 1144 2486 ιά
1165 2446 1204 2487 eo
1211 2426 1286 2503 for·

53 2532 295 2604 scrutaterem,
313 2538 350 2591 ut
372 2533 449 2591 sccii
467 2551 550 2604 esse,
573 2551 667 2613 quam
692 2533 788 2600 sices,
811 2529 948 2589 mallent.
977 2527 1184 2614 Quicumque
1205 2552 1286 2618 ergo

55 2635 149 2720 adepti
172 2637 346 2700 Romanae
371 2637 512 2700 civitatis
531 2638 609 2721 jura
633 2637 666 2700 in
687 2635 818 2721 oppidis
839 2634 904 2699 suis
924 2639 1117 2721 manebant,
1136 2639 1161 2702 ii
1183 2657 1286 2705 munr-

55 2760 134 2808 otrus
147 2739 339 2812 dicebantur
353 2741 515 2824 (GellN.
532 2749 572 2806 A.
587 2745 676 2806 XVI.
693 2743 774 2824 ss).
793 2741 897 2805 Simul
918 2764 956 2806 ac
971 2765 1052 2808 vero
1071 2744 1200 2811 Romae
1216 2748 1286 2810 for·
1331 2721 1334 2726 Δ
1412 2745 1416 2752 ’

53 2857 182 2915 tubarum
198 2873 328 2916 suarum
347 2851 458 2913 sedem
478 2850 706 2933 collocabant,
723 2867 816 2914 crvus
834 2866 975 2914 menum
993 2859 1102 2933 erant,
1128 2854 1287 2936 quemad-

55 2958 165 3021 modum
190 2981 247 3022 eos
274 2966 373 3024 vocat
399 2959 516 3023 Cicero
546 2965 578 3020 r‘n
603 2959 707 3020 Bruto
730 2981 756 3020 c.
780 2957 830 3019 75.
872 2955 927 3018 Sic
950 2957 997 3019 M.
1020 2959 1158 3023 Porcius
1188 2961 1285 3043 cato,

56 3067 188 3148 quamdin
206 3065 344 3130 Tusculi
363 3074 413 3129 est
430 3074 659 3147 commoratus,
677 3065 845 3146 municeps
866 3063 943 3139 suit3
959 3065 1016 3127 ubi
1037 3065 1177 3129 Romam
1195 3090 1285 3131 corn-

54 3173 195 3258 migravst,
213 3174 293 3237 civis
307 3173 486 3254 Romanus,
504 3174 651 3258 quemvis
666 3172 735 3255 jam
756 3180 833 3235 ante
849 3173 929 3256 jure
948 3171 1091 3236 civitatis
1109 3172 1284 3236 Romanae

55 3281 135 3344 etiam
150 3284 181 3345 in
197 3281 376 3364 municipio
396 3302 453 3344 suo
473 3281 651 3344 frueretur:
669 3279 783 3364 Sigon.
798 3281 838 3340 de
855 3281 982 3359 antiquo
989 3279 1069 3359 jere
1081 3284 1136 3341 cio.
1157 3281 1244 3341 Rem.
1260 3283 1285 3342 Ι.

54 3386 77 3445 l.
86 3410 113 3469 p.
125 3389 171 3452 16.
192 3391 246 3452 Ex
259 3368 329 3473 ¹qno
348 3396 452 3472 patet,
469 3388 552 3451 alios
566 3388 669 3450 ¹fuisse
686 3389 767 3448 cives
787 3401 967 3466 ruouNUOS,
986 3385 1055 3448 sive
1071 3387 1197 3470 optimo
1207 3390 1285 3474 jure

55 3493 141 3576 cives,
155 3496 237 3559 alios
253 3513 445 3561 nturucrres.
474 3495 531 3560 Illi
547 3496 676 3558 Romae
695 3492 915 3574 domicilium,
934 3494 1052 3557 tribum
1074 3502 1108 3557 et
1122 3495 1284 3561 honorum

54 3604 229 3683 petitionem
253 3603 385 3667 fuerant
408 3604 618 3688 consequuti:
641 3603 693 3685 hi,
710 3599 840 3665 tametsi
861 3601 982 3662 tribum
1004 3610 1103 3686 atque
1122 3604 1283 3669 bonorum

53 3711 229 3789 petitionem
247 3710 361 3794 adepti
379 3720 497 3794 essent,
513 3707 623 3775 tamen
640 3707 809 3772 domicilio
826 3706 993 3770 carebant.

622 3889 704 3969 §.s

172 4005 339 4074 Municipem
358 4005 456 4074 duplex
475 4013 535 4057 eret
547 4005 649 4073 patria,
667 4003 714 4055 sed
731 4003 821 4054 Romo
838 4011 925 4055 tamem
941 4004 1033 4072 pat-mis
1050 4001 1144 4070 majo-r.

120 4105 190 4186 Illi,
214 4096 362 4184 (tametsi
379 4105 459 4170 alias
476 4105 555 4168 civis
570 4103 739 4166 Romanus
755 4102 896 4185 plurium
920 4103 1087 4166 civitatum
1110 4099 1189 4162 civis
1213 4120 1284 4162 esse

55 4205 124 4271 haud
137 4218 279 4295 posset),
296 4220 363 4277 tum
380 4213 413 4275 in
436 4212 615 4295 municipio
639 4231 715 4292 suo,
732 4218 801 4274 tum
815 4210 944 4292 Rornae
967 4209 1173 4292 magistratus
1192 4215 1284 4269 recte

55 4317 209 4400 gerebant,
231 4320 312 4383 ideo
337 4320 427 4405 quod
449 4341 514 4382 non
539 4326 604 4381 tarn
626 4317 760 4381 duarum
786 4318 985 4381 diversarum
1016 4313 1201 4396 civitatum,
1224 4314 1285 4377 etsi

56 4421 147 4508 aliqua
162 4427 249 4491 inter
266 4449 322 4490 eos
339 4427 459 4512 privati
469 4427 554 4512 juris
570 4434 656 4489 esset
676 4425 836 4507 varietas,
854 4447 948 4509 quam
968 4423 1078 4504 unius,
1096 4421 1191 4485 cives
1208 4443 1283 4486 cen-

56 4530 202 4598 sebantur:
225 4537 286 4598 En.
311 4534 486 4618 Spanbenr.
507 4536 577 4596 Ort.
599 4537 686 4597 Rom.
703 4535 816 4594 Ereto.
833 4534 858 4595 Ι.
880 4553 905 4594 c.
920 4532 950 4594 6.
960 4531 993 4612 p.
1009 4531 1118 4689 Bbigq.
1149 4529 1286 4613 Duplex
