3080 5154
671 363 747 432 Lus
772 365 799 430 l.
825 363 906 431 Tm.
930 365 992 432 lll.

791 538 871 620 §.2

420 655 458 708 Et
473 657 536 724 quia
552 671 606 707 m
619 671 675 722 pro
687 655 820 722 puwonis,
835 655 883 706 sed
895 671 949 722 pro
965 653 1045 706 rebus
1062 654 1234 708 habebuntur.

288 756 432 821 Reducti
452 757 485 820 iu
512 755 597 819 hanc
612 753 839 819 conditionem
857 776 924 817 uon
938 776 999 838 pro
1014 757 1175 838 personis,
1193 757 1253 819 sed
1269 777 1330 840 pro
1346 756 1457 836 rehuS,

150 933 155 944 ,
205 866 272 930 imo
289 884 351 948 pro
364 863 463 928 nullis
477 863 694 927 habebantur.
727 863 819 926 Hinc
838 877 907 928 non
922 861 1028 927 solum
1045 865 1080 926 in
1098 865 1178 948 jure
1197 865 1296 928 rebus
1314 863 1458 946 mancipi

205 971 482 1036 adceusebautur:
492 970 766 1053 UlpiumFragm.
776 971 866 1032 XIX.
879 969 908 1032 1.
923 969 984 1034 sed
999 979 1034 1034 et
1043 971 1199 1035 Juvenal.
1208 973 1275 1036 Sat.
1287 971 1340 1032 VI.
1349 991 1378 1032 o.
1387 969 1459 1032 222.

204 1079 367 1144 adludens
383 1077 426 1142 ad
442 1099 550 1140 mores
564 1077 790 1145 Romanorum
807 1078 951 1140 scribere
966 1098 1033 1140 non
1050 1078 1201 1142 dubitat:

405 1185 582 1260 Odemcm,
603 1189 649 1246 ita
669 1206 780 1247 rervm
802 1207 897 1247 norro
915 1189 986 1248 ert?
1012 1222 1042 1232 ·-
1063 1221 1106 1234 -
1126 1225 1159 1234 -

203 1293 421 1377 ὑπερβολικῶς,
443 1291 492 1355 uti
508 1291 605 1372 solet,
618 1312 681 1354 nec
701 1300 812 1355 tamen
830 1292 901 1354 sine
917 1293 1058 1356 ratione.
1080 1293 1238 1370 Quamvis
1260 1294 1347 1357 enim
1370 1293 1457 1354 servi

205 1411 314 1465 essent
333 1403 480 1473 bmnium,
502 1399 649 1483 quamvis
664 1400 795 1478 ratione
810 1408 913 1463 status
928 1400 1086 1464 nahrralis
1100 1400 1201 1464 etiam
1218 1421 1377 1482 personae
1392 1399 1457 1462 dici

203 1517 356 1594 possent:
377 1508 415 1569 L.
430 1505 481 1568 22.
490 1527 540 1587 pr.
554 1509 596 1568 J).
612 1508 652 1568 de
666 1507 822 1589 Reg.jur.
844 1515 1039 1571 nontamen
1060 1516 1154 1571 crant
1170 1529 1327 1589 personae
1344 1510 1457 1580 orbiles,

204 1625 239 1680 et
248 1611 325 1679 hinc
339 1615 492 1678 dicuntur
502 1612 685 1697 ἅπρόσωποι
694 1612 887 1697 Theophilo
900 1635 950 1695 pr.
962 1614 1040 1676 Inst.
1051 1618 1090 1678 de
1101 1615 1179 1697 Str'p.
1189 1637 1280 1694 sero,
1286 1636 1458 1697 personam

202 1725 324 1807 legebus
343 1743 407 1784 uon
431 1723 578 1782 babentes
601 1721 801 1786 cassiodoro
824 1722 900 1783 Vdr.
922 1722 975 1782 Vr.
989 1702 1021 1784 8.
1039 1723 1186 1807 denique
1208 1726 1277 1784 sino
1298 1728 1411 1804 copr‘te,
1428 1728 1461 1788 οἵ

205 1832 352 1914 οὖδεμίαν
373 1829 465 1893 πάλαι
493 1829 572 1911 εἶχον
597 1829 733 1913 κεφαλήν
751 1827 944 1911 Theophilo
973 1829 1003 1908 §.
1024 1830 1054 1891 4.
1082 1833 1160 1892 lust.
1183 1833 1223 1892 de
1246 1831 1320 1912 Cup.
1344 1831 1457 1892 demnis.

202 1936 297 2001 Nihil
315 1954 396 2018 ergo
419 1934 482 1998 sibi
498 1934 736 2018 adquirebant:
757 1957 825 1999 non
843 1937 1051 2001 matrimonia
1072 1937 1323 2017 contrahebant,
1345 1937 1456 2000 sedin

202 2043 421 2108 contubernio
441 2042 601 2106 vivebant
616 2062 689 2104 cum
710 2043 856 2106 aucillis:
873 2066 935 2107 nec
953 2045 1145 2128 gaudebant
1154 2047 1231 2130 jure
1246 2045 1457 2108 testamenti-

202 2151 356 2216 fnctionis
370 2151 401 2231 l)
428 2158 463 2213 et
481 2157 725 2232 contractuum,
747 2173 810 2214 nec
822 2151 890 2214 ulla
904 2152 939 2214 iu
958 2173 1132 2235 personam
1147 2153 1299 2215 servilem
1314 2153 1458 2216 cadebat

203 2258 382 2343 obligatio:
404 2259 443 2321 L.
457 2257 509 2321 22.
522 2280 572 2340 pr.
583 2260 625 2319 1).
643 2259 682 2320 de
693 2259 774 2342 Reg.
781 2263 850 2342 Jur.
872 2259 973 2323 Unde
994 2261 1166 2322 occandum
1179 2281 1281 2343 genus
1300 2261 1458 2322 hominum

202 2374 363 2464 vocantur
378 2387 397 2429 a
412 2365 523 2431 Floro
533 2367 618 2430 Hist.
631 2367 690 2427 III.
701 2367 752 2428 20.

785 2518 814 2597 §-
834 2517 864 2580 3.

596 2649 683 2700 Etiam
702 2647 879 2702 nascebantur
897 2667 930 2700 ex
947 2651 1058 2704 anub.

284 2770 338 2832 Ex
348 2786 415 2851 quo
428 2763 640 2847 sequebatur,
648 2773 686 2828 ut
701 2784 764 2836 nec
774 2764 874 2829 liberi
890 2787 1056 2832 servarum
1064 2769 1222 2851 melioris,
1232 2789 1326 2854 quam
1337 2778 1456 2851 mater,

202 2874 402 2943 conditionis
414 2872 625 2935 haberentur.
640 2871 693 2958 [L.
710 2871 761 2935 19.
775 2873 813 2934 L.
824 2873 875 2936 24
890 2877 932 2938 D.
947 2879 985 2938 de
997 2877 1079 2938 Stat.
1088 2875 1182 2962 horu]
1200 2877 1339 2940 Fructus
1355 2878 1457 2960 enim,

201 2995 372 3068 tamquam
385 3001 494 3044 rerum
518 2979 738 3064 adcessiones,
767 3002 834 3044 nou
861 3003 954 3046 secus
983 3005 1022 3047 ac
1043 2986 1137 3068 ipsae
1159 3006 1221 3068 res,
1242 2985 1284 3048 ad
1301 2984 1457 3050 dominos

201 3091 370 3176 pertinere
388 3088 595 3168 videbantur.
617 3091 663 3154 Et
679 3090 841 3175 ejusmodi
860 3091 995 3175 quidem
1019 3091 1116 3173 servi,
1138 3095 1230 3156 domi
1246 3093 1326 3174 nati,
1338 3113 1459 3155 omae

201 3197 467 3282 adpellabantur.

788 3315 818 3397 g.
838 3317 869 3377 4.

648 3445 683 3497 Et
700 3455 777 3498 erant
794 3449 822 3499 iu
840 3447 1002 3500 commercio.

287 3561 394 3624 Porro
410 3569 444 3625 et
456 3561 521 3624 hoc
534 3560 613 3624 inde
630 3561 765 3646 fluebat,
774 3585 885 3628 servos
897 3586 1004 3650 aeque
1019 3588 1057 3628 ac
1073 3565 1153 3629 alias
1166 3578 1218 3628 res
1230 3547 1325 3648 posse
1334 3565 1457 3648 legari,

152 3684 156 3693 '
202 3668 331 3748 donari,
352 3669 418 3730 imo
436 3677 471 3732 et
489 3669 607 3733 vendi:
629 3670 717 3758 unde
733 3680 897 3756 perpetua
913 3673 1043 3735 Romae
1060 3681 1132 3736 erat
1151 3693 1318 3737 servorum
1334 3672 1456 3737 nundi-

202 3777 305 3852 natio,
323 3774 518 3859 quotidiana
538 3780 760 3862 comparatioz
782 3780 820 3841 13.
835 3780 886 3840 44.
904 3783 1007 3862 probro.
1026 3782 1067 3840 1).
1084 3783 1124 3843 dc
1147 3781 1262 3862 Uertrp.
1279 3790 1312 3842 et
1323 3803 1456 3862 usucap.

204 3881 390 3960 Quiservos
398 3884 599 3966 vendebant,
611 3889 808 3976 promittere
819 3888 1018 3949 tenebantur
1027 3909 1141 3951 eorum
1156 3889 1329 3952 sanitatem
1339 3915 1347 3950 ε
1356 3889 1393 3950 L.
1402 3888 1457 3951 43.

202 3991 231 4072 δ.
241 3991 273 4055 1.
290 3993 332 4052 D.
350 3992 389 4052 de
406 3991 510 4055 Gontr.
532 4005 603 4056 emt.
622 3995 662 4056 J..
679 3996 730 4058 16.
754 3997 783 4076 §.
807 3995 838 4056 2.
856 4003 887 4055 et
901 3995 939 4058 J..
955 3995 1006 4060 31.
1028 3997 1069 4058 J).
1093 3998 1132 4058 do
1146 3998 1247 4060 Eorbt.
1274 3995 1379 4082 [Add.
1398 3997 1456 4060 Jo.

201 4098 292 4160 Frid.
305 4099 452 4162 Gronov.
475 4103 509 4163 r'n
524 4103 630 4164 Diotr.
654 4101 699 4163 ad
714 4103 797 4186 Stat.
814 4102 929 4182 Pupia.
944 4125 969 4165 o.
990 4102 1041 4166 25.
1053 4127 1085 4186 p.
1101 4103 1169 4188 Bb]
1197 4105 1456 4188 Nonnumquam

113 4291 118 4296 ,
201 4211 312 4268 tamen
324 4205 479 4289 mancipii
491 4209 663 4272 sanitatem
675 4206 895 4290 explorabant
907 4211 1040 4274 adcensi
1048 4219 1190 4296 gagatae
1199 4203 1319 4295 lapidis
1336 4209 1455 4292 odore,

201 4309 344 4376 maxime
366 4314 393 4376 si
418 4335 546 4379 servum
569 4315 684 4376 morbo
711 4315 836 4380 caduco
862 4317 1015 4381 laborare
1036 4317 1294 4403 suspicarentur:
1316 4317 1454 4404 Apulej.

271 4535 304 4599 d)
326 4535 388 4587 Vid.
407 4542 497 4586 tameo
516 4533 579 4600 Ulp.
597 4533 704 4599 uragu.
723 4537 793 4591 XX.
814 4544 853 4592 16.
873 4545 899 4592 et
917 4540 987 4593 infra
1001 4541 1022 4606 ξ.
1041 4546 1065 4592 8.
1087 4539 1173 4598 ΜὶιῚιΙ.
