3030 5160
189 368 261 434 olo
419 359 494 426 Lm.
518 355 579 426 lll.
605 355 685 425 Tar.
711 353 930 424 xvt-otx.
955 349 1212 442 [xv--xlxp

183 536 302 620 jectis:
326 535 355 615 §.
375 533 405 594 4.
424 534 502 594 last.
523 533 562 594 de
578 532 662 592 [not.
681 531 810 612 stips).
836 529 1024 614 Receptum
1048 530 1136 592 euim
1162 551 1182 591 a
1203 526 1452 591 Jurecousultis

189 641 350 708 Romanis
372 649 443 703 erat
465 638 529 702 hoe
551 637 768 722 principium,
788 637 1032 722 obligationem
1056 659 1100 700 ex
1122 644 1293 700 contractu
1314 633 1452 696 nonnisi

191 749 423 820 contrahentes
439 745 599 811 adfinerm
621 747 659 808 L.
677 745 708 808 a
730 747 763 808 c.
781 747 822 808 de
837 747 921 808 brut
936 747 1048 827 eaput·
1072 745 1237 808 Solebant
1253 750 1366 806 umen
1387 741 1454 802 boc

136 847 140 854 ⁸
190 877 267 922 casu
282 873 424 940 poenam
439 853 601 937 stipulari,
613 852 693 916 utri
711 851 808 916 alteri
823 875 893 916 non
907 860 997 916 esset
1012 853 1224 931 satisfactum,
1238 849 1325 912 laec
1338 847 1454 912 solve-

190 973 295 1032 retur:
312 965 342 1044 5.
351 961 402 1026 18.
414 963 493 1026 brat.
505 963 535 1024 Ιι.
550 970 571 1024 t.
587 959 677 1038 Quin
694 969 729 1024 et
751 969 829 1024 tunc
845 980 979 1044 qnoque
995 960 1070 1023 aliis
1090 947 1240 1046 stipulari
1255 957 1404 1032 licebat,
1427 956 1452 1018 si

190 1075 276 1159 ejus,
292 1070 348 1155 qui
362 1068 522 1152 rogabat,
537 1067 724 1132 interesset.
743 1069 846 1131 Hinc.
856 1075 947 1130 recte
964 1074 1054 1130 tutor
1068 1091 1089 1131 a
1111 1073 1289 1130 contutore
1310 1062 1453 1148 stipula-

190 1184 299 1260 batur,
312 1197 383 1242 rem
400 1175 530 1260 pupillo
546 1174 670 1239 salvam
685 1175 777 1238 foret
790 1177 820 1258 §.
833 1175 885 1238 19.
900 1177 978 1237 hrot.
993 1175 1023 1238 b.
1039 1182 1062 1237 t.

767 1323 797 1404 5.
816 1321 868 1385 11.

572 1439 668 1492 Correa'
683 1437 829 1506 copulandi
846 1445 872 1489 et
885 1437 1066 1506 promittendi.

274 1543 436 1605 Poterant
457 1547 491 1602 at
518 1539 584 1602 duo
608 1539 762 1623 pluresve
786 1555 843 1602 um
862 1529 934 1601 fieri
958 1547 993 1602 et
1017 1554 1224 1602 surruptum
1250 1545 1286 1600 et
1304 1555 1451 1600 ruonur-

192 1667 307 1714 Tuum.
330 1645 520 1731 Stipulandi
540 1647 691 1730 quidem,
713 1647 740 1709 si
759 1655 835 1731 post
858 1645 1028 1731 utriusque
1050 1646 1351 1730 interrogationem
1373 1667 1451 1730 pro-

192 1757 307 1821 missor
327 1754 555 1837 responderit:
572 1756 704 1837 ,utrique
723 1764 862 1816 oestrum
887 1755 966 1816 dore
988 1755 1131 1836 spondeo.
1156 1753 1402 1836 Promittendi‚
1424 1751 1450 1816 si

192 1867 259 1930 duo
282 1861 437 1948 quaesiti,
458 1861 580 1946 singuli
599 1860 832 1946 responderint
858 1862 1051 1946 separatim:
1074 1858 1225 1942 Spondeo.
1248 1861 1449 1945 Exemplum

193 1980 243 2036 est
265 1969 354 2053 apud
372 1968 527 2052 Plautum
547 1967 727 2033 lbrbo'nrmo
742 1971 812 2032 Art.
834 1971 868 2032 V.
884 1990 925 2031 ac.
939 1968 969 2032 2.
984 1988 1011 2032 o.
1026 1969 1078 2034 39.
1099 1969 1156 2032 ubi
1172 1968 1317 2052 Lysiteli
1332 1967 1447 2054 juveni

191 2076 428 2162 interrogantis
542 2115 546 2123 ι
891 2077 900 2088 “

359 2185 443 2248 Istoc
463 2186 534 2268 lege
547 2187 653 2268 fitam
675 2193 763 2248 tuam
784 2186 930 2268 spondeo'
951 2189 996 2248 mi
1013 2205 1142 2248 acorem
1160 2186 1256 2274 dori?

192 2317 259 2362 uon
275 2293 379 2358 solum
397 2291 590 2356 Charmides
604 2313 700 2356 socer
714 2292 908 2380 respondet:

358 2401 510 2482 Spondeo.

191 2509 251 2574 sed
267 2516 302 2572 et
316 2505 473 2570 Callicles
490 2507 611 2570 amicus
628 2506 737 2570 addit:

358 2613 403 2674 Et
425 2634 482 2696 ego
503 2613 638 2696 spondeo
658 2615 748 2674 idem.

192 2720 363 2808 Ejusmodi
378 2741 459 2784 vero
475 2719 716 2804 obligationum
731 2720 758 2782 is
780 2728 852 2784 erat
868 2720 1014 2798 effectus,
1029 2728 1065 2784 ut
1082 2721 1135 2786 vel
1151 2721 1296 2789 solidum
1311 2722 1444 2808 singulis

192 2825 383 2910 deberetur,
407 2828 462 2893 vel
483 2826 715 2912 promittentes
735 2828 856 2913 singuli
879 2836 1073 2896 tenerentur
1094 2830 1128 2895 in
1148 2827 1311 2912 solidiana,
1327 2831 1375 2894 ita
1397 2841 1444 2894 ta-

191 2957 284 3020 men,
299 2946 336 3001 ut
350 2935 405 3000 vel
421 2935 506 3000 alter
525 2937 731 3022 accipiendo,
748 2936 834 3000 alter
847 2935 1008 3000 solvendo
1028 2936 1176 3003 debitum
1192 2939 1338 3004 omnium
1358 2939 1443 3023 peri·

191 3051 297 3106 meret
319 3043 558 3126 obligationem
582 3053 617 3109 et
637 3065 750 3108 omnes
772 3044 949 3108 liberaret:
969 3066 1022 3126 pr.
1045 3052 1080 3108 et
1098 3046 1127 3127 5.
1146 3044 1327 3112 ulmodo
1346 3047 1441 3109 Daoi.

191 3155 254 3214 reb
272 3153 377 3234 stabul.

766 3258 795 3339 5.
817 3253 868 3318 12.

433 3373 574 3442 &polam
588 3385 661 3444 puro
678 3383 704 3424 et
719 3373 748 3425 ia
765 3373 833 3424 aem
852 3379 878 3424 et
894 3371 941 3424 rub
959 3373 1105 3424 conditione
1114 3371 1203 3440 farto.

240 3553 242 3557 f
275 3473 388 3536 Omnia·
403 3475 573 3558 stipulatio
590 3473 644 3538 vel
664 3489 760 3555 runs,
777 3471 832 3534 vel
847 3489 884 3536 ru
900 3491 996 3556 orsu,
1016 3471 1071 3536 vel
1092 3487 1154 3537 sua
1171 3489 1390 3557 coummonu,
1408 3483 1437 3536 et

190 3597 237 3643 An
259 3595 395 3644 aaaron
422 3591 536 3646 'nocuus
562 3583 672 3646 fiebat.
703 3581 738 3644 si
756 3599 838 3665 pure
862 3581 1070 3664 promissum,
1094 3580 1242 3645 debitum
1268 3582 1436 3645 confestim

257 3768 465 3836 [16111115.
479 3773 537 3824 103.
546 3797 578 3810 -
589 3770 769 3837 Eandemque
785 3769 849 3822 vide
867 3770 902 3822 de
914 3767 1146 3836 ambulatoribus
1161 3769 1227 3823 ibid.
1245 3769 1266 3836 5.
1282 3773 1375 3824 110-
1384 3773 1438 3823 114.

191 3857 249 3905 117.
266 3857 322 3905 126.
334 3857 393 3906 215.
408 3858 468 3906 216.
486 3856 535 3908 IV.
550 3855 643 3922 5113.
659 3883 691 3894 -
707 3856 820 3908 Poterat
841 3851 941 3906 etenim
963 3853 1107 3920 stipulator
1124 3853 1208 3906 alium
1231 3855 1372 3920 adbibere,
1395 3853 1439 3924 qui

188 3931 260 3989 idem
278 3936 468 4002 stipulabatur,
486 3938 565 4008 isque
583 3939 763 4006 adstipulator
782 3943 892 3990 vocatus
911 3943 959 3990 est.
978 3937 1031 3990 Cui
1048 3937 1160 4003 perinde
1175 3937 1246 3991 actio
1261 3939 1438 4007 competebat,

188 4029 272 4090 atque
288 4021 343 4088 ipsi
359 4021 500 4089 creditori3
519 4023 653 4092 quidquid
671 4029 761 4077 antem
785 4027 948 4076 consecutus
971 4027 1037 4086 erat,
1060 4023 1182 4076 mandati
1201 4024 1310 4091 judicio
1327 4028 1438 4093 stipula-

188 4105 241 4160 tori
259 4106 355 4174 ejusve
372 4106 516 4160 heredibus
533 4107 675 4161 restituere
692 4109 846 4174 cogebatur.
873 4109 965 4176 Atque
981 4107 1016 4160 iis
1035 4105 1207 4174 potissimum
1225 4108 1437 4175 obligationibus
1456 4103 1462 4122 ⁸

185 4192 368 4263 adstipulator
382 4191 478 4244 solitus
493 4197 535 4244 est
546 4193 677 4259 adhiberi,
693 4193 791 4265 quibus
809 4193 839 4244 id
853 4191 991 4258 agebatur,
1009 4198 1041 4244 ut
1058 4198 1121 4258 post
1139 4192 1310 4258 stipulatoris
1324 4201 1436 4247 mortem

188 4273 292 4343 aliquid
309 4275 427 4333 daretur.
444 4275 516 4330 Nam
533 4275 592 4330 lieri
608 4293 664 4332 non
680 4285 796 4344 poterat,
814 4284 845 4330 ut
866 4279 901 4330 ab
926 4278 1070 4331 heredibus
1092 4279 1238 4345 temperent
1257 4277 1435 4346 obligationes

80 4393 82 4398 -
191 4360 267 4426 (GaJ.
283 4361 333 4414 111.
351 4361 567 4431 §.100.);quem
586 4363 696 4432 quidem
715 4362 787 4433 juris
807 4364 925 4430 rigorem
943 4363 1054 4415 sustulit
1069 4361 1240 4416 Justinianus
1255 4364 1288 4414 L.
1300 4381 1346 4415 un.
1363 4364 1391 4416 C
1410 4371 1437 4414 rt

188 4445 302 4497 aedom
315 4453 340 4498 et
352 4443 384 4498 ab
397 4446 534 4502 heredibus
547 4457 573 4500 et
590 4456 682 4504 contra
695 4451 804 4502 laedes
815 4450 948 4518 ritcipioot.
963 4449 1004 4502 Ol.
1019 4450 1051 4502 L.
1068 4455 1107 4502 11.
1126 4448 1154 4502 0.
1165 4449 1196 4500 de
1208 4457 1293 4500 conta
1309 4458 1335 4502 et
1346 4466 1434 4501 comm.

187 4527 272 4595 rapot.
290 4535 317 4584 et
334 4530 403 4584 inira
420 4535 441 4600 5.
461 4537 500 4586 13.
519 4531 605 4586 Miller.
