3062 5164
125 373 137 432 „¹
204 376 276 454 328
458 332 459 335 ¹
559 377 753 467 Aornsnrx
776 376 852 443 Lus.
880 373 1100 444 1.-crr›.V1.

758 551 839 606 cnP.
857 553 906 606 VI.

506 690 569 753 DE
592 690 748 754 STATU
770 679 1156 754 PERE'GRINORUM.

772 868 801 950 §.
823 867 894 930 134.

686 984 742 1042 Qui
755 984 893 1052 percpi-ini
910 983 987 1036 dicti?

296 1105 428 1186 Omnes,
445 1102 500 1188 qui
516 1124 582 1165 non
598 1109 693 1164 erant
708 1101 806 1182 cives,
817 1079 1157 1166 veteribusRomanis
1174 1110 1356 1159 russorum
1372 1092 1471 1156 dice·
1522 1087 1523 1122 Ᾰ

211 1216 340 1291 bantur,
358 1212 426 1276 sive
442 1211 553 1274 Latini
569 1218 695 1291 essent,
714 1208 782 1273 sive
801 1209 913 1274 Italici
928 1207 1028 1294 juris3
1051 1208 1119 1270 sive
1135 1206 1169 1268 iu
1185 1202 1378 1288 provincia,
1394 1202 1469 1264 sive

154 1325 158 1338 '
212 1323 246 1384 iu
262 1321 470 1405 praefectura
485 1318 596 1403 aliqua
612 1326 829 1382 morarentur:
846 1317 998 1380 Schilter.
1015 1319 1149 1377 Dissert.
1165 1314 1291 1394 dejure
1301 1315 1467 1393 peregrim.

212 1451 243 1490 n.
259 1430 317 1490 IX.
339 1428 429 1491 Hinc
449 1435 483 1490 et
505 1426 539 1488 iu
556 1427 669 1490 Latini
687 1426 770 1512 juris
788 1425 975 1489 hominibus
999 1427 1053 1504 τῆς
1073 1427 1172 1499 ξενίας
1194 1419 1352 1504 σύμβολα,
1374 1424 1467 1500 sr'gna

207 1541 463 1621 peregrinitatis,
481 1535 605 1618 reperit
621 1535 766 1619 Appian.
787 1535 928 1616 richellis
944 1535 1022 1596 cror'l.
1039 1533 1082 1595 ΙΙ.
1098 1529 1150 1592 26.
1170 1529 1215 1592 Et
1238 1527 1352 1612 legem
1369 1526 1464 1588 Men-

213 1645 304 1720 siam,
319 1643 395 1706 dum
411 1643 661 1727 peregrinorum
678 1642 843 1724 meminit,
861 1642 960 1706 etiarn
977 1639 1019 1704 ad
1033 1637 1171 1702 Latinos
1186 1635 1374 1721 pertinere,
1387 1654 1462 1696 con-

212 1762 264 1816 tra
279 1751 326 1816 Μ.
342 1751 497 1816 Vertran.
512 1727 663 1820 Maurum
689 1750 981 1814 demonstravimus
1002 1747 1037 1811 in
1056 1749 1220 1809 Commeat.
1244 1746 1289 1806 ad
1302 1745 1342 1805 J..
1357 1743 1421 1804 Jul.
1435 1751 1464 1802 et

214 1861 295 1941 Pap.
312 1861 356 1921 II.
372 1859 402 1920 9.
419 1858 491 1921 226.
506 1863 550 1940 ⁰).
571 1858 692 1943 Neque
712 1866 821 1921 tamen
841 1857 1050 1942 negaverim,
1069 1854 1222 1944 Latinos,
1237 1851 1362 1936 quippe
1381 1849 1465 1912 civi-

214 1968 273 2030 bus
290 1964 449 2030 Romanis
464 1967 654 2051 propiores,
668 1965 846 2050 aliquando
863 1990 883 2029 a
895 1962 1078 2050 peregrinis
1098 1961 1243 2046 sejungi,
1257 1959 1358 2022 veluti
1371 1956 1461 2040 apud

213 2073 348 2157 Ulpiau.
366 2077 497 2157 Fragor.
521 2074 556 2137 V.
571 2074 601 2135 4.
617 2076 708 2136 XIX.
720 2075 750 2137 4.
774 2075 898 2137 Postea
916 2074 973 2138 uhi
989 2071 1177 2136 Antoninus
1195 2066 1368 2132 Caracalla
1386 2066 1465 2128 civi-

215 2190 317 2246 tatem
335 2170 406 2244 cum
423 2182 589 2264 omnibus,
607 2183 663 2266 qui
686 2182 719 2244 in
738 2183 819 2246 orbe
835 2181 989 2245 Romano
1012 2180 1189 2260 vivebant,
1208 2176 1363 2262 ingenuis
1378 2196 1466 2236 com·
1522 2187 1523 2200 ¹

215 2291 452 2372 municaverat:
474 2289 537 2354 soli
558 2277 708 2354 libertini
728 2290 868 2354 Latinae
892 2298 927 2352 et
948 2287 1126 2352 dedititiae
1149 2284 1352 2350 conditionis
1373 2303 1464 2368 pere-

216 2399 301 2483 grini
325 2399 431 2461 habiti
453 2407 542 2480 sunt,
571 2400 675 2464 ceteri
697 2420 810 2463 omnes
831 2398 974 2462 Romani
1001 2396 1091 2459 dicti.
1122 2395 1223 2476 (Vid.
1246 2400 1359 2456 tamen
1385 2412 1465 2475 quae

124 2499 125 2504 ¹
214 2513 330 2570 notata
346 2505 477 2568 suntad
493 2505 604 2587 5:19.)
623 2508 708 2571 Inde
725 2516 791 2590 est,
814 2505 903 2592 quod
924 2505 1095 2569 dedititios
1111 2503 1295 2588 peregrinis
1311 2501 1464 2565 adcenset

215 2612 378 2696 Ulpianus
399 2614 529 2695 Frogm.
551 2613 624 2674 XX.
638 2613 688 2675 14.
712 2614 766 2678 De
781 2613 917 2697 reliquis
938 2614 1088 2676 omnibus
1105 2610 1249 2675 Romani
1269 2611 1363 2673 orbis
1379 2610 1461 2671 inco·
1522 2611 1523 2682 t

214 2720 255 2784 lis
278 2720 325 2783 ait
344 2719 520 2803 Augustin.
542 2725 575 2782 io
597 2723 716 2784 Psalm.
738 2725 865 2785 LVIII.
892 2723 984 2783 Part.
1002 2721 1031 2782 1.
1057 2721 1114 2799 sud
1126 2721 1191 2799 sin.
1231 2718 1386 2794 Quasnam
1409 2737 1466 2780 aon
1522 2695 1523 2740 ἒ

216 2831 380 2910 cognoscit,
389 2829 498 2908 gentes
513 2830 669 2911 subjectos
684 2833 809 2912 imperio
824 2831 989 2890 Romano?
998 2849 1078 2910 qnae
1090 2829 1212 2910 paridem
1227 2834 1331 2903 mont,
1347 2827 1466 2908 wando
1522 2833 1523 2902 ᾗ

216 2956 321 2997 omnes
348 2935 485 2996 narrare·
494 2937 583 3014 fecti
604 2947 694 3011 sunt,
717 2946 749 2999 et
774 2957 879 2998 omnes
904 2937 1039 2997 nomam·
1063 2917 1219 2998 dicenter.
1253 2933 1358 3010 Quod
1384 2933 1466 2996 adeo

215 3063 330 3106 verum
347 3049 414 3124 est,
427 3051 463 3106 ut
486 3052 520 3106 et
537 3044 723 3107 universum
742 3042 928 3107 Romanum
950 3043 1122 3126 imperium
1140 3044 1297 3106 Romania
1320 3041 1467 3127 adpella—
1522 3115 1523 3118 Ἴ

218 3158 284 3214 tum
305 3151 357 3232 sit,
377 3160 413 3214 ut
427 3151 575 3235 pluribus
597 3161 746 3216 veterum
763 3151 958 3213 testimoniis
980 3150 1205 3213 demonstrant
1224 3150 1410 3214 Casaubon.
1427 3149 1465 3213 ad
1522 3143 1523 3176 r

285 3358 318 3423 o)
338 3357 439 3422 Legem
458 3357 609 3421 Muniam,
628 3356 752 3409 simodo
771 3357 805 3408 ab
822 3355 900 3409 Aelia
918 3355 1013 3408 Sentis
1037 3343 1126 3408 differt
1145 3355 1194 3420 (de
1213 3371 1269 3424 quo
1283 3357 1376 3409 adhuc
1391 3356 1465 3408 dnbi-

218 3439 316 3504 tatur)‚
335 3440 385 3490 hac
403 3448 474 3494 certe
497 3457 552 3495 nou
571 3447 625 3494 tam
651 3441 828 3494 recentiorem
846 3440 931 3493 tuisse
951 3439 1041 3508 (quod
1058 3443 1140 3509 vulgo
1158 3442 1280 3512 putant),
1301 3458 1384 3510 quam
1401 3441 1465 3493 anti-

220 3524 358 3593 quiorem,
378 3527 520 3594 nequead
538 3526 650 3578 Latinos
669 3527 832 3579 cotoniarios
851 3533 898 3578 aut
918 3527 1055 3580 Junianos
1074 3533 1223 3594 spectasse,
1242 3527 1291 3578 sed
1315 3527 1351 3578 ad
1369 3533 1467 3578 veteres

218 3610 331 3662 Latinos
351 3611 431 3676 (ergo
449 3613 485 3663 ed
503 3612 686 3678 peregrinos),
705 3630 720 3664 e
737 3613 809 3679 Gajo
828 3613 851 3665 I.
869 3614 890 3680 t.
908 3617 950 3667 78.
968 3631 1005 3682 sq.
1023 3613 1130 3680 egregie
1155 3612 1282 3679 probavit
1305 3613 1466 3663 Bethmanu-

220 3697 346 3762 Holiweg
371 3697 438 3750 Dies.
460 3713 531 3764 saep.
556 3697 628 3748 laud.
651 3699 682 3748 de
707 3715 813 3750 caussae
835 3696 990 3766 probatione
1005 3717 1027 3751 c.
1047 3704 1070 3751 1.
1085 3717 1115 3767 p.
1136 3705 1175 3751 ll.
1194 3715 1248 3766 sqq.
1272 3697 1417 3748 Caeterum
1434 3697 1463 3746 dc
1522 3723 1523 3728 =

218 3781 314 3834 eadem
331 3782 390 3848 lege
408 3782 517 3835 Mensia
534 3783 641 3834 erudite
659 3783 783 3851 quidem,
802 3783 850 3836 sed
870 3783 974 3836 dudum
993 3788 1056 3835 aute
1079 3784 1142 3849 Gaji
1165 3782 1351 3836 inventionem
1370 3781 1464 3846 scripta

220 3867 291 3919 Dies.
316 3867 415 3919 Christ.
438 3866 527 3919 Ravii.
550 3867 626 3933 Lips.
645 3873 720 3922 1786.
738 3875 764 3922 4.
789 3867 877 3920 Haud.
904 3869 1063 3921 Sanciverat
1084 3869 1176 3921 eutem
1200 3870 1259 3920 Lex
1284 3866 1395 3919 Mensis
1413 3868 1463 3933 (m
1522 3857 1523 3918 ἶ

221 3952 248 4003 Α
266 3951 374 4004 Sentio?
391 3951 446 4004 vid.
465 3954 548 4019 Hugo
564 3953 601 4007 R.
619 3955 651 4006 G.
667 3971 696 4022 p.
708 3958 768 4008 379.
778 3962 831 4005 not.
842 3958 868 4004 2.
882 3973 912 4024 p.
925 3960 983 4008 751.
1001 3964 1055 4006 not.
1073 3955 1123 4021 2),
1142 3960 1174 4006 nt
1191 3971 1226 4006 ex
1243 3955 1376 4005 alterutro
1396 3967 1464 4017 pere·

219 4035 299 4102 grino
317 4041 397 4088 natus
416 4037 557 4090 deterioris
575 4039 693 4106 parentis
711 4037 894 4092 conditionem
915 4045 1080 4107 sequeretur.
1095 4039 1173 4107 (Ulp.
1186 4039 1294 4106 Fraym.
1322 4037 1349 4090 V.
1368 4041 1392 4090 8.
1410 4035 1464 4103 Gaj.

219 4123 279 4173 inst.
297 4121 321 4172 I.
339 4121 407 4187 77.).
433 4122 530 4190 Itaque
547 4135 585 4176 ex*
601 4125 743 4192 peregrino
761 4132 788 4177 et
807 4125 865 4176 cive
881 4125 1005 4177 Romana
1028 4131 1109 4177 natus
1126 4123 1286 4191 peregrinus
1304 4123 1464 4174 nascebatur.
1522 4135 1523 4206 p

63 4215 67 4223 '
140 4277 145 4285 ι
220 4208 257 4259 nt
275 4223 342 4258 num
359 4208 412 4259 hoc
429 4211 535 4259 tantum
552 4209 581 4261 in
599 4225 679 4275 casu,
697 4209 745 4262 ubi
763 4215 848 4275 nupta
873 4211 1074 4263 eratRomaue
1091 4210 1253 4276 peregrino?
1271 4223 1338 4260 num
1363 4213 1389 4259 et
1404 4222 1465 4274 qua·
1522 4207 1523 4272 ᾖ

219 4295 300 4342 tenus
318 4291 353 4342 ad
368 4291 480 4345 Latinos
500 4309 610 4362 quoque
627 4297 673 4348 lex
691 4294 869 4359 pertinuerit?
886 4299 944 4346 tum
963 4309 1036 4357 vero,
1055 4295 1121 4363 quid
1140 4294 1191 4345 hac
1209 4293 1236 4344 in
1254 4309 1284 4344 re
1298 4299 1465 4344 senatuseon·
1522 4287 1523 4348 i

221 4373 300 4425 sultis
319 4376 454 4430 Hadriani
472 4378 631 4431 auctoritate
648 4378 726 4430 sactis
745 4374 879 4432 mutatum
896 4380 994 4432 fuerit?
1020 4381 1089 4446 (vid.
1102 4379 1164 4445 Gaj.
1182 4377 1205 4430 I.
1220 4379 1239 4444 ξ.
1255 4382 1368 4431 78-81.
1380 4380 1400 4446 ξ.
1412 4381 1462 4443 99.)

221 4457 344 4512 nondum
367 4467 474 4521 constat
498 4463 568 4518 inter
592 4464 721 4517 eruditor.
745 4465 838 4518 Multa
861 4466 895 4516 de
919 4465 962 4517 his
987 4465 1128 4532 ingeniose
1145 4463 1261 4530 conjecit
1279 4463 1402 4528 Hotlweg
1418 4463 1434 4515 1.
1450 4463 1464 4514 t.

222 4543 264 4595 cf.
282 4550 310 4595 et
326 4547 417 4598 Hasse
437 4547 546 4602 Giterr.
565 4550 589 4601 d.
607 4549 753 4617 Eheyatten
771 4551 791 4618 ξ.
812 4555 850 4604 17.
870 4548 956 4603 ΜιὶΙιί.
