3030 5160
352 397 455 480 Qua.
480 396 577 464 Mon.
602 397 658 464 Re
682 395 864 466 Conrnnn.
891 397 1060 466 Omnonr.
1263 407 1335 474 539

69 571 338 638 decemviralem
361 569 479 634 Jacob.
504 569 732 634 Gothoiredus
753 572 798 632 ad
822 571 923 654 tsgg.
943 573 1016 634 XII
1023 575 1103 635 tobb.
1125 577 1187 637 tob.
1205 578 1264 637 111.
1285 576 1335 638 hie

68 681 191 744 verbis
212 678 388 762 expressit:
410 694 442 742 er
461 693 544 752 Qum
562 693 654 740 anno
674 693 839 742 narosrro
855 696 945 741 nono
962 697 1055 742 nano
1071 697 1208 746 ancruu
1227 697 1335 764 asom,

69 787 492 865 assumimusque
508 805 589 848 vero
605 770 716 868 poena
736 805 803 848 non
821 794 947 848 tantum
959 786 1138 850 inficiando
1155 791 1334 871 crescebat,

71 903 111 958 ut
128 893 204 956 fieri
221 891 351 956 solebat
366 892 399 954 in
417 891 500 970 aliis,
522 865 612 976 quod
632 891 833 955 existimavit
850 901 959 956 tamen
985 895 1036 959 vir
1057 915 1197 958 summus
1217 897 1335 959 Jacob.

20 1031 27 1036 ·
73 1001 235 1084 Cujacius
255 1001 403 1062 Parotitt.
425 1001 457 1060 0.
474 1000 613 1080 Deposui.
634 1005 669 1060 et
683 998 843 1062 Pithoeus
864 1001 907 1060 od
925 1001 1033 1063 Callet.
1048 1003 1150 1084 Legg.
1164 1003 1354 1072 necasset,

49 1163 54 1170 .
72 1109 265 1172 RomamX.
277 1107 307 1168 7.
320 1128 354 1188 p.
364 1106 437 1168 771.
459 1105 517 1168 sed
535 1105 639 1168 omnis
662 1107 796 1169 omnino
816 1106 912 1168 dolus
935 1107 1130 1190 depositarii
1147 1109 1335 1193 exlegibus

75 1216 156 1278 XII
175 1201 360 1278 tabularum
379 1210 494 1295 duplo,
514 1221 550 1276 ut
569 1213 711 1293 videtur,
740 1212 971 1278 vindicabatur
984 1218 1030 1295 ²),
1055 1225 1089 1278 et
1113 1214 1246 1299 quidem
1267 1237 1334 1280 non
1405 1213 1410 1222 '

78 1322 259 1405 duplicatis
280 1325 332 1400 (ut
348 1321 476 1384 Marcii.
495 1321 630 1400 Interpr.
650 1321 722 1382 XII
733 1323 813 1384 tobb.
827 1322 898 1384 XV.
909 1342 943 1402 p.
961 1321 1012 1384 70.
1026 1327 1137 1405 putat)
1165 1321 1334 1403 fructibus,

79 1425 140 1491 scd
149 1427 244 1512 dupli
260 1427 394 1512 ejusrei
411 1427 647 1510 praestatione,
665 1449 762 1512 quam
780 1428 851 1511 quis
869 1427 1116 1491 custodiendam
1137 1428 1336 1494 tradiderate

79 1535 281 1618 Schultingii
297 1536 684 1617 Jon‘sprud.Antej1ssnn.
701 1557 734 1618 p.
748 1536 821 1599 771.
842 1537 916 1600 Jan.
933 1537 1030 1599 Vinc.
1047 1537 1194 1602 Gravina
1214 1540 1253 1600 de
1270 1540 1335 1602 tt.

80 1643 155 1704 XII
163 1643 244 1704 tabb.
261 1664 285 1703 c.
299 1641 349 1704 51.
363 1664 397 1724 p.
411 1641 483 1704 353.
498 1643 578 1704 Furi
592 1644 678 1705 enim
691 1642 804 1705 similis
817 1643 993 1706 videbatur
1007 1645 1226 1728 depositarius
1238 1645 1336 1709 dolo-

80 1771 149 1812 sus:
165 1751 201 1810 L.
218 1747 268 1810 13.
280 1750 320 1809 1).
331 1749 446 1831 Depos.
468 1749 551 1812 Tam
568 1748 671 1812 dirum
689 1751 788 1814 etiam
803 1751 867 1812 hoc
882 1752 1003 1814 crimen
1019 1751 1195 1815 videbatur
1212 1753 1336 1816 veteri-

79 1857 150 1932 bus,
173 1863 209 1918 ut
239 1862 274 1917 et
295 1853 337 1916 de
365 1855 518 1938 deposito
544 1856 699 1940 negando
725 1857 911 1942 cogitantes
944 1879 964 1920 a
991 1858 1065 1921 Diis
1087 1880 1159 1922 cum
1183 1859 1336 1922 universa

78 1961 207 2026 familia
226 1961 440 2044 exstirpatum
460 1961 500 2023 iri
520 1962 743 2040 crederentur,
763 1986 828 2048 quo
848 1964 994 2048 pertinet
1007 1964 1193 2049 exemplum
1215 1965 1335 2028 Glauci

79 2067 235 2151 Spartani
262 2066 348 2150 apud
371 2067 582 2132 Herodotum
602 2070 668 2130 Lib.
689 2070 740 2130 VI.
761 2069 812 2132 86.
835 2069 925 2152 quod
948 2071 1095 2136 breviter
1115 2072 1166 2136 his
1187 2073 1336 2136 versibus

80 2174 282 2258 complexus·
296 2183 346 2239 est
359 2175 531 2238 Iuvenalis
546 2176 614 2237 Sat.
624 2177 715 2237 XIII
734 2197 761 2237 v.
771 2176 843 2238 199.
858 2198 923 2258 sqq.

249 2298 411 2380 Spartano
427 2300 553 2361 cuidam
571 2301 729 2379 respondit
747 2299 864 2378 Pythia
879 2308 986 2362 votes:

247 2405 350 2468 Haud
364 2409 549 2486 impunitum
565 2407 720 2486 quondam
728 2408 812 2482 sore,
832 2408 916 2487 quod
933 2407 1091 2469 dubitaret

248 2513 431 2594 Depositum
448 2517 584 2574 retiaere
604 2522 633 2573 et
646 2513 801 2589 fraudem
812 2514 891 2593 jure
909 2517 996 2576 tueri

250 2619 403 2690 durando.
428 2620 606 2695 Quaerebat
623 2623 714 2699 enim,
731 2640 812 2699 quae
829 2623 965 2683 nnmiru‘s
986 2630 1068 2684 esset

250 2725 352 2797 Mens,
375 2734 407 2786 et
425 2748 468 2787 on
491 2729 546 2790 boe
561 2729 608 2788 stt·
617 2727 750 2803 succisus
771 2728 919 2790 suaderet
937 2730 1071 2809 Apollo?

249 2834 400 2896 Reddidit
416 2853 494 2915 ergo
510 2843 605 2905 meto,
620 2853 682 2894 non
697 2834 851 2906 moritus·
875 2843 905 2894 et
920 2843 1025 2896 tomen
1043 2855 1163 2896 omnem

256 2941 365 3002 Vocem
384 2943 475 3020 adyti
492 2941 621 3020 dignam
641 2940 754 3018 templo
770 2959 937 3021 veramque
951 2943 1107 3021 probauit,

250 3048 435 3110 Eests‘nctus
453 3056 518 3108 toto
528 3048 655 3127 pariter
669 3065 739 3105 oum
753 3047 844 3126 prole
863 3048 1020 3126 domoque.

83 3163 267 3225 Praeterea
282 3183 339 3223 eos
356 3161 473 3224 dentes
489 3161 640 3223 amittere
661 3160 832 3242 putabant,
859 3161 915 3245 qui
941 3159 1126 3242 depositum
1150 3167 1336 3243 negassent,

85 3269 127 3331 de
144 3291 209 3352 qua
225 3278 374 3332 veterum
391 3269 550 3352 opinione
567 3266 727 3353 quaedam
744 3267 872 3328 notavit
888 3265 1099 3329 Casaubonus
1123 3267 1157 3328 in
1172 3265 1338 3328 Leots’oris'b.

89 3379 267 3440 Theocritio.
289 3375 324 3461 [¹²
333 3397 358 3436 o.
369 3375 420 3437 10.
431 3397 465 3457 p.
479 3375 529 3437 99.
538 3396 582 3455 sq.
601 3395 643 3436 ex
660 3373 739 3436 edit.
751 3371 906 3459 Reiskii]
923 3373 1035 3450 Quare
1049 3380 1083 3436 et
1098 3372 1225 3435 Plinius
1237 3373 1337 3453 Epsbt.

86 3484 127 3546 X.
144 3481 195 3544 97.
220 3504 286 3545 non
302 3483 450 3565 putabat,
467 3495 501 3542 te
525 3480 724 3567 luculentius
739 3483 911 3565 probitatis
933 3475 1155 3544 testimonium
1175 3479 1338 3563 praebere

85 3611 182 3676 posse
193 3589 397 3670 Christianis,
408 3611 504 3673 quam
514 3589 588 3650 dum
603 3609 653 3649 eos
662 3609 695 3650 se
705 3598 900 3652 sacramento
912 3591 1115 3670 obstrangere,
1128 3588 1183 3668 ait,
1195 3587 1338 3668 nefidem

78 3699 212 3778 sallent,
229 3687 269 3758 ne
280 3699 451 3778 depositum
462 3697 614 3777 adpellats‘
621 3697 782 3777 abnegent.
795 3695 905 3772 Quare
917 3716 982 3757 non
994 3695 1108 3757 mirum
1122 3701 1181 3774 est,
1195 3693 1340 3756 Decem-

88 3806 176 3867 viros
198 3811 265 3866 tam
295 3803 453 3886 improbis
474 3803 667 3864 bominibus
690 3800 783 3885 dupli
810 3823 951 3886 poenam
974 3803 1134 3866 statuisse.
1159 3800 1338 3863 Enimvero

88 3920 207 3996 postea
233 3911 374 3973 Praetor
396 3889 483 3972 banc
509 3930 650 3993 poenam
681 3909 855 3992 mitigavit,
878 3911 1109 3993 actionemque
1132 3908 1165 3970 in
1189 3905 1338 3988 simplum

89 4026 215 4082 tantum
232 4017 336 4099 dedit,
352 4027 582 4100 praeterquam
598 4017 624 4077 si
647 4014 832 4099 depositum
856 4025 942 4078 esset
963 4013 1150 4078 miserabile
1173 4020 1340 4094 negatum,
1361 3997 1367 4004 ’

326 4157 381 4164 ...u-u-

188 4171 191 4178 ι

159 4224 190 4289 z)
209 4213 277 4274 vid.'
292 4221 412 4274 Dirksen
430 4219 603 4288 Zwiilstosel-
614 4219 780 4288 Froymente,
795 4236 822 4285 p.
834 4223 893 4272 597.
907 4235 948 4286 aq.
973 4220 1009 4270 nt
1026 4219 1059 4270 ei.
1077 4217 1182 4269 Puohta
1201 4212 1341 4266 Lebrbucb
1421 4269 1423 4278 ,

6 4319 8 4328 ·
80 4307 137 4375 fiir
156 4306 523 4373 Institutionenvorlesnnyen,
542 4305 653 4370 praelat.
672 4320 699 4369 p.
715 4304 872 4354 XXXVII.
892 4301 978 4354 Mie'lsl.

158 4392 189 4458 a)
212 4390 289 4442 Aetio
308 4391 379 4444 enim
397 4407 413 4442 a
431 4389 588 4442 Iustiniano
611 4388 727 4454 prodita,
752 4404 822 4454 quae
847 4385 992 4438 inficiando
1015 4381 1119 4442 crescit,
1143 4377 1341 4445 proculdubio

90 4476 248 4530 recentioris
266 4475 335 4539 aevi,
353 4480 379 4526 et
398 4475 433 4526 ab
450 4471 663 4540 Imperatoribus
682 4472 791 4522 demum
809 4469 918 4536 iuventa
935 4476 991 4522 est:
1011 4464 1172 4530 Schultinin
1186 4465 1338 4531 Jurbprmt

90 4562 249 4633 Antejnstin.
264 4576 294 4627 p.
312 4564 372 4614 771.
390 4560 470 4611 Heln.
