3056 5154
241 359 313 426 624
645 371 648 374 ·
690 351 767 420 Lm.
792 350 852 418 lv.
877 349 957 420 Trr.
980 351 1041 420 lv.

240 531 450 601 inveberemr,
468 528 641 612 fustigatio
661 547 743 590 vero
767 527 867 592 facile
887 528 930 591 ad
954 547 1069 592 necem
1090 548 1193 614 usque
1213 530 1397 614 procedere
1416 541 1479 614 pot·

241 644 330 700 erat:
354 635 393 698 L.
412 637 443 698 7.
458 637 487 718 §.
502 637 531 697 1.
546 637 589 697 D.
607 637 653 697 od
671 637 749 718 Leg.
769 638 881 716 Aquili.
902 635 941 697 L.
955 636 987 697 1.
1007 637 1037 717 §.
1052 635 1103 698 17.
1118 637 1159 697 D.
1181 639 1227 698 ad
1247 638 1366 700 SOtum
1388 639 1479 700 &boa
1515 707 1516 720 χ

241 739 389 829 quamvis
410 741 445 805 id
463 743 653 827 improbent
670 742 766 826 leges
786 751 938 805 nostraez
963 747 998 802 Ι.
1015 743 1045 804 8.
1064 744 1094 824 §.
1113 742 1143 803 1.
1158 744 1200 804 11.
1215 745 1254 806 de
1271 746 1370 806 Poen.
1396 743 1478 808 Unde
1515 739 1516 760 ¹

239 868 308 914 nou
322 851 449 933 mirum,
465 849 556 936 quod
574 850 691 932 capitis
711 851 883 912 damnatos
902 849 1077 932 injuriosos
1091 852 1254 935 ejusmodi
1272 850 1418 914 homines
1436 872 1479 912 re·
1515 845 1516 850 ’

239 959 306 1022 fert
321 957 440 1022 Cicero
455 961 544 1040 apud
557 961 774 1040 Augmtrbum
788 958 828 1018 de
841 961 921 1019 civit.
935 958 1003 1018 Dei
1012 958 1084 1019 east

831 1134 860 1215 s.
875 1133 905 1198 a.

367 1305 377 1332 s
669 1251 726 1301 Nec
744 1266 798 1301 non
816 1249 848 1300 de
865 1249 966 1318 irp'uria
983 1249 1059 1302 reali.

321 1352 377 1416 Ad
399 1350 596 1416 atrociorem
618 1349 769 1436 injuriam
793 1350 1008 1433 pertinebant
1034 1350 1133 1412 etiam
1157 1350 1253 1434 leges
1281 1350 1327 1415 de
1350 1355 1477 1415 membro
1515 1409 1516 1436 p

238 1469 336 1546 rupto
362 1461 417 1526 vel
437 1478 510 1522 osse
525 1457 643 1538 fracto,
665 1479 751 1543 quae
775 1457 860 1520 tales
885 1457 1035 1520 fuerunt:
1058 1473 1089 1522 ss
1114 1475 1285 1524 urrunnun
1306 1476 1436 1540 Ruesrr,
1450 1477 1477 1522 ru

238 1586 309 1634 cuti
332 1585 376 1632 no
396 1584 506 1648 enom
528 1583 632 1629 renio
652 1582 747 1630 usro.
770 1583 829 1641 Qus
851 1581 892 1630 os
912 1582 959 1628 ux
977 1581 1146 1628 cunarum
1166 1582 1270 1628 numu
1290 1584 1414 1630 ursano
1432 1585 1478 1630 occ
1515 1597 1516 1658 3

238 1692 344 1740 suevo
366 1693 409 1739 οι,
428 1649 528 1738 Aliisls
544 1689 676 1736 Possm
696 1690 817 1738 sunno.
839 1674 892 1736 Ita
910 1673 1013 1734 verba
1031 1671 1143 1755 legum
1160 1673 1298 1736 exhibet
1314 1672 1478 1736 Gothofre-
1515 1749 1516 1762 χ

239 1783 298 1847 dus
319 1788 416 1864 Legg.
435 1780 618 1846 Xllffiau.
643 1782 705 1870 “¹⁶2
734 1781 803 1842 VII.
832 1781 876 1842 Et
900 1781 1039 1842 membri
1067 1779 1199 1864 quidem
1224 1781 1316 1864 rupti
1336 1781 1477 1844 talionem
1515 1791 1516 1860 i

238 1891 349 1970 fuisse,
366 1888 488 1952 diserte
504 1893 667 1950 testantur
680 1888 798 1950 Festus
813 1887 873 1950 sub
890 1908 973 1950 voce
994 1889 1128 1950 Taliom’s
1139 1910 1172 1968 p.
1182 1887 1254 1950 558.
1270 1888 1477 1952 'l'ribonianus

237 1998 266 2080 5.
283 1996 314 2058 7.
327 1998 405 2058 last.
422 1997 451 2056 Ιι.
466 2004 487 2056 t.
502 1993 633 2058 Gellius
650 1994 755 2056 Noctt.
772 1997 839 2056 An.
856 1995 930 2056 XX.
949 1995 980 2057 1.
1001 1996 1057 2079 qui
1080 2002 1190 2056 tamen
1210 1993 1374 2058 talionem
1388 1997 1476 2077 istam,

236 2102 316 2187 ipsis
338 2102 457 2174 divinis
479 2101 611 2185 legibus
632 2099 821 2182 admissam,
838 2102 987 2184 exagitat
1008 2100 1121 2187 paullo
1144 2101 1306 2165 acerbius.
1327 2103 1392 2184 At,
1407 2124 1476 2188 quae
1515 2113 1516 2176 ἦ

237 2210 281 2274 de
296 2231 369 2274 osse
390 2231 433 2272 ex
452 2207 593 2294 genitali
608 2208 714 2272 fracto
738 2210 824 2294 agit,
846 2208 903 2272 lex
921 2210 1036 2294 paullo
1055 2208 1233 2286 obscurior,
1246 2218 1308 2286 cst,
1329 2232 1393 2274 nec
1409 2211 1476 2274 levis
1515 2193 1516 2220 ³

237 2326 287 2382 est
310 2317 484 2382 dubitandi
505 2339 634 2398 caussa,
653 2338 695 2379 an
712 2334 898 2399 cunerem,
913 2318 1003 2401 quod
1020 2326 1097 2400 post
1113 2317 1292 2382 Pithoeum
1310 2317 1366 2382 hic
1384 2319 1476 2403 posuit

237 2423 483 2506 Gothofredus,
508 2425 687 2508 genuinum
715 2423 756 2486 sit
769 2426 816 2503 ¹¹).
842 2425 883 2489 ld
907 2433 1032 2488 certum
1056 2423 1202 2501 videtur,
1223 2425 1268 2488 ob
1290 2425 1429 2490 fractum
1446 2447 1475 2488 os

234 2534 334 2599 liberi
350 2531 491 2594 bominis
506 2549 577 2614 ccc,
595 2533 684 2594 servi
698 2548 740 2593 cu
755 2531 840 2595 aeris
855 2553 996 2617 poenam
1016 2531 1132 2596 fuisse:
1159 2532 1289 2596 ennato
1304 2533 1404 2616 Lagg.
1420 2535 1475 2596 Mo·

235 2645 309 2704 saio.
324 2647 354 2702 et
369 2641 502 2702 Roman.
517 2640 560 2701 ΙΙ.
574 2639 605 2699 5.

823 2756 852 2838 §-
869 2729 899 2818 4.

549 2870 605 2924 Cur
622 2871 671 2925 liae
690 2869 759 2940 lepos
775 2872 870 2924 sensim
888 2871 921 2924 ab
938 2889 989 2924 usu
1003 2873 1182 2926 recesserint?

318 2973 394 3036 Hae
410 2979 485 3035 sunt
504 2971 617 3056 leges,
634 2993 714 3056 quas
729 2972 763 3034 in
778 2972 854 3035 XII
868 2972 1015 3036 Tabulas
1037 2971 1281 3037 relatas-fuisse
1306 2974 1349 3038 de
1365 2975 1475 3060 injuriis

303 3178 337 3245 h)
356 3176 454 3230 iacobi
470 3176 630 3230 Gothofredi
644 3176 828 3244 conjecturam
842 3176 969 3230 refutavit
988 3175 1180 3245 Schultingius.
1198 3181 1242 3232 De
1259 3180 1386 3232 membro
1400 3187 1475 3244 rupto,
1515 3167 1516 3204 l

234 3278 297 3317 osse
314 3265 399 3316 tracto
417 3280 452 3314 ex
470 3263 628 3315 difficillimo
647 3265 707 3315 loco
725 3262 807 3315 Pauli
820 3261 958 3326 disputavi
969 3266 1057 3324 antea,
1072 3261 1100 3332 [*
1108 3261 1184 3314 Obie.
1192 3264 1255 3331 jur.
1270 3265 1353 3317 Rom.
1368 3265 1390 3317 Ι
1394 3265 1418 3316 V.
1433 3261 1474 3332 lu]

234 3352 262 3402 et
272 3348 387 3401 aliorum
399 3347 542 3413 opiniones
554 3346 671 3400 excussi.
691 3347 773 3399 Coun.
791 3347 889 3400 Varias
901 3347 1077 3412 interpretum
1089 3348 1259 3414 conjecturas
1272 3349 1476 3417 diligentissime,

156 3473 159 3482 ,
235 3439 266 3486 ut
282 3437 359 3497 solet,
378 3434 428 3486 sub
446 3449 588 3485 censuram
605 3431 712 3485 vocavit
728 3432 848 3484 Dirksen
869 3432 886 3484 l.
900 3431 918 3483 1.
932 3447 957 3496 p.
972 3435 1069 3484 516-
1081 3436 1141 3486 525.
1162 3432 1245 3498 (Tab.
1260 3433 1340 3485 vlll.
1352 3434 1398 3485 Fr.
1409 3439 1432 3486 2.
1442 3433 1474 3498 3.)

234 3519 331 3587 Neque
347 3533 412 3571 vero
430 3516 488 3570 fieri
505 3523 624 3584 poterat,
642 3521 673 3568 ut
690 3520 731 3569 tot
749 3517 889 3570 hominum
907 3517 1050 3570 doctorum
1068 3516 1178 3584 ingenia
1199 3523 1344 3584 tantopere
1362 3521 1427 3572 hoec
1442 3533 1476 3569 res

234 3607 378 3667 exerceret,
397 3603 421 3656 si
437 3602 584 3668 genuinum
602 3602 790 3657 habuissemus
811 3605 901 3656 locum
923 3602 1016 3654 Collat.
1035 3603 1092 3654 LL.
1105 3602 1174 3654 Mos.
1192 3610 1218 3652 et
1235 3602 1326 3662 Rom„
1338 3603 1476 3667 corruptis·

234 3687 333 3740 simum
350 3687 424 3752 olim,
443 3703 524 3754 quem
538 3686 597 3752 jam
615 3686 755 3750 Blumius‚
773 3686 893 3740 maxime
910 3703 977 3741 usus
991 3686 1200 3741 Vindobonensi
1214 3686 1282 3739 Cod.
1300 3705 1384 3742 mser.
1403 3703 1476 3753 nuper

233 3778 349 3839 reperto,
366 3772 395 3824 in
412 3787 462 3824 sua
480 3770 599 3824 editione
619 3772 691 3839 (Lex
709 3772 768 3824 Dei.
787 3772 839 3824 Tit
857 3774 893 3825 11.
911 3775 982 3838 Kap.
996 3775 1030 3826 V.
1042 3775 1063 3840 ᾗ.
1077 3773 1118 3840 5.)
1139 3770 1179 3824 sic
1195 3771 1322 3825 exhibet:
1347 3773 1475 3840 „Injurir-

233 3875 293 3912 rum
307 3857 377 3910 actio
391 3861 439 3908 aut
452 3856 571 3922 legitima
586 3861 635 3921 est,
648 3862 697 3909 eut
710 3856 864 3910 honoraria.
881 3859 1015 3924 Legitima
1032 3875 1068 3910 ex
1085 3859 1144 3924 lege
1155 3857 1301 3912 duodecim
1317 3859 1475 3912 tabularum:

233 3941 282 4012 qui
298 3942 426 4009 injuriam
438 3941 515 3993 alteri
526 3941 597 4006 tacit,
611 3941 731 4010 quinque
749 3947 776 3994 et
792 3940 887 4007 viginti
905 3943 1092 3996 sestertiorum
1108 3958 1225 4009 poenam
1242 3941 1327 3996 subit.
1351 3945 1426 4002 Quae
1442 3942 1475 3992 les

229 4027 362 4097 poneretis
372 4026 448 4092 fuit,·
456 4025 576 4091 fuerunt
598 4034 624 4078 et
640 4026 779 4095 speciales,
796 4025 868 4078 velut
884 4027 950 4080 illc:
970 4029 993 4080 si
1009 4029 1066 4098 ques
1084 4046 1113 4080 os
1122 4027 1213 4096 frepit
1230 4025 1329 4090 libero,
1349 4037 1474 4084 trecentos,

231 4114 255 4166 si
270 4129 353 4173 servo,
376 4111 421 4164 CL
435 4128 547 4178 poenam
559 4109 642 4163 subito
654 4111 860 4164 sestertiorumss
871 4112 963 4166 .Unde
977 4114 1052 4165 nullo
1067 4112 1177 4179 negotio
1195 4111 1256 4164 lites
1274 4112 1339 4164 illac
1359 4109 1473 4179 componi

231 4203 354 4264 possunt.
377 4196 533 4250 Generatim
552 4195 656 4248 etenim
680 4199 725 4249 lex
749 4196 913 4263 semineret,
932 4204 963 4251 ut
984 4196 1081 4264 viginti
1103 4198 1224 4265 quinque
1241 4198 1354 4250 essibus
1372 4198 1473 4266 injuriae

231 4288 322 4336 essent
347 4284 461 4335 luendae
480 4281 550 4350 (vid.
568 4297 651 4348 supra
669 4283 689 4349 ς.
707 4283 756 4348 1.).
781 4284 924 4334 Praeterea
946 4283 1117 4348 gravioribus
1142 4282 1255 4351 quidem
1279 4280 1391 4347 injuriis
1416 4280 1473 4333 alise

231 4380 333 4431 poenae
351 4365 513 4420 constitutae
530 4371 650 4430 sunt-ut
667 4372 847 4420 trecentorum
866 4369 909 4420 vel
929 4372 985 4421 150.
1003 4368 1105 4421 assium
1122 4373 1233 4434 propter
1259 4382 1292 4418 os
1311 4369 1434 4426 fractum,
1449 4371 1473 4416 ut

231 4450 338 4522 talionis
355 4457 466 4519 propter
482 4453 633 4505 membrum
651 4456 774 4518 ruptum,
792 4452 870 4518 cujus
889 4459 977 4506 tamen
997 4469 1101 4519 poenae
1124 4452 1197 4506 haud
1221 4451 1348 4506 meminit
1366 4449 1471 4505 collatio·

230 4533 270 4587 Cl.
289 4541 315 4586 et
334 4535 396 4602 Gaji
413 4537 475 4590 inst.
494 4539 543 4590 111.
557 4538 580 4605 ξ.
600 4541 658 4590 223.
678 4535 763 4590 Miilsl.
