3056 5168
209 393 281 464 rit
658 384 735 460 latu.
759 384 820 457 lv.
844 383 924 456 Tru·
949 385 1032 454 xl.-

189 561 283 630 'ruu
300 579 398 628 souvt
420 580 538 628 cavere
560 563 755 646 oportebat,
771 566 845 644 peto
867 581 956 627 nemo
976 561 1123 640 ddeaeor
1145 565 1179 630 tn
1200 563 1307 630 ob'em
1327 581 1379 634 rs,
1402 565 1465 626 aba

210 671 429 744 satisdatione,
451 673 580 734 ettoneoa
606 672 853 734 corcorditer:
874 670 902 751 §.
929 669 958 732 1.
982 671 1060 732 lost.
1080 671 1114 733 b.
1130 678 1151 734 t.
1180 669 1270 734 Hinc
1292 667 1398 732 falsus
1419 675 1466 732 est

209 777 369 857 Alfenus,
392 776 467 840 dum
496 780 641 858 negauit,
665 795 798 858 aequum
817 798 901 850 eree,
918 785 1159 858 procuratorem
1187 777 1368 840 satisdare.-
1389 777 1467 855 qood

210 907 284 950 reus
309 885 467 946 satisdare
490 904 554 945 non
574 884 713 955 deberet,
738 887 769 944 si
793 885 933 946 adesset:
956 882 1077 948 Cicero
1092 905 1154 966 pro
1177 885 1216 948 P.
1239 884 1372 961 Quintio
1394 904 1418 944 o.
1437 883 1465 944 7.

211 993 285 1058 Cur.
299 989 455 1075 Sigonius
470 991 512 1054 do
524 991 652 1054 dediciis
668 992 693 1055 Ι.
708 990 759 1055 27.
769 1012 803 1072 p.
818 990 890 1053 500.
907 991 952 1071 f),

799 1141 826 1220 §-
842 1141 872 1200 4.

678 1255 751 1314 Quid
766 1258 998 1324 compromissum?
1352 1327 1356 1334 Ι

293 1359 333 1423 In
359 1357 478 1422 caussis
505 1357 613 1419 bonae
636 1355 715 1420 fidei
736 1369 770 1419 et
793 1355 991 1438 arbitrariis,
1014 1356 1041 1419 si
1068 1356 1102 1418 in
1127 1341 1284 1420 arbitrum
1316 1377 1468 1440 compro-

211 1467 390 1549 misissent,
414 1463 592 1550 aliquando
615 1461 845 1548 deponebatur
867 1473 958 1528 certa
980 1463 1137 1548 pecunia:
1160 1464 1281 1526 Cicero
1304 1465 1399 1526 Orat.
1411 1485 1468 1546 pro

216 1575 251 1651 Q.
267 1575 378 1636 Roscio
400 1573 545 1635 Comoedo
559 1594 584 1634 c.
599 1573 629 1633 4.
655 1574 780 1650 Quaero
797 1573 852 1634 aba
871 1581 917 1647 te,
934 1573 1010 1654 quid
1027 1575 1071 1633 ita
1090 1573 1130 1632 de
1151 1573 1210 1633 boo
1230 1575 1374 1653 pecunia
1393 1593 1467 1633 com-

206 1686 398 1764 promissum
411 1681 546 1758 seceris,
561 1679 716 1741 arbitrum
737 1683 905 1753 sumserit,
926 1688 1079 1760 quantum
1094 1683 1222 1760 aequius
1245 1687 1277 1741 et
1295 1681 1411 1740 melius
1432 1685 1466 1740 sr't

212 1789 293 1862 dori,
309 1793 528 1868 reproms'ttzbe,
549 1789 580 1848 as*
586 1789 739 1867 pareret?
760 1785 868 1862 Quum
885 1786 971 1848 enim
994 1785 1174 1872 periculum
1198 1793 1298 1866 esset,
1317 1794 1355 1850 nt
1371 1787 1465 1850 aiter-

213 1903 286 1958 utra
300 1915 374 1978 pars
397 1894 511 1957 arbitri
535 1894 719 1957 sententiae
742 1901 860 1957 staret:
881 1893 1076 1979 plerumque
1097 1892 1181 1956 haec
1203 1895 1353 1976 pecunia
1369 1893 1460 1976 depo-

127 2081 133 2092 ·
213 2001 364 2083 nebatur,
387 2010 423 2065 ut
439 2001 580 2063 mulctae
602 2000 678 2065 loco
695 1983 882 2086 eriperetur
905 2002 954 2079 ei,
971 2001 1027 2088 qui
1047 1999 1111 2064 hoc
1127 2000 1227 2066 modo
1245 2000 1397 2066 elusisset
1415 2022 1465 2063 ar-

213 2109 362 2174 bitrium:
386 2109 459 2173 Car.
475 2109 630 2192 Sigonius
645 2111 716 2173 ibid.
729 2131 763 2192 p.
778 2109 850 2172 501.

799 2263 880 2344 §·⁵·
962 2289 966 2296 ·

675 2380 749 2431 Novo
767 2378 913 2431 robsdoodi
927 2379 1020 2430 ratio.-

297 2483 341 2546 Et
362 2481 536 2545 haeserat
558 2489 652 2544 vetus
675 2479 854 2544 satisdandi
875 2480 979 2560 ratio,
996 2501 1091 2564 quam
1109 2479 1238 2543 demum
1262 2481 1336 2545 litis
1361 2491 1468 2547 conte·
1522 2515 1523 2518 ¹

215 2591 313 2655 statio
330 2589 538 2672 sequebatur,
554 2589 643 2652 Vide
659 2587 832 2670 soprato.
846 2587 902 2648 IV.
921 2587 982 2648 tit:
999 2587 1051 2648 VI.
1067 2587 1156 2668 §.42
1172 2586 1240 2649 Sed
1258 2590 1348 2654 haec
1366 2592 1465 2654 omnia

214 2705 332 2782 postea
347 2697 515 2758 immutata
537 2702 620 2757 sunt.
645 2694 730 2756 Nam
745 2715 834 2758 novo
851 2695 928 2779 jure
944 2715 1029 2776 reus,
1046 2695 1115 2758 sive
1137 2696 1171 2758 in
1186 2715 1276 2778 rem,
1300 2697 1378 2762 sive
1403 2718 1466 2781 per-

215 2803 321 2867 sonali
349 2803 480 2865 actione
506 2801 749 2883 conveniretur,
773 2823 949 2886 numquam
978 2803 1118 2866 cavebat
1140 2819 1343 2868 suulcn'rUM
1367 2822 1466 2882 sonvr,

216 2912 273 2974 sed
305 2916 430 2974 tantum
452 2928 585 2974 Junroro
612 2926 698 2974 slsul
713 2915 764 2990 t):
788 2930 873 2994 quae
897 2912 1006 2974 cautio
1030 2910 1128 2973 etiam
1152 2912 1401 2996 jurejurando,
1423 2911 1467 2975 vel

216 2999 304 3082 nuda
325 3018 540 3101 promissione
563 3018 721 3101 praestari
743 3025 891 3102 poterat,
907 3017 970 3080 nisi
991 3039 1065 3081 reus
1087 3019 1129 3080 de
1151 3018 1230 3102 fuga
1247 3028 1343 3082 esset
1365 3041 1468 3104 suspe-

217 3135 295 3190 ctus.
314 3127 513 3188 Procurator
529 3126 659 3207 actoriS,
673 3125 740 3204 nisi¹
751 3124 901 3187 dominus
916 3146 1072 3209 praesens
1088 3126 1167 3189 actis
1182 3125 1375 3191 insinuaret
1387 3149 1468 3190 man-

217 3235 338 3316 datum,
355 3233 509 3296 satisdare
526 3231 718 3316 cogebatur,
739 3250 808 3295 nun
831 3249 949 3295 nsrsu
972 3250 1106 3296 usuum.
1128 3233 1193 3298 Rei
1213 3253 1298 3296 vero
1317 3255 1467 3319 procura-

216 3350 269 3406 tor
284 3362 350 3405 non
373 3341 569 3432 adigebatur
589 3341 630 3404 ad
653 3339 909 3421 satisdationem,
925 3341 983 3404 sed
1007 3340 1198 3421 sufficiebat,
1215 3341 1240 3402 si
1265 3363 1350 3406 reus
1363 3341 1412 3406 vel
1431 3342 1461 3401 in

210 3449 350 3534 judicio,
366 3448 420 3511 vel
445 3432 539 3512 extra
555 3446 715 3532 judicium
739 3468 799 3530 pro
816 3468 858 3509 eo
881 3447 1037 3524 cavisset,
1053 3464 1248 3511 Junch'rUM
1272 3464 1388 3513 souvl.
1407 3447 1467 3512 Rei

218 3555 361 3619 absentis
379 3554 545 3619 defensori
568 3575 699 3638 semper
711 3561 783 3648 erat
804 3541 1025 3618 satisdandum
1039 3572 1233 3618 tunicarum
1255 3571 1374 3640 souvr,
1396 3556 1470 3618 alias

217 3684 283 3725 non
306 3662 540 3726 admittebatur
556 3663 596 3726 ad
612 3663 849 3746 suscipiendam
865 3683 925 3746 pro
943 3661 1010 3726 alio
1032 3665 1102 3725 sine
1119 3662 1276 3725 mandato
1293 3665 1470 3727 actionem.
1520 3715 1521 3722 ,

218 3769 312 3832 Haec
327 3761 414 3833 nova
430 3781 479 3832 est
493 3769 553 3833 illa
567 3770 745 3832 satisdandi
761 3771 858 3850 ratio,
876 3791 960 3856 quae
973 3768 1264 3852 Constantinopoli
1281 3769 1471 3834 introducta

202 3861 330 3938 xomnes
358 3876 480 3940 deinde
502 3877 646 3960 reliquas
674 3876 1016 3960 provincias‘imperii
1052 3878 1215 3961 pervasit,
1245 3879 1471 3942 necessarium

209 3979 288 4045 'esse
313 3985 522 4047 existimante
542 3984 745 4064 Justiniano,
763 3993 858 4064 capnt
870 3988 1005 4046 omnium
1024 3990 1197 4056 statutum,
1213 4005 1329 4066 nernpe
1352 3992 1471 4068 regiam

207 4093 337 4167 *urbana
353 4094 483 4174 ejusque
499 4093 724 4153 observantiam
740 4111 844 4152 omnes
854 4095 1032 4172 provincius
1047 4096 1149 4174 aequi:
1164 4092 1192 4172 ὃ.
1207 4089 1237 4153 7.
1255 4091 1338 4154 Inst.
1357 4095 1390 4154 b.
1406 4103 1428 4156 t.
1519 4123 1520 4178 3

390 4211 394 4214 -
1519 4191 1520 4228 i

285 4296 316 4361 t)
337 4295 459 4361 uaj.1v.
476 4296 498 4362 t.
512 4300 568 4349 101.
586 4301 614 4347 et
632 4312 715 4361 supra
733 4296 785 4348 Tit.
797 4297 836 4350 X.
853 4301 910 4348 not.
921 4313 945 4347 c.
964 4296 999 4348 ad
1016 4296 1037 4362 ᾗ.
1051 4300 1077 4348 3.
1095 4295 1182 4348 ΜιὶΙιὶ.

285 4380 316 4443 g)
337 4379 388 4432 Cui
406 4379 488 4430 ctiam
506 4378 591 4430 inerat
616 4381 705 4432 cautio
724 4380 757 4430 de
775 4397 804 4432 re
827 4380 995 4432 defendenda
1018 4396 1106 4447 usque
1123 4380 1159 4432 ad
1175 4378 1281 4432 exitum
1302 4381 1372 4446 litia,
1392 4397 1472 4450 quare

217 4461 346 4525 peculiari
359 4464 512 4530 judicatum
530 4465 599 4518 solvi
616 4462 742 4516 cautione
760 4479 815 4514 non
826 4464 943 4529 amptius
955 4479 1025 4530 opus
1040 4481 1100 4518 esse
1111 4463 1200 4516 visum
1212 4463 1277 4518 tuit„
1286 4465 1330 4520 ct.
1345 4465 1471 4528 noum

217 4545 234 4596 t.
248 4545 264 4596 t.
281 4560 309 4610 p.
324 4552 383 4600 25⁷.
401 4548 487 4602 Most.
