<?xml version="1.0" encoding="UTF-8"?>
<!DOCTYPE html PUBLIC "-//W3C//DTD XHTML 1.0 Transitional//EN"
    "http://www.w3.org/TR/xhtml1/DTD/xhtml1-transitional.dtd">
<html xmlns="http://www.w3.org/1999/xhtml" xml:lang="en" lang="en">
 <head>
  <title>
</title>
<meta http-equiv="Content-Type" content="text/html;charset=utf-8" />
  <meta name='ocr-system' content='tesseract 3.04.00' />
  <meta name='ocr-capabilities' content='ocr_page ocr_carea ocr_par ocr_line ocrx_word'/>
</head>
<body>
  <div class='ocr_page' id='page_1' title='image "./jogottliebheine00haubgoog_0822.png"; bbox 0 0 3122 5162; ppageno 0'>
   <div class='ocr_carea' id='block_1_1' title="bbox 484 369 1330 450">
    <p class='ocr_par' dir='ltr' id='par_1_1' title="bbox 484 369 1330 450">
     <span class='ocr_line' id='line_1_1' title="bbox 484 369 1330 450; baseline 0.012 -10"><span class='ocrx_word' id='word_1_1' title='bbox 484 369 541 440; x_wconf 73' lang='lat' dir='ltr'><strong>lin</strong></span> <span class='ocrx_word' id='word_1_2' title='bbox 565 370 727 446; x_wconf 80' lang='lat' dir='ltr'><strong>Puuurcrs</strong></span> <span class='ocrx_word' id='word_1_3' title='bbox 751 369 913 443; x_wconf 79' lang='lat' dir='ltr'><strong>Innrcus.</strong></span> <span class='ocrx_word' id='word_1_4' title='bbox 1257 377 1330 450; x_wconf 77' lang='grc'><strong>786</strong></span> 
     </span>
    </p>
   </div>
   <div class='ocr_carea' id='block_1_2' title="bbox 71 547 1413 2350">
    <p class='ocr_par' dir='ltr' id='par_1_2' title="bbox 71 547 1413 2350">
     <span class='ocr_line' id='line_1_2' title="bbox 77 547 1330 631; baseline 0 -16"><span class='ocrx_word' id='word_1_5' title='bbox 77 547 407 624; x_wconf 59' lang='lat' dir='ltr'><strong>neccommittam</strong></span> <span class='ocrx_word' id='word_1_6' title='bbox 425 549 546 620; x_wconf 62' lang='lat' dir='ltr'><strong>saum,</strong></span> <span class='ocrx_word' id='word_1_7' title='bbox 566 547 693 629; x_wconf 75' lang='lat' dir='ltr'><strong>quodvis</strong></span> <span class='ocrx_word' id='word_1_8' title='bbox 714 547 909 625; x_wconf 66' lang='lat' dir='ltr'><strong>temeritatem</strong></span> <span class='ocrx_word' id='word_1_9' title='bbox 930 563 1136 613; x_wconf 67' lang='lat' dir='ltr'><strong>rarrromr</strong></span> <span class='ocrx_word' id='word_1_10' title='bbox 1154 547 1330 631; x_wconf 54' lang='lat' dir='ltr'><strong>donumve</strong></span> 
     </span>
     <span class='ocr_line' id='line_1_3' title="bbox 75 653 1374 734; baseline 0.002 -14"><span class='ocrx_word' id='word_1_11' title='bbox 75 653 207 721; x_wconf 74' lang='lat' dir='ltr'><strong>nombre.</strong></span> <span class='ocrx_word' id='word_1_12' title='bbox 228 656 322 719; x_wconf 87' lang='lat' dir='ltr'><strong>Idem</strong></span> <span class='ocrx_word' id='word_1_13' title='bbox 345 656 502 720; x_wconf 87' lang='lat' dir='ltr'><strong>observat</strong></span> <span class='ocrx_word' id='word_1_14' title='bbox 519 655 636 718; x_wconf 77' lang='lat' dir='ltr'><strong>Festus</strong></span> <span class='ocrx_word' id='word_1_15' title='bbox 653 654 713 718; x_wconf 86' lang='lat' dir='ltr'><strong>sub</strong></span> <span class='ocrx_word' id='word_1_16' title='bbox 729 675 758 716; x_wconf 92' lang='lat' dir='ltr'><strong>v.</strong></span> <span class='ocrx_word' id='word_1_17' title='bbox 780 655 894 716; x_wconf 77' lang='lat' dir='ltr'><strong>Porioi</strong></span> <span class='ocrx_word' id='word_1_18' title='bbox 911 653 1101 730; x_wconf 76' lang='lat' dir='ltr'><strong>Quaestum</strong></span> <span class='ocrx_word' id='word_1_19' title='bbox 1114 675 1147 734; x_wconf 75' lang='lat' dir='ltr'><strong>p</strong></span> <span class='ocrx_word' id='word_1_20' title='bbox 1167 653 1240 718; x_wconf 82' lang='grc'><strong>324.</strong></span> <span class='ocrx_word' id='word_1_21' title='bbox 1261 655 1330 722; x_wconf 87' lang='lat' dir='ltr'><strong>Vel</strong></span> <span class='ocrx_word' id='word_1_22' title='bbox 1372 681 1374 690; x_wconf 92' lang='lat'>·</span> 
     </span>
     <span class='ocr_line' id='line_1_4' title="bbox 75 759 1330 847; baseline 0.001 -17"><span class='ocrx_word' id='word_1_23' title='bbox 75 763 237 830; x_wconf 78' lang='lat' dir='ltr'><strong>Romulus</strong></span> <span class='ocrx_word' id='word_1_24' title='bbox 256 783 358 847; x_wconf 80' lang='lat' dir='ltr'><strong>ergo,</strong></span> <span class='ocrx_word' id='word_1_25' title='bbox 375 761 449 842; x_wconf 88' lang='lat' dir='ltr'><strong>vel,</strong></span> <span class='ocrx_word' id='word_1_26' title='bbox 472 769 507 824; x_wconf 87' lang='lat' dir='ltr'><strong>ut</strong></span> <span class='ocrx_word' id='word_1_27' title='bbox 527 762 645 828; x_wconf 78' lang='lat' dir='ltr'><strong>Festus</strong></span> <span class='ocrx_word' id='word_1_28' title='bbox 664 759 789 827; x_wconf 88' lang='lat' dir='ltr'><strong>mavult</strong></span> <span class='ocrx_word' id='word_1_29' title='bbox 803 763 824 823; x_wconf 87' lang='lat' dir='ltr'><strong>I.</strong></span> <span class='ocrx_word' id='word_1_30' title='bbox 838 779 864 824; x_wconf 85' lang='lat' dir='ltr'><strong>e.</strong></span> <span class='ocrx_word' id='word_1_31' title='bbox 885 759 995 822; x_wconf 90' lang='lat' dir='ltr'><strong>Numa</strong></span> <span class='ocrx_word' id='word_1_32' title='bbox 1010 759 1194 844; x_wconf 87' lang='lat' dir='ltr'><strong>Pompilius</strong></span> <span class='ocrx_word' id='word_1_33' title='bbox 1208 763 1330 846; x_wconf 76' lang='lat' dir='ltr'><strong>primus</strong></span> 
     </span>
     <span class='ocr_line' id='line_1_5' title="bbox 73 870 1328 955; baseline 0.002 -21"><span class='ocrx_word' id='word_1_34' title='bbox 73 871 159 936; x_wconf 85' lang='lat' dir='ltr'><strong>banc</strong></span> <span class='ocrx_word' id='word_1_35' title='bbox 180 871 304 937; x_wconf 85' lang='lat' dir='ltr'><strong>tulerat</strong></span> <span class='ocrx_word' id='word_1_36' title='bbox 319 870 448 955; x_wconf 75' lang='lat' dir='ltr'><strong>lagemz</strong></span> <span class='ocrx_word' id='word_1_37' title='bbox 468 885 501 934; x_wconf 81' lang='lat' dir='ltr'><strong>ar</strong></span> <span class='ocrx_word' id='word_1_38' title='bbox 523 885 601 945; x_wconf 76' lang='lat' dir='ltr'><strong>curs</strong></span> <span class='ocrx_word' id='word_1_39' title='bbox 620 883 780 932; x_wconf 82' lang='lat' dir='ltr'><strong>uounsrnr</strong></span> <span class='ocrx_word' id='word_1_40' title='bbox 797 884 947 932; x_wconf 79' lang='lat' dir='ltr'><strong>urnunuu</strong></span> <span class='ocrx_word' id='word_1_41' title='bbox 970 885 1062 932; x_wconf 82' lang='lat' dir='ltr'><strong>nouo</strong></span> <span class='ocrx_word' id='word_1_42' title='bbox 1083 885 1200 940; x_wconf 77' lang='lat' dir='ltr'><strong>somus</strong></span> <span class='ocrx_word' id='word_1_43' title='bbox 1220 887 1328 937; x_wconf 79' lang='lat' dir='ltr'><strong>nourr</strong></span> 
     </span>
     <span class='ocr_line' id='line_1_6' title="bbox 74 976 1328 1060; baseline 0.002 -20"><span class='ocrx_word' id='word_1_44' title='bbox 74 995 159 1042; x_wconf 73' lang='lat' dir='ltr'><strong>nuru</strong></span> <span class='ocrx_word' id='word_1_45' title='bbox 182 994 340 1044; x_wconf 77' lang='lat' dir='ltr'><strong>ennrcrnn</strong></span> <span class='ocrx_word' id='word_1_46' title='bbox 362 993 456 1044; x_wconf 75' lang='lat' dir='ltr'><strong>uere.</strong></span> <span class='ocrx_word' id='word_1_47' title='bbox 485 976 579 1040; x_wconf 83' lang='lat' dir='ltr'>Idem</span> <span class='ocrx_word' id='word_1_48' title='bbox 606 985 723 1060; x_wconf 87' lang='lat' dir='ltr'><strong>postea</strong></span> <span class='ocrx_word' id='word_1_49' title='bbox 743 976 921 1059; x_wconf 88' lang='lat' dir='ltr'><strong>repetitum</strong></span> <span class='ocrx_word' id='word_1_50' title='bbox 951 976 1059 1040; x_wconf 90' lang='lat' dir='ltr'><strong>estin</strong></span> <span class='ocrx_word' id='word_1_51' title='bbox 1080 976 1155 1040; x_wconf 90' lang='lat' dir='ltr'><strong>XlI</strong></span> <span class='ocrx_word' id='word_1_52' title='bbox 1179 976 1328 1060; x_wconf 82' lang='lat' dir='ltr'><strong>Tabulis,</strong></span> 
     </span>
     <span class='ocr_line' id='line_1_7' title="bbox 74 1071 1330 1171; baseline -0.002 -20"><span class='ocrx_word' id='word_1_53' title='bbox 74 1086 194 1171; x_wconf 89' lang='lat' dir='ltr'><strong>quibus</strong></span> <span class='ocrx_word' id='word_1_54' title='bbox 209 1086 308 1150; x_wconf 85' lang='lat' dir='ltr'><strong>etiam</strong></span> <span class='ocrx_word' id='word_1_55' title='bbox 323 1091 452 1150; x_wconf 82' lang='lat' dir='ltr'><strong>cautum</strong></span> <span class='ocrx_word' id='word_1_56' title='bbox 476 1082 599 1150; x_wconf 79' lang='lat' dir='ltr'><strong>fuerat:</strong></span> <span class='ocrx_word' id='word_1_57' title='bbox 622 1099 681 1160; x_wconf 83' lang='lat' dir='ltr'><strong>Qu1</strong></span> <span class='ocrx_word' id='word_1_58' title='bbox 703 1099 826 1146; x_wconf 74' lang='lat' dir='ltr'><strong>manum</strong></span> <span class='ocrx_word' id='word_1_59' title='bbox 844 1071 990 1148; x_wconf 69' lang='lat' dir='ltr'><strong>onumen</strong></span> <span class='ocrx_word' id='word_1_60' title='bbox 1005 1099 1241 1165; x_wconf 68' lang='lat' dir='ltr'><strong>ruennressm</strong></span> <span class='ocrx_word' id='word_1_61' title='bbox 1261 1101 1330 1148; x_wconf 74' lang='lat' dir='ltr'><strong>mn-</strong></span> 
     </span>
     <span class='ocr_line' id='line_1_8' title="bbox 73 1199 1328 1270; baseline 0.002 -14"><span class='ocrx_word' id='word_1_62' title='bbox 73 1211 147 1258; x_wconf 79' lang='lat' dir='ltr'><strong>uum</strong></span> <span class='ocrx_word' id='word_1_63' title='bbox 169 1199 332 1257; x_wconf 64' lang='lat' dir='ltr'><strong>venenum</strong></span> <span class='ocrx_word' id='word_1_64' title='bbox 354 1208 469 1270; x_wconf 75' lang='lat' dir='ltr'><strong>saxis,</strong></span> <span class='ocrx_word' id='word_1_65' title='bbox 491 1208 636 1267; x_wconf 69' lang='lat' dir='ltr'><strong>unsrun,</strong></span> <span class='ocrx_word' id='word_1_66' title='bbox 659 1206 841 1254; x_wconf 77' lang='lat' dir='ltr'><strong>raumornn</strong></span> <span class='ocrx_word' id='word_1_67' title='bbox 858 1206 952 1254; x_wconf 81' lang='lat' dir='ltr'><strong>nsro.</strong></span> <span class='ocrx_word' id='word_1_68' title='bbox 975 1205 1035 1267; x_wconf 77' lang='lat' dir='ltr'><strong>QUI</strong></span> <span class='ocrx_word' id='word_1_69' title='bbox 1058 1207 1239 1257; x_wconf 66' lang='lat' dir='ltr'><strong>recursurus</strong></span> <span class='ocrx_word' id='word_1_70' title='bbox 1267 1209 1328 1258; x_wconf 79' lang='lat' dir='ltr'><strong>Nu-</strong></span> 
     </span>
     <span class='ocr_line' id='line_1_9' title="bbox 75 1312 1329 1383; baseline 0.002 -21"><span class='ocrx_word' id='word_1_71' title='bbox 75 1316 212 1383; x_wconf 77' lang='lat' dir='ltr'><strong>onssru,</strong></span> <span class='ocrx_word' id='word_1_72' title='bbox 244 1312 354 1364; x_wconf 68' lang='lat' dir='ltr'><strong>ctrur</strong></span> <span class='ocrx_word' id='word_1_73' title='bbox 386 1315 574 1379; x_wconf 69' lang='lat' dir='ltr'><strong>aunuum,</strong></span> <span class='ocrx_word' id='word_1_74' title='bbox 605 1314 807 1374; x_wconf 73' lang='lat' dir='ltr'><strong>cunuuoouu</strong></span> <span class='ocrx_word' id='word_1_75' title='bbox 836 1313 983 1362; x_wconf 72' lang='lat' dir='ltr'><strong>lusurus</strong></span> <span class='ocrx_word' id='word_1_76' title='bbox 1012 1315 1048 1362; x_wconf 76' lang='lat' dir='ltr'><strong>ru</strong></span> <span class='ocrx_word' id='word_1_77' title='bbox 1081 1315 1329 1366; x_wconf 74' lang='lat' dir='ltr'><strong>enoruunnrurr</strong></span> 
     </span>
     <span class='ocr_line' id='line_1_10' title="bbox 73 1404 1329 1488; baseline 0.001 -16"><span class='ocrx_word' id='word_1_78' title='bbox 73 1423 266 1472; x_wconf 74' lang='lat' dir='ltr'><strong>unnorrons</strong></span> <span class='ocrx_word' id='word_1_79' title='bbox 291 1404 410 1472; x_wconf 80' lang='lat' dir='ltr'>Jacob.</span> <span class='ocrx_word' id='word_1_80' title='bbox 433 1404 661 1470; x_wconf 87' lang='lat' dir='ltr'><strong>Gotbofredus</strong></span> <span class='ocrx_word' id='word_1_81' title='bbox 683 1409 780 1488; x_wconf 70' lang='lat' dir='ltr'><strong>legg.</strong></span> <span class='ocrx_word' id='word_1_82' title='bbox 796 1406 867 1466; x_wconf 83' lang='lat' dir='ltr'><strong>XII</strong></span> <span class='ocrx_word' id='word_1_83' title='bbox 880 1406 971 1468; x_wconf 74' lang='lat' dir='ltr'><strong>Tadi.</strong></span> <span class='ocrx_word' id='word_1_84' title='bbox 992 1406 1054 1468; x_wconf 81' lang='lat' dir='ltr'><strong>tat.</strong></span> <span class='ocrx_word' id='word_1_85' title='bbox 1075 1406 1144 1468; x_wconf 86' lang='lat' dir='ltr'><strong>VII.</strong></span> <span class='ocrx_word' id='word_1_86' title='bbox 1167 1406 1329 1486; x_wconf 86' lang='lat' dir='ltr'><strong>(Dirkseu</strong></span> 
     </span>
     <span class='ocr_line' id='line_1_11' title="bbox 73 1511 1331 1598; baseline 0.003 -22"><span class='ocrx_word' id='word_1_87' title='bbox 73 1515 322 1596; x_wconf 72' lang='lat' dir='ltr'><strong>delstqselges.</strong></span> <span class='ocrx_word' id='word_1_88' title='bbox 334 1535 368 1596; x_wconf 87' lang='lat' dir='ltr'><strong>p.</strong></span> <span class='ocrx_word' id='word_1_89' title='bbox 380 1513 452 1576; x_wconf 87' lang='lat'><strong>619.</strong></span> <span class='ocrx_word' id='word_1_90' title='bbox 466 1517 547 1596; x_wconf 85' lang='lat' dir='ltr'><strong>sqq.)</strong></span> <span class='ocrx_word' id='word_1_91' title='bbox 566 1514 610 1576; x_wconf 91' lang='lat' dir='ltr'><strong>Et</strong></span> <span class='ocrx_word' id='word_1_92' title='bbox 629 1533 672 1578; x_wconf 82' lang='lat' dir='ltr'><strong>ex</strong></span> <span class='ocrx_word' id='word_1_93' title='bbox 687 1512 737 1576; x_wconf 92' lang='lat' dir='ltr'><strong>his</strong></span> <span class='ocrx_word' id='word_1_94' title='bbox 754 1511 883 1595; x_wconf 76' lang='lat' dir='ltr'><strong>legibus</strong></span> <span class='ocrx_word' id='word_1_95' title='bbox 899 1511 956 1574; x_wconf 93' lang='lat' dir='ltr'><strong>diu</strong></span> <span class='ocrx_word' id='word_1_96' title='bbox 973 1511 1148 1576; x_wconf 87' lang='lat' dir='ltr'><strong>admodum</strong></span> <span class='ocrx_word' id='word_1_97' title='bbox 1161 1515 1331 1598; x_wconf 83' lang='lat' dir='ltr'><strong>quaestio·</strong></span> 
     </span>
     <span class='ocr_line' id='line_1_12' title="bbox 73 1618 1331 1705; baseline 0.004 -21"><span class='ocrx_word' id='word_1_98' title='bbox 73 1641 133 1684; x_wconf 89' lang='lat' dir='ltr'><strong>nes</strong></span> <span class='ocrx_word' id='word_1_99' title='bbox 149 1621 360 1688; x_wconf 89' lang='lat' dir='ltr'><strong>instituerunt</strong></span> <span class='ocrx_word' id='word_1_100' title='bbox 375 1620 528 1686; x_wconf 88' lang='lat' dir='ltr'><strong>Romani.</strong></span> <span class='ocrx_word' id='word_1_101' title='bbox 551 1619 606 1682; x_wconf 89' lang='lat' dir='ltr'><strong>Sic</strong></span> <span class='ocrx_word' id='word_1_102' title='bbox 621 1618 664 1682; x_wconf 90' lang='lat' dir='ltr'><strong>de</strong></span> <span class='ocrx_word' id='word_1_103' title='bbox 683 1619 808 1686; x_wconf 89' lang='lat' dir='ltr'><strong>sicariis</strong></span> <span class='ocrx_word' id='word_1_104' title='bbox 825 1619 988 1705; x_wconf 87' lang='lat' dir='ltr'><strong>quaesivit</strong></span> <span class='ocrx_word' id='word_1_105' title='bbox 1003 1620 1041 1682; x_wconf 94' lang='lat' dir='ltr'><strong>L.</strong></span> <span class='ocrx_word' id='word_1_106' title='bbox 1059 1619 1210 1686; x_wconf 82' lang='lat' dir='ltr'><strong>Tubulus</strong></span> <span class='ocrx_word' id='word_1_107' title='bbox 1225 1624 1331 1690; x_wconf 82' lang='lat' dir='ltr'><strong>Prae·</strong></span> 
     </span>
     <span class='ocr_line' id='line_1_13' title="bbox 71 1709 1331 1812; baseline 0.003 -18"><span class='ocrx_word' id='word_1_108' title='bbox 71 1738 137 1810; x_wconf 83' lang='lat' dir='ltr'><strong>tor,</strong></span> <span class='ocrx_word' id='word_1_109' title='bbox 154 1727 242 1812; x_wconf 88' lang='lat' dir='ltr'><strong>apud</strong></span> <span class='ocrx_word' id='word_1_110' title='bbox 259 1729 453 1794; x_wconf 78' lang='lat' dir='ltr'><strong>Ciceronem</strong></span> <span class='ocrx_word' id='word_1_111' title='bbox 469 1729 509 1790; x_wconf 88' lang='lat' dir='ltr'><strong>de</strong></span> <span class='ocrx_word' id='word_1_112' title='bbox 526 1729 627 1792; x_wconf 72' lang='lat' dir='ltr'><strong>mnes.</strong></span> <span class='ocrx_word' id='word_1_113' title='bbox 643 1729 746 1790; x_wconf 84' lang='lat' dir='ltr'><strong>donor.</strong></span> <span class='ocrx_word' id='word_1_114' title='bbox 764 1736 797 1789; x_wconf 81' lang='lat' dir='ltr'><strong>et</strong></span> <span class='ocrx_word' id='word_1_115' title='bbox 812 1709 921 1790; x_wconf 71' lang='lat' dir='ltr'><strong>molor.</strong></span> <span class='ocrx_word' id='word_1_116' title='bbox 935 1728 978 1788; x_wconf 89' lang='lat' dir='ltr'><strong>II.</strong></span> <span class='ocrx_word' id='word_1_117' title='bbox 995 1726 1047 1790; x_wconf 90' lang='grc'><strong>16.</strong></span> <span class='ocrx_word' id='word_1_118' title='bbox 1063 1727 1106 1790; x_wconf 92' lang='lat' dir='ltr'><strong>de</strong></span> <span class='ocrx_word' id='word_1_119' title='bbox 1122 1729 1226 1794; x_wconf 86' lang='lat' dir='ltr'><strong>caede</strong></span> <span class='ocrx_word' id='word_1_120' title='bbox 1242 1731 1331 1798; x_wconf 79' lang='lat' dir='ltr'><strong>facta</strong></span> 
     </span>
     <span class='ocr_line' id='line_1_14' title="bbox 73 1833 1329 1921; baseline 0.006 -23"><span class='ocrx_word' id='word_1_121' title='bbox 73 1836 107 1900; x_wconf 89' lang='lat' dir='ltr'><strong>in</strong></span> <span class='ocrx_word' id='word_1_122' title='bbox 135 1836 219 1900; x_wconf 74' lang='lat' dir='ltr'><strong>silva</strong></span> <span class='ocrx_word' id='word_1_123' title='bbox 246 1836 317 1902; x_wconf 85' lang='lat' dir='ltr'><strong>Sila</strong></span> <span class='ocrx_word' id='word_1_124' title='bbox 339 1839 379 1901; x_wconf 95' lang='grc' dir='ltr'><strong>Ρ.</strong></span> <span class='ocrx_word' id='word_1_125' title='bbox 409 1836 523 1921; x_wconf 85' lang='lat' dir='ltr'><strong>Scipio</strong></span> <span class='ocrx_word' id='word_1_126' title='bbox 554 1844 587 1898; x_wconf 89' lang='lat' dir='ltr'><strong>et</strong></span> <span class='ocrx_word' id='word_1_127' title='bbox 610 1834 652 1898; x_wconf 92' lang='lat' dir='ltr'><strong>D.</strong></span> <span class='ocrx_word' id='word_1_128' title='bbox 678 1835 799 1898; x_wconf 87' lang='lat' dir='ltr'><strong>Brutus</strong></span> <span class='ocrx_word' id='word_1_129' title='bbox 824 1833 1002 1898; x_wconf 86' lang='lat' dir='ltr'><strong>Consules:</strong></span> <span class='ocrx_word' id='word_1_130' title='bbox 1028 1833 1180 1900; x_wconf 88' lang='lat' dir='ltr'><strong>Cicerou.</strong></span> <span class='ocrx_word' id='word_1_131' title='bbox 1206 1840 1329 1905; x_wconf 81' lang='lat' dir='ltr'><strong>Brutus</strong></span> 
     </span>
     <span class='ocr_line' id='line_1_15' title="bbox 73 1935 1330 2028; baseline 0.002 -22"><span class='ocrx_word' id='word_1_132' title='bbox 73 1967 99 2006; x_wconf 90' lang='lat' dir='ltr'><strong>c.</strong></span> <span class='ocrx_word' id='word_1_133' title='bbox 111 1943 165 2006; x_wconf 89' lang='grc'><strong>22.</strong></span> <span class='ocrx_word' id='word_1_134' title='bbox 180 1943 226 2023; x_wconf 92' lang='lat'><strong>¹).</strong></span> <span class='ocrx_word' id='word_1_135' title='bbox 248 1943 303 2007; x_wconf 91' lang='lat' dir='ltr'><strong>De</strong></span> <span class='ocrx_word' id='word_1_136' title='bbox 326 1935 496 2025; x_wconf 75' lang='lat' dir='ltr'><strong>veneficiis</strong></span> <span class='ocrx_word' id='word_1_137' title='bbox 512 1963 645 2028; x_wconf 91' lang='lat' dir='ltr'><strong>quoque</strong></span> <span class='ocrx_word' id='word_1_138' title='bbox 668 1942 851 2026; x_wconf 88' lang='lat' dir='ltr'><strong>quaesitum</strong></span> <span class='ocrx_word' id='word_1_139' title='bbox 869 1963 950 2024; x_wconf 85' lang='lat' dir='ltr'><strong>esse,</strong></span> <span class='ocrx_word' id='word_1_140' title='bbox 970 1951 1063 2026; x_wconf 85' lang='lat' dir='ltr'><strong>petet</strong></span> <span class='ocrx_word' id='word_1_141' title='bbox 1078 1965 1122 2008; x_wconf 82' lang='lat' dir='ltr'><strong>ex</strong></span> <span class='ocrx_word' id='word_1_142' title='bbox 1142 1944 1235 2009; x_wconf 91' lang='lat' dir='ltr'><strong>Flori</strong></span> <span class='ocrx_word' id='word_1_143' title='bbox 1251 1947 1330 2028; x_wconf 76' lang='lat' dir='ltr'><strong>Ept-</strong></span> 
     </span>
     <span class='ocr_line' id='line_1_16' title="bbox 75 2049 1413 2135; baseline 0.004 -23"><span class='ocrx_word' id='word_1_144' title='bbox 75 2060 156 2114; x_wconf 81' lang='lat' dir='ltr'><strong>tome</strong></span> <span class='ocrx_word' id='word_1_145' title='bbox 170 2051 254 2114; x_wconf 67' lang='lat' dir='ltr'><strong>Leve</strong></span> <span class='ocrx_word' id='word_1_146' title='bbox 268 2051 422 2114; x_wconf 78' lang='lat' dir='ltr'><em>LXVIII.</em></span> <span class='ocrx_word' id='word_1_147' title='bbox 437 2057 500 2134; x_wconf 82' lang='lat' dir='ltr'><strong>fin.</strong></span> <span class='ocrx_word' id='word_1_148' title='bbox 523 2051 630 2135; x_wconf 91' lang='lat' dir='ltr'><strong>quiet</strong></span> <span class='ocrx_word' id='word_1_149' title='bbox 654 2049 841 2115; x_wconf 88' lang='lat' dir='ltr'><strong>Publicium</strong></span> <span class='ocrx_word' id='word_1_150' title='bbox 862 2050 1077 2132; x_wconf 88' lang='lat' dir='ltr'><strong>Malleolum,</strong></span> <span class='ocrx_word' id='word_1_151' title='bbox 1100 2061 1205 2116; x_wconf 87' lang='lat' dir='ltr'><strong>matre</strong></span> <span class='ocrx_word' id='word_1_152' title='bbox 1226 2051 1331 2116; x_wconf 90' lang='lat' dir='ltr'><strong>inter·</strong></span> <span class='ocrx_word' id='word_1_153' title='bbox 1410 2084 1413 2090; x_wconf 93' lang='lat'>·</span> 
     </span>
     <span class='ocr_line' id='line_1_17' title="bbox 76 2141 1329 2242; baseline 0.001 -22"><span class='ocrx_word' id='word_1_154' title='bbox 76 2167 182 2239; x_wconf 86' lang='lat' dir='ltr'><strong>emta,</strong></span> <span class='ocrx_word' id='word_1_155' title='bbox 197 2157 306 2222; x_wconf 86' lang='lat' dir='ltr'><strong>culleo</strong></span> <span class='ocrx_word' id='word_1_156' title='bbox 323 2179 394 2224; x_wconf 89' lang='lat' dir='ltr'><strong>esse</strong></span> <span class='ocrx_word' id='word_1_157' title='bbox 416 2159 568 2238; x_wconf 88' lang='lat' dir='ltr'><strong>insutum,</strong></span> <span class='ocrx_word' id='word_1_158' title='bbox 585 2155 703 2220; x_wconf 89' lang='lat' dir='ltr'><strong>eodem</strong></span> <span class='ocrx_word' id='word_1_159' title='bbox 726 2141 802 2220; x_wconf 89' lang='lat' dir='ltr'><strong>loco</strong></span> <span class='ocrx_word' id='word_1_160' title='bbox 819 2156 928 2237; x_wconf 86' lang='lat' dir='ltr'><strong>docet,</strong></span> <span class='ocrx_word' id='word_1_161' title='bbox 945 2180 1044 2242; x_wconf 93' lang='lat' dir='ltr'><strong>quum</strong></span> <span class='ocrx_word' id='word_1_162' title='bbox 1059 2167 1159 2221; x_wconf 88' lang='lat' dir='ltr'><strong>antea</strong></span> <span class='ocrx_word' id='word_1_163' title='bbox 1174 2158 1329 2223; x_wconf 88' lang='lat' dir='ltr'><strong>damnato</strong></span> 
     </span>
     <span class='ocr_line' id='line_1_18' title="bbox 72 2263 1327 2350; baseline 0.002 -22"><span class='ocrx_word' id='word_1_164' title='bbox 72 2265 184 2329; x_wconf 89' lang='lat' dir='ltr'><strong>statim</strong></span> <span class='ocrx_word' id='word_1_165' title='bbox 205 2266 358 2330; x_wconf 81' lang='lat' dir='ltr'><strong>folliculo</strong></span> <span class='ocrx_word' id='word_1_166' title='bbox 384 2266 500 2350; x_wconf 93' lang='lat' dir='ltr'><strong>lupino</strong></span> <span class='ocrx_word' id='word_1_167' title='bbox 527 2287 564 2330; x_wconf 91' lang='lat' dir='ltr'><strong>os</strong></span> <span class='ocrx_word' id='word_1_168' title='bbox 586 2263 796 2346; x_wconf 82' lang='lat' dir='ltr'><strong>obvolutum,</strong></span> <span class='ocrx_word' id='word_1_169' title='bbox 823 2273 859 2328; x_wconf 91' lang='lat' dir='ltr'><strong>et</strong></span> <span class='ocrx_word' id='word_1_170' title='bbox 886 2265 999 2330; x_wconf 85' lang='lat' dir='ltr'><strong>soleae</strong></span> <span class='ocrx_word' id='word_1_171' title='bbox 1022 2264 1158 2350; x_wconf 85' lang='lat' dir='ltr'><strong>ligneae</strong></span> <span class='ocrx_word' id='word_1_172' title='bbox 1187 2265 1327 2349; x_wconf 84' lang='lat' dir='ltr'><strong>pedibus</strong></span> 
     </span>
    </p>
   </div>
   <div class='ocr_carea' id='block_1_3' title="bbox 68 2370 1330 2559">
    <p class='ocr_par' dir='ltr' id='par_1_3' title="bbox 68 2370 1330 2559">
     <span class='ocr_line' id='line_1_19' title="bbox 71 2370 1330 2458; baseline 0 -22"><span class='ocrx_word' id='word_1_173' title='bbox 71 2373 248 2456; x_wconf 89' lang='lat' dir='ltr'><strong>inductae,</strong></span> <span class='ocrx_word' id='word_1_174' title='bbox 264 2383 364 2458; x_wconf 88' lang='lat' dir='ltr'><strong>atque</strong></span> <span class='ocrx_word' id='word_1_175' title='bbox 387 2373 435 2438; x_wconf 91' lang='lat' dir='ltr'><strong>ita</strong></span> <span class='ocrx_word' id='word_1_176' title='bbox 456 2373 555 2438; x_wconf 90' lang='lat' dir='ltr'><strong>homo</strong></span> <span class='ocrx_word' id='word_1_177' title='bbox 578 2374 612 2439; x_wconf 95' lang='lat' dir='ltr'><strong>in</strong></span> <span class='ocrx_word' id='word_1_178' title='bbox 629 2392 793 2436; x_wconf 86' lang='lat' dir='ltr'><strong>carcerem</strong></span> <span class='ocrx_word' id='word_1_179' title='bbox 817 2370 933 2436; x_wconf 89' lang='lat' dir='ltr'><strong>ductus</strong></span> <span class='ocrx_word' id='word_1_180' title='bbox 956 2380 1051 2438; x_wconf 80' lang='lat' dir='ltr'><strong>esset.</strong></span> <span class='ocrx_word' id='word_1_181' title='bbox 1073 2371 1159 2438; x_wconf 85' lang='lat' dir='ltr'><strong>Rem</strong></span> <span class='ocrx_word' id='word_1_182' title='bbox 1181 2373 1330 2438; x_wconf 84' lang='lat' dir='ltr'><strong>referunt</strong></span> 
     </span>
     <span class='ocr_line' id='line_1_20' title="bbox 68 2479 922 2559; baseline -0.005 -13"><span class='ocrx_word' id='word_1_183' title='bbox 68 2481 205 2546; x_wconf 88' lang='lat' dir='ltr'><strong>Auctor</strong></span> <span class='ocrx_word' id='word_1_184' title='bbox 219 2483 264 2544; x_wconf 83' lang='lat' dir='ltr'><strong>ad</strong></span> <span class='ocrx_word' id='word_1_185' title='bbox 277 2483 473 2546; x_wconf 76' lang='lat' dir='ltr'><strong>Herennium</strong></span> <span class='ocrx_word' id='word_1_186' title='bbox 489 2484 514 2544; x_wconf 95' lang='lat' dir='ltr'><strong>I.</strong></span> <span class='ocrx_word' id='word_1_187' title='bbox 529 2479 579 2546; x_wconf 83' lang='lat'><strong>13.</strong></span> <span class='ocrx_word' id='word_1_188' title='bbox 597 2479 732 2548; x_wconf 87' lang='lat' dir='ltr'><strong>Orosius</strong></span> <span class='ocrx_word' id='word_1_189' title='bbox 753 2481 788 2544; x_wconf 88' lang='lat' dir='ltr'><strong>V.</strong></span> <span class='ocrx_word' id='word_1_190' title='bbox 802 2479 852 2542; x_wconf 84' lang='lat'><strong>16.</strong></span> <span class='ocrx_word' id='word_1_191' title='bbox 870 2483 922 2559; x_wconf 83' lang='lat'><strong>¹¹¹).</strong></span> 
     </span>
    </p>
   </div>
   <div class='ocr_carea' id='block_1_4' title="bbox 649 2663 749 2746">
    <p class='ocr_par' dir='ltr' id='par_1_4' title="bbox 649 2663 749 2746">
     <span class='ocr_line' id='line_1_21' title="bbox 649 2663 749 2746; baseline 0 -20"><span class='ocrx_word' id='word_1_192' title='bbox 649 2663 678 2746; x_wconf 80' lang='lat'><strong>§-</strong></span> <span class='ocrx_word' id='word_1_193' title='bbox 699 2663 749 2726; x_wconf 76' lang='lat' dir='ltr'><strong>es.</strong></span> 
     </span>
    </p>
   </div>
   <div class='ocr_carea' id='block_1_5' title="bbox 56 2780 1424 3396">
    <p class='ocr_par' dir='ltr' id='par_1_5' title="bbox 56 2780 1424 3396">
     <span class='ocr_line' id='line_1_22' title="bbox 512 2780 889 2834; baseline -0.003 -2"><span class='ocrx_word' id='word_1_194' title='bbox 512 2781 570 2832; x_wconf 75' lang='lat' dir='ltr'><strong>lex</strong></span> <span class='ocrx_word' id='word_1_195' title='bbox 590 2780 714 2834; x_wconf 79' lang='lat' dir='ltr'><strong>Cornelio</strong></span> <span class='ocrx_word' id='word_1_196' title='bbox 733 2781 764 2831; x_wconf 88' lang='lat' dir='ltr'><strong>de</strong></span> <span class='ocrx_word' id='word_1_197' title='bbox 778 2781 889 2833; x_wconf 61' lang='lat' dir='ltr'><strong>noeriis.</strong></span> 
     </span>
     <span class='ocr_line' id='line_1_23' title="bbox 159 2877 1330 2962; baseline 0 -17"><span class='ocrx_word' id='word_1_198' title='bbox 159 2882 286 2945; x_wconf 87' lang='lat' dir='ltr'><strong>Postea</strong></span> <span class='ocrx_word' id='word_1_199' title='bbox 301 2880 342 2943; x_wconf 82' lang='lat' dir='ltr'><strong>A.</strong></span> <span class='ocrx_word' id='word_1_200' title='bbox 358 2882 400 2946; x_wconf 86' lang='lat' dir='ltr'><strong>U.</strong></span> <span class='ocrx_word' id='word_1_201' title='bbox 417 2881 454 2954; x_wconf 85' lang='lat' dir='ltr'><strong>C.</strong></span> <span class='ocrx_word' id='word_1_202' title='bbox 473 2897 610 2946; x_wconf 78' lang='lat' dir='ltr'><strong>nonxxr.</strong></span> <span class='ocrx_word' id='word_1_203' title='bbox 626 2880 664 2942; x_wconf 89' lang='lat' dir='ltr'><strong>L.</strong></span> <span class='ocrx_word' id='word_1_204' title='bbox 681 2879 784 2962; x_wconf 90' lang='lat' dir='ltr'><strong>Sulla,</strong></span> <span class='ocrx_word' id='word_1_205' title='bbox 803 2881 967 2960; x_wconf 82' lang='lat' dir='ltr'><strong>Dictator,</strong></span> <span class='ocrx_word' id='word_1_206' title='bbox 983 2877 1149 2942; x_wconf 87' lang='lat' dir='ltr'><strong>celebrem</strong></span> <span class='ocrx_word' id='word_1_207' title='bbox 1167 2878 1256 2943; x_wconf 79' lang='lat' dir='ltr'><strong>Illam</strong></span> <span class='ocrx_word' id='word_1_208' title='bbox 1279 2881 1330 2946; x_wconf 92' lang='lat' dir='ltr'><strong>le-</strong></span> 
     </span>
     <span class='ocr_line' id='line_1_24' title="bbox 59 2984 1331 3076; baseline -0.003 -22"><span class='ocrx_word' id='word_1_209' title='bbox 59 3011 152 3076; x_wconf 82' lang='lat' dir='ltr'><strong>gem</strong></span> <span class='ocrx_word' id='word_1_210' title='bbox 169 2989 359 3053; x_wconf 86' lang='lat' dir='ltr'><strong>Corneliam</strong></span> <span class='ocrx_word' id='word_1_211' title='bbox 375 2991 413 3051; x_wconf 88' lang='lat' dir='ltr'><strong>de</strong></span> <span class='ocrx_word' id='word_1_212' title='bbox 427 2992 563 3062; x_wconf 72' lang='lat' dir='ltr'><strong>escariis,</strong></span> <span class='ocrx_word' id='word_1_213' title='bbox 583 2990 728 3070; x_wconf 79' lang='lat' dir='ltr'><strong>veneficis</strong></span> <span class='ocrx_word' id='word_1_214' title='bbox 747 2997 778 3049; x_wconf 86' lang='lat' dir='ltr'><strong>et</strong></span> <span class='ocrx_word' id='word_1_215' title='bbox 793 2989 964 3070; x_wconf 75' lang='lat' dir='ltr'><strong>parricidis</strong></span> <span class='ocrx_word' id='word_1_216' title='bbox 985 2984 1071 3048; x_wconf 91' lang='lat' dir='ltr'><strong>tulit.</strong></span> <span class='ocrx_word' id='word_1_217' title='bbox 1093 2985 1147 3048; x_wconf 93' lang='lat' dir='ltr'><strong>De</strong></span> <span class='ocrx_word' id='word_1_218' title='bbox 1163 2985 1212 3048; x_wconf 91' lang='lat' dir='ltr'><strong>his</strong></span> <span class='ocrx_word' id='word_1_219' title='bbox 1224 2988 1331 3050; x_wconf 91' lang='lat' dir='ltr'><strong>omni-</strong></span> 
     </span>
     <span class='ocr_line' id='line_1_25' title="bbox 60 3092 1329 3186; baseline -0.004 -22"><span class='ocrx_word' id='word_1_220' title='bbox 60 3103 128 3164; x_wconf 90' lang='lat' dir='ltr'><strong>bus</strong></span> <span class='ocrx_word' id='word_1_221' title='bbox 160 3097 247 3160; x_wconf 92' lang='lat' dir='ltr'><strong>enim</strong></span> <span class='ocrx_word' id='word_1_222' title='bbox 274 3097 389 3160; x_wconf 87' lang='lat' dir='ltr'><strong>eadem</strong></span> <span class='ocrx_word' id='word_1_223' title='bbox 411 3095 490 3182; x_wconf 84' lang='lat' dir='ltr'><strong>lege</strong></span> <span class='ocrx_word' id='word_1_224' title='bbox 516 3095 615 3160; x_wconf 89' lang='lat' dir='ltr'><strong>fuisse</strong></span> <span class='ocrx_word' id='word_1_225' title='bbox 637 3103 762 3178; x_wconf 87' lang='lat' dir='ltr'><strong>actum,</strong></span> <span class='ocrx_word' id='word_1_226' title='bbox 786 3095 932 3179; x_wconf 88' lang='lat' dir='ltr'><strong>quamvis</strong></span> <span class='ocrx_word' id='word_1_227' title='bbox 955 3092 1092 3156; x_wconf 89' lang='lat' dir='ltr'><strong>diversis</strong></span> <span class='ocrx_word' id='word_1_228' title='bbox 1115 3093 1329 3186; x_wconf 86' lang='lat' dir='ltr'><strong>Praetoribus</strong></span> 
     </span>
     <span class='ocr_line' id='line_1_26' title="bbox 56 3197 1343 3290; baseline -0.005 -19"><span class='ocrx_word' id='word_1_229' title='bbox 56 3215 189 3271; x_wconf 81' lang='lat' dir='ltr'><strong>essent</strong></span> <span class='ocrx_word' id='word_1_230' title='bbox 203 3204 421 3268; x_wconf 84' lang='lat' dir='ltr'><strong>demandatae</strong></span> <span class='ocrx_word' id='word_1_231' title='bbox 443 3205 507 3268; x_wconf 88' lang='lat' dir='ltr'><strong>bae</strong></span> <span class='ocrx_word' id='word_1_232' title='bbox 523 3205 745 3290; x_wconf 85' lang='lat' dir='ltr'><strong>quaestiones,</strong></span> <span class='ocrx_word' id='word_1_233' title='bbox 764 3223 830 3265; x_wconf 91' lang='lat' dir='ltr'><strong>non</strong></span> <span class='ocrx_word' id='word_1_234' title='bbox 847 3201 904 3264; x_wconf 88' lang='lat' dir='ltr'><strong>abs</strong></span> <span class='ocrx_word' id='word_1_235' title='bbox 923 3222 959 3263; x_wconf 88' lang='lat' dir='ltr'><strong>re</strong></span> <span class='ocrx_word' id='word_1_236' title='bbox 978 3197 1132 3285; x_wconf 87' lang='lat' dir='ltr'><strong>suspicati</strong></span> <span class='ocrx_word' id='word_1_237' title='bbox 1151 3209 1224 3265; x_wconf 90' lang='lat' dir='ltr'><strong>sunt</strong></span> <span class='ocrx_word' id='word_1_238' title='bbox 1240 3202 1343 3265; x_wconf 79' lang='lat' dir='ltr'><strong>Petn·</strong></span> 
     </span>
     <span class='ocr_line' id='line_1_27' title="bbox 58 3308 1424 3396; baseline -0.007 -16"><span class='ocrx_word' id='word_1_239' title='bbox 58 3313 239 3380; x_wconf 79' lang='lat' dir='ltr'><strong>Pithoeus</strong></span> <span class='ocrx_word' id='word_1_240' title='bbox 254 3316 298 3374; x_wconf 82' lang='lat' dir='ltr'><strong>ad</strong></span> <span class='ocrx_word' id='word_1_241' title='bbox 313 3314 420 3376; x_wconf 77' lang='lat' dir='ltr'><strong>Collat.</strong></span> <span class='ocrx_word' id='word_1_242' title='bbox 439 3313 537 3396; x_wconf 80' lang='lat' dir='ltr'><strong>Legg.</strong></span> <span class='ocrx_word' id='word_1_243' title='bbox 553 3313 720 3374; x_wconf 81' lang='lat' dir='ltr'><strong>Mosaioar.</strong></span> <span class='ocrx_word' id='word_1_244' title='bbox 737 3319 768 3372; x_wconf 82' lang='lat' dir='ltr'><strong>et</strong></span> <span class='ocrx_word' id='word_1_245' title='bbox 782 3311 915 3370; x_wconf 77' lang='lat' dir='ltr'><strong>Rornae.</strong></span> <span class='ocrx_word' id='word_1_246' title='bbox 929 3309 955 3372; x_wconf 93' lang='grc' dir='ltr'><strong>Ι.</strong></span> <span class='ocrx_word' id='word_1_247' title='bbox 969 3308 999 3370; x_wconf 85' lang='grc'><strong>2.</strong></span> <span class='ocrx_word' id='word_1_248' title='bbox 1022 3308 1147 3372; x_wconf 84' lang='lat' dir='ltr'><strong>Anton.</strong></span> <span class='ocrx_word' id='word_1_249' title='bbox 1162 3308 1330 3372; x_wconf 89' lang='lat' dir='ltr'><strong>Schultin-</strong></span> <span class='ocrx_word' id='word_1_250' title='bbox 1422 3315 1424 3320; x_wconf 87' lang='lat'>&#39;</span> 
     </span>
    </p>
   </div>
   <div class='ocr_carea' id='block_1_6' title="bbox 45 3529 1354 4697">
    <p class='ocr_par' dir='ltr' id='par_1_6' title="bbox 46 3529 1354 4462">
     <span class='ocr_line' id='line_1_28' title="bbox 142 3529 1329 3606; baseline -0.003 -16"><span class='ocrx_word' id='word_1_251' title='bbox 142 3540 171 3606; x_wconf 89' lang='lat' dir='ltr'><strong>I)</strong></span> <span class='ocrx_word' id='word_1_252' title='bbox 192 3538 235 3590; x_wconf 85' lang='lat' dir='ltr'><strong>De</strong></span> <span class='ocrx_word' id='word_1_253' title='bbox 251 3537 332 3603; x_wconf 82' lang='lat' dir='ltr'><strong>hujus</strong></span> <span class='ocrx_word' id='word_1_254' title='bbox 351 3537 412 3606; x_wconf 75' lang='lat' dir='ltr'><strong>§plui</strong></span> <span class='ocrx_word' id='word_1_255' title='bbox 430 3534 659 3606; x_wconf 86' lang='lat' dir='ltr'><strong>sequentiumque</strong></span> <span class='ocrx_word' id='word_1_256' title='bbox 681 3533 857 3600; x_wconf 77' lang='lat' dir='ltr'><strong>argumento:</strong></span> <span class='ocrx_word' id='word_1_257' title='bbox 876 3529 1014 3584; x_wconf 84' lang='lat' dir='ltr'><strong>Ferretius</strong></span> <span class='ocrx_word' id='word_1_258' title='bbox 1033 3532 1136 3601; x_wconf 85' lang='lat' dir='ltr'><strong>Epp.L</strong></span> <span class='ocrx_word' id='word_1_259' title='bbox 1151 3537 1190 3587; x_wconf 81' lang='grc'><strong>12.</strong></span> <span class='ocrx_word' id='word_1_260' title='bbox 1207 3539 1235 3586; x_wconf 90' lang='lat' dir='ltr'><strong>et</strong></span> <span class='ocrx_word' id='word_1_261' title='bbox 1248 3537 1288 3586; x_wconf 76' lang='lat'><strong>15.</strong></span> <span class='ocrx_word' id='word_1_262' title='bbox 1302 3549 1329 3600; x_wconf 91' lang='lat' dir='ltr'><strong>p.</strong></span> 
     </span>
     <span class='ocr_line' id='line_1_29' title="bbox 54 3617 1329 3691; baseline -0.006 -11"><span class='ocrx_word' id='word_1_263' title='bbox 54 3631 108 3680; x_wconf 88' lang='grc'><strong>67.</strong></span> <span class='ocrx_word' id='word_1_264' title='bbox 132 3639 182 3691; x_wconf 80' lang='lat' dir='ltr'><strong>sq.</strong></span> <span class='ocrx_word' id='word_1_265' title='bbox 202 3625 282 3676; x_wconf 89' lang='lat' dir='ltr'><strong>Bern.</strong></span> <span class='ocrx_word' id='word_1_266' title='bbox 300 3623 386 3676; x_wconf 84' lang='lat' dir='ltr'><strong>Henr.</strong></span> <span class='ocrx_word' id='word_1_267' title='bbox 405 3620 533 3676; x_wconf 87' lang='lat' dir='ltr'><strong>Reinoldi</strong></span> <span class='ocrx_word' id='word_1_268' title='bbox 551 3620 602 3673; x_wconf 75' lang='lat' dir='ltr'><strong>Ex.</strong></span> <span class='ocrx_word' id='word_1_269' title='bbox 620 3620 652 3672; x_wconf 87' lang='lat' dir='ltr'><strong>de</strong></span> <span class='ocrx_word' id='word_1_270' title='bbox 671 3618 823 3686; x_wconf 60' lang='lat' dir='ltr'><strong>suffusione</strong></span> <span class='ocrx_word' id='word_1_271' title='bbox 842 3618 906 3686; x_wconf 74' lang='lat' dir='ltr'><strong>lepis</strong></span> <span class='ocrx_word' id='word_1_272' title='bbox 927 3617 1065 3672; x_wconf 81' lang='lat' dir='ltr'><strong>GorneIIae</strong></span> <span class='ocrx_word' id='word_1_273' title='bbox 1084 3618 1115 3670; x_wconf 80' lang='lat' dir='ltr'><strong>de</strong></span> <span class='ocrx_word' id='word_1_274' title='bbox 1131 3620 1244 3681; x_wconf 78' lang='lat' dir='ltr'><strong>¹n&#39;onriis</strong></span> <span class='ocrx_word' id='word_1_275' title='bbox 1270 3637 1329 3672; x_wconf 81' lang='lat' dir='ltr'><strong>cum</strong></span> 
     </span>
     <span class='ocr_line' id='line_1_30' title="bbox 54 3702 1330 3782; baseline -0.007 -17"><span class='ocrx_word' id='word_1_276' title='bbox 54 3708 216 3780; x_wconf 62' lang='lat' dir='ltr'><strong>Aquilam</strong></span> <span class='ocrx_word' id='word_1_277' title='bbox 233 3707 261 3760; x_wconf 86' lang='lat' dir='ltr'><strong>in</strong></span> <span class='ocrx_word' id='word_1_278' title='bbox 278 3707 407 3760; x_wconf 70' lang='lat' dir='ltr'><strong>Exercitt.</strong></span> <span class='ocrx_word' id='word_1_279' title='bbox 419 3707 594 3782; x_wconf 65' lang='lat' dir='ltr'><strong>francofurt.</strong></span> <span class='ocrx_word' id='word_1_280' title='bbox 611 3707 642 3758; x_wconf 85' lang='lat' dir='ltr'><strong>T.</strong></span> <span class='ocrx_word' id='word_1_281' title='bbox 655 3704 691 3757; x_wconf 90' lang='lat'><strong>11.</strong></span> <span class='ocrx_word' id='word_1_282' title='bbox 703 3705 774 3758; x_wconf 84' lang='lat' dir='ltr'><strong>Soet.</strong></span> <span class='ocrx_word' id='word_1_283' title='bbox 786 3703 823 3754; x_wconf 89' lang='lat' dir='ltr'><strong>ll.</strong></span> <span class='ocrx_word' id='word_1_284' title='bbox 834 3707 883 3754; x_wconf 83' lang='lat' dir='ltr'><strong>ert.</strong></span> <span class='ocrx_word' id='word_1_285' title='bbox 896 3707 922 3756; x_wconf 79' lang='lat'><strong>5.</strong></span> <span class='ocrx_word' id='word_1_286' title='bbox 934 3708 963 3754; x_wconf 86' lang='lat' dir='ltr'><strong>ct</strong></span> <span class='ocrx_word' id='word_1_287' title='bbox 973 3702 1002 3754; x_wconf 89' lang='lat' dir='ltr'><strong>in</strong></span> <span class='ocrx_word' id='word_1_288' title='bbox 1019 3702 1132 3771; x_wconf 78' lang='lat' dir='ltr'><strong>Opuscc.</strong></span> <span class='ocrx_word' id='word_1_289' title='bbox 1144 3720 1171 3770; x_wconf 86' lang='lat' dir='ltr'><strong>p.</strong></span> <span class='ocrx_word' id='word_1_290' title='bbox 1183 3703 1330 3758; x_wconf 61' lang='lat'><strong>6644-667.</strong></span> 
     </span>
     <span class='ocr_line' id='line_1_31' title="bbox 54 3787 1330 3856; baseline -0.008 -6"><span class='ocrx_word' id='word_1_291' title='bbox 54 3798 131 3850; x_wconf 83' lang='lat' dir='ltr'><strong>Jec.</strong></span> <span class='ocrx_word' id='word_1_292' title='bbox 152 3793 264 3846; x_wconf 77' lang='lat' dir='ltr'><strong>‘Bened</strong></span> <span class='ocrx_word' id='word_1_293' title='bbox 283 3793 442 3852; x_wconf 88' lang='lat' dir='ltr'><strong>Winclrler,</strong></span> <span class='ocrx_word' id='word_1_294' title='bbox 462 3793 554 3845; x_wconf 81' lang='lat' dir='ltr'><strong>Praee.</strong></span> <span class='ocrx_word' id='word_1_295' title='bbox 573 3791 639 3844; x_wconf 86' lang='lat' dir='ltr'><strong>Sim.</strong></span> <span class='ocrx_word' id='word_1_296' title='bbox 660 3791 719 3841; x_wconf 89' lang='lat' dir='ltr'><strong>Pet.</strong></span> <span class='ocrx_word' id='word_1_297' title='bbox 738 3788 866 3850; x_wconf 80' lang='lat' dir='ltr'><strong>Gessero,</strong></span> <span class='ocrx_word' id='word_1_298' title='bbox 885 3787 956 3840; x_wconf 76' lang='lat' dir='ltr'><strong>Dies.</strong></span> <span class='ocrx_word' id='word_1_299' title='bbox 977 3787 1131 3842; x_wconf 72' lang='lat' dir='ltr'><strong>Commouet.</strong></span> <span class='ocrx_word' id='word_1_300' title='bbox 1149 3789 1277 3856; x_wconf 70' lang='lat' dir='ltr'><strong>amdam</strong></span> <span class='ocrx_word' id='word_1_301' title='bbox 1294 3787 1330 3848; x_wconf 75' lang='lat' dir='ltr'><strong>ad</strong></span> 
     </span>
     <span class='ocr_line' id='line_1_32' title="bbox 59 3867 1327 3950; baseline -0.009 -16"><span class='ocrx_word' id='word_1_302' title='bbox 59 3883 166 3950; x_wconf 73' lang='lat' dir='ltr'><strong>leyem</strong></span> <span class='ocrx_word' id='word_1_303' title='bbox 190 3876 340 3932; x_wconf 78' lang='lat' dir='ltr'><strong>Corneliam</strong></span> <span class='ocrx_word' id='word_1_304' title='bbox 366 3878 398 3928; x_wconf 81' lang='lat' dir='ltr'><strong>de</strong></span> <span class='ocrx_word' id='word_1_305' title='bbox 417 3877 527 3930; x_wconf 65' lang='lat' dir='ltr'><strong>aaron</strong></span> <span class='ocrx_word' id='word_1_306' title='bbox 550 3877 615 3931; x_wconf 78' lang='lat' dir='ltr'><strong>Hel.</strong></span> <span class='ocrx_word' id='word_1_307' title='bbox 641 3875 715 3929; x_wconf 81' lang='grc'><strong>1729.</strong></span> <span class='ocrx_word' id='word_1_308' title='bbox 737 3877 763 3926; x_wconf 86' lang='grc'><strong>4.</strong></span> <span class='ocrx_word' id='word_1_309' title='bbox 790 3867 886 3927; x_wconf 81' lang='lat' dir='ltr'><strong>Tuom.</strong></span> <span class='ocrx_word' id='word_1_310' title='bbox 905 3872 1027 3939; x_wconf 74' lang='lat' dir='ltr'><strong>Wagner</strong></span> <span class='ocrx_word' id='word_1_311' title='bbox 1051 3874 1122 3926; x_wconf 79' lang='lat' dir='ltr'><strong>Dies.</strong></span> <span class='ocrx_word' id='word_1_312' title='bbox 1148 3873 1180 3924; x_wconf 84' lang='lat' dir='ltr'><strong>de</strong></span> <span class='ocrx_word' id='word_1_313' title='bbox 1203 3872 1327 3941; x_wconf 80' lang='lat' dir='ltr'><strong>supplicio</strong></span> 
     </span>
     <span class='ocr_line' id='line_1_33' title="bbox 47 3957 1354 4036; baseline -0.007 -17"><span class='ocrx_word' id='word_1_314' title='bbox 47 3962 288 4036; x_wconf 77' lang='lat' dir='ltr'><strong>parricidarum.</strong></span> <span class='ocrx_word' id='word_1_315' title='bbox 317 3961 393 4027; x_wconf 86' lang='lat' dir='ltr'><strong>Lips.</strong></span> <span class='ocrx_word' id='word_1_316' title='bbox 413 3965 488 4014; x_wconf 83' lang='grc'><strong>1736.</strong></span> <span class='ocrx_word' id='word_1_317' title='bbox 505 3965 531 4012; x_wconf 98' lang='grc'><strong>4.</strong></span> <span class='ocrx_word' id='word_1_318' title='bbox 558 3957 860 4024; x_wconf 83' lang='lat' dir='ltr'><strong>Herm.Cannegietcri</strong></span> <span class='ocrx_word' id='word_1_319' title='bbox 881 3957 1220 4010; x_wconf 54' lang='lat' dir='ltr'><strong>comminiscebatur}</strong></span> <span class='ocrx_word' id='word_1_320' title='bbox 1249 3958 1328 4008; x_wconf 76' lang='lat' dir='ltr'><strong>Mose.</strong></span> <span class='ocrx_word' id='word_1_321' title='bbox 1352 4006 1354 4010; x_wconf 83' lang='lat'><strong>.</strong></span> 
     </span>
     <span class='ocr_line' id='line_1_34' title="bbox 50 4040 1327 4112; baseline -0.01 -8"><span class='ocrx_word' id='word_1_322' title='bbox 50 4061 83 4104; x_wconf 76' lang='lat' dir='ltr'><strong>et</strong></span> <span class='ocrx_word' id='word_1_323' title='bbox 108 4050 230 4102; x_wconf 74' lang='lat' dir='ltr'><strong>Romae.</strong></span> <span class='ocrx_word' id='word_1_324' title='bbox 247 4064 271 4098; x_wconf 89' lang='lat' dir='ltr'><strong>c.</strong></span> <span class='ocrx_word' id='word_1_325' title='bbox 289 4051 315 4099; x_wconf 80' lang='grc'><strong>2.</strong></span> <span class='ocrx_word' id='word_1_326' title='bbox 334 4063 363 4112; x_wconf 70' lang='grc' dir='ltr'><strong>ρ.</strong></span> <span class='ocrx_word' id='word_1_327' title='bbox 379 4048 492 4100; x_wconf 83' lang='grc'><strong>20-38.</strong></span> <span class='ocrx_word' id='word_1_328' title='bbox 515 4043 597 4110; x_wconf 84' lang='lat' dir='ltr'><strong>Cesp.</strong></span> <span class='ocrx_word' id='word_1_329' title='bbox 616 4044 758 4098; x_wconf 73' lang='lat' dir='ltr'><strong>Garatonii</strong></span> <span class='ocrx_word' id='word_1_330' title='bbox 773 4043 840 4094; x_wconf 75' lang='lat' dir='ltr'><strong>Eae.</strong></span> <span class='ocrx_word' id='word_1_331' title='bbox 857 4042 894 4095; x_wconf 80' lang='lat' dir='ltr'><strong>ad</strong></span> <span class='ocrx_word' id='word_1_332' title='bbox 913 4042 1045 4096; x_wconf 75' lang='lat' dir='ltr'><strong>Ci&#39;oerom&#39;a</strong></span> <span class='ocrx_word' id='word_1_333' title='bbox 1067 4041 1116 4093; x_wconf 89' lang='lat' dir='ltr'><strong>Or.</strong></span> <span class='ocrx_word' id='word_1_334' title='bbox 1137 4059 1191 4109; x_wconf 82' lang='lat' dir='ltr'><strong>pro</strong></span> <span class='ocrx_word' id='word_1_335' title='bbox 1212 4040 1327 4093; x_wconf 77' lang='lat' dir='ltr'><strong>Cluentio</strong></span> 
     </span>
     <span class='ocr_line' id='line_1_35' title="bbox 49 4126 1328 4200; baseline -0.008 -10"><span class='ocrx_word' id='word_1_336' title='bbox 49 4157 82 4192; x_wconf 84' lang='lat' dir='ltr'><strong>o.</strong></span> <span class='ocrx_word' id='word_1_337' title='bbox 103 4138 163 4190; x_wconf 77' lang='lat'><strong>63.</strong></span> <span class='ocrx_word' id='word_1_338' title='bbox 178 4147 219 4200; x_wconf 72' lang='lat' dir='ltr'><strong>sq.</strong></span> <span class='ocrx_word' id='word_1_339' title='bbox 238 4132 268 4186; x_wconf 88' lang='lat' dir='ltr'><strong>in</strong></span> <span class='ocrx_word' id='word_1_340' title='bbox 286 4131 428 4190; x_wconf 78' lang='lat' dir='ltr'><strong>Ciceronis</strong></span> <span class='ocrx_word' id='word_1_341' title='bbox 450 4130 518 4198; x_wconf 81' lang='lat' dir='ltr'><strong>Opp.</strong></span> <span class='ocrx_word' id='word_1_342' title='bbox 533 4129 573 4180; x_wconf 86' lang='lat' dir='ltr'><strong>ed.</strong></span> <span class='ocrx_word' id='word_1_343' title='bbox 592 4129 706 4196; x_wconf 80' lang='lat' dir='ltr'><strong>Neapol.</strong></span> <span class='ocrx_word' id='word_1_344' title='bbox 726 4131 818 4196; x_wconf 88' lang='grc'><strong>(1777.</strong></span> <span class='ocrx_word' id='word_1_345' title='bbox 830 4129 872 4194; x_wconf 84' lang='grc'><strong>8.)</strong></span> <span class='ocrx_word' id='word_1_346' title='bbox 900 4129 931 4180; x_wconf 83' lang='lat' dir='ltr'><strong>T.</strong></span> <span class='ocrx_word' id='word_1_347' title='bbox 949 4126 1328 4192; x_wconf 78' lang='lat' dir='ltr'><strong>v1.p.486-4ee.v0ake·</strong></span> 
     </span>
     <span class='ocr_line' id='line_1_36' title="bbox 48 4212 1326 4279; baseline -0.012 -3"><span class='ocrx_word' id='word_1_348' title='bbox 48 4215 345 4276; x_wconf 65' lang='lat' dir='ltr'><strong>asscribendum</strong></span> <span class='ocrx_word' id='word_1_349' title='bbox 364 4219 396 4270; x_wconf 93' lang='lat' dir='ltr'><strong>P.</strong></span> <span class='ocrx_word' id='word_1_350' title='bbox 415 4217 450 4270; x_wconf 89' lang='lat' dir='ltr'><strong>II.</strong></span> <span class='ocrx_word' id='word_1_351' title='bbox 467 4233 491 4268; x_wconf 86' lang='lat' dir='ltr'><strong>e.</strong></span> <span class='ocrx_word' id='word_1_352' title='bbox 509 4219 534 4266; x_wconf 90' lang='grc'><strong>6.</strong></span> <span class='ocrx_word' id='word_1_353' title='bbox 553 4229 581 4278; x_wconf 90' lang='lat' dir='ltr'><strong>p.</strong></span> <span class='ocrx_word' id='word_1_354' title='bbox 600 4218 748 4266; x_wconf 73' lang='grc'><strong>131-143·</strong></span> <span class='ocrx_word' id='word_1_355' title='bbox 769 4212 931 4268; x_wconf 86' lang='lat' dir='ltr'><strong>Rossbirtl.</strong></span> <span class='ocrx_word' id='word_1_356' title='bbox 951 4213 969 4265; x_wconf 88' lang='lat' dir='ltr'><strong>t.</strong></span> <span class='ocrx_word' id='word_1_357' title='bbox 993 4213 1015 4279; x_wconf 64' lang='grc' dir='ltr'><strong>ξ.</strong></span> <span class='ocrx_word' id='word_1_358' title='bbox 1040 4215 1096 4266; x_wconf 88' lang='grc'><strong>144.</strong></span> <span class='ocrx_word' id='word_1_359' title='bbox 1116 4215 1174 4264; x_wconf 79' lang='grc'><strong>145.</strong></span> <span class='ocrx_word' id='word_1_360' title='bbox 1194 4215 1251 4264; x_wconf 85' lang='grc'><strong>147.</strong></span> <span class='ocrx_word' id='word_1_361' title='bbox 1271 4213 1326 4262; x_wconf 81' lang='grc'><strong>150.</strong></span> 
     </span>
     <span class='ocr_line' id='line_1_37' title="bbox 51 4294 1326 4368; baseline -0.006 -15"><span class='ocrx_word' id='word_1_362' title='bbox 51 4305 227 4362; x_wconf 64' lang='lat' dir='ltr'><strong>roa-¹⁵2</strong></span> <span class='ocrx_word' id='word_1_363' title='bbox 245 4317 272 4365; x_wconf 81' lang='grc' dir='ltr'><strong>ρ.</strong></span> <span class='ocrx_word' id='word_1_364' title='bbox 285 4305 433 4356; x_wconf 77' lang='lat' dir='ltr'><strong>eor-ara.</strong></span> <span class='ocrx_word' id='word_1_365' title='bbox 453 4316 479 4365; x_wconf 82' lang='lat' dir='ltr'><strong>p.</strong></span> <span class='ocrx_word' id='word_1_366' title='bbox 497 4302 643 4353; x_wconf 46' lang='lat' dir='ltr'><strong>craeso.</strong></span> <span class='ocrx_word' id='word_1_367' title='bbox 662 4316 689 4365; x_wconf 75' lang='grc' dir='ltr'><strong>ρ.</strong></span> <span class='ocrx_word' id='word_1_368' title='bbox 706 4303 766 4352; x_wconf 76' lang='lat' dir='ltr'><strong>cce.</strong></span> <span class='ocrx_word' id='word_1_369' title='bbox 785 4315 826 4367; x_wconf 73' lang='lat' dir='ltr'><strong>aq.</strong></span> <span class='ocrx_word' id='word_1_370' title='bbox 846 4315 873 4365; x_wconf 78' lang='lat' dir='ltr'><strong>p.</strong></span> <span class='ocrx_word' id='word_1_371' title='bbox 889 4294 1135 4368; x_wconf 53' lang='lat' dir='ltr'><strong>aaa-escmpme</strong></span> <span class='ocrx_word' id='word_1_372' title='bbox 1150 4297 1171 4362; x_wconf 65' lang='grc' dir='ltr'><strong>ς.</strong></span> <span class='ocrx_word' id='word_1_373' title='bbox 1185 4299 1326 4350; x_wconf 79' lang='lat' dir='ltr'><strong>rae-rm.</strong></span> 
     </span>
     <span class='ocr_line' id='line_1_38' title="bbox 46 4383 379 4462; baseline -0.012 -19"><span class='ocrx_word' id='word_1_374' title='bbox 46 4413 82 4462; x_wconf 80' lang='lat' dir='ltr'><strong>p.</strong></span> <span class='ocrx_word' id='word_1_375' title='bbox 108 4389 272 4442; x_wconf 75' lang='lat'><strong>261-270.</strong></span> <span class='ocrx_word' id='word_1_376' title='bbox 289 4383 379 4439; x_wconf 75' lang='grc' dir='ltr'><strong>11111ιό.</strong></span> 
     </span>
    </p>

    <p class='ocr_par' dir='ltr' id='par_1_7' title="bbox 45 4463 1343 4624">
     <span class='ocr_line' id='line_1_39' title="bbox 146 4463 1328 4540; baseline -0.008 -16"><span class='ocrx_word' id='word_1_377' title='bbox 146 4471 195 4537; x_wconf 86' lang='lat' dir='ltr'><strong>m)</strong></span> <span class='ocrx_word' id='word_1_378' title='bbox 215 4469 354 4536; x_wconf 77' lang='lat' dir='ltr'><strong>originem</strong></span> <span class='ocrx_word' id='word_1_379' title='bbox 372 4469 541 4540; x_wconf 83' lang='lat' dir='ltr'><strong>quaestionis</strong></span> <span class='ocrx_word' id='word_1_380' title='bbox 560 4470 594 4522; x_wconf 86' lang='lat' dir='ltr'><strong>de</strong></span> <span class='ocrx_word' id='word_1_381' title='bbox 605 4467 734 4524; x_wconf 80' lang='lat' dir='ltr'><strong>veneficio</strong></span> <span class='ocrx_word' id='word_1_382' title='bbox 750 4467 889 4536; x_wconf 80' lang='lat' dir='ltr'><strong>indagavit</strong></span> <span class='ocrx_word' id='word_1_383' title='bbox 901 4467 1030 4518; x_wconf 87' lang='lat' dir='ltr'><strong>Dukerus</strong></span> <span class='ocrx_word' id='word_1_384' title='bbox 1041 4467 1078 4518; x_wconf 84' lang='lat' dir='ltr'><strong>ad</strong></span> <span class='ocrx_word' id='word_1_385' title='bbox 1090 4467 1147 4520; x_wconf 73' lang='lat' dir='ltr'><strong>Lab.</strong></span> <span class='ocrx_word' id='word_1_386' title='bbox 1160 4466 1231 4535; x_wconf 77' lang='lat' dir='ltr'><strong>Epis.</strong></span> <span class='ocrx_word' id='word_1_387' title='bbox 1251 4463 1328 4516; x_wconf 91' lang='lat' dir='ltr'><em>VIII.</em></span> 
     </span>
     <span class='ocr_line' id='line_1_40' title="bbox 45 4549 1343 4624; baseline -0.009 -12"><span class='ocrx_word' id='word_1_388' title='bbox 45 4567 89 4620; x_wconf 84' lang='lat' dir='ltr'><strong>T.</strong></span> <span class='ocrx_word' id='word_1_389' title='bbox 118 4557 169 4612; x_wconf 90' lang='lat'><strong>11.</strong></span> <span class='ocrx_word' id='word_1_390' title='bbox 186 4570 213 4620; x_wconf 83' lang='lat' dir='ltr'><strong>p.</strong></span> <span class='ocrx_word' id='word_1_391' title='bbox 230 4559 376 4616; x_wconf 77' lang='grc'><strong>648-666.</strong></span> <span class='ocrx_word' id='word_1_392' title='bbox 394 4561 422 4608; x_wconf 88' lang='lat' dir='ltr'><strong>et</strong></span> <span class='ocrx_word' id='word_1_393' title='bbox 438 4557 474 4609; x_wconf 87' lang='lat' dir='ltr'><strong>ad</strong></span> <span class='ocrx_word' id='word_1_394' title='bbox 490 4555 548 4609; x_wconf 84' lang='lat' dir='ltr'><strong>Lia.</strong></span> <span class='ocrx_word' id='word_1_395' title='bbox 566 4555 714 4610; x_wconf 86' lang='lat' dir='ltr'><strong>XXXIX.</strong></span> <span class='ocrx_word' id='word_1_396' title='bbox 732 4573 756 4607; x_wconf 92' lang='lat' dir='ltr'><strong>c.</strong></span> <span class='ocrx_word' id='word_1_397' title='bbox 773 4559 816 4608; x_wconf 84' lang='grc'><strong>38.</strong></span> <span class='ocrx_word' id='word_1_398' title='bbox 837 4555 858 4620; x_wconf 63' lang='grc' dir='ltr'><strong>ξ.</strong></span> <span class='ocrx_word' id='word_1_399' title='bbox 877 4557 902 4605; x_wconf 88' lang='grc'><strong>3.</strong></span> <span class='ocrx_word' id='word_1_400' title='bbox 920 4553 952 4602; x_wconf 89' lang='grc' dir='ltr'><strong>Τ.</strong></span> <span class='ocrx_word' id='word_1_401' title='bbox 972 4551 1005 4603; x_wconf 88' lang='lat' dir='ltr'><strong>V.</strong></span> <span class='ocrx_word' id='word_1_402' title='bbox 1025 4566 1051 4616; x_wconf 87' lang='lat' dir='ltr'><strong>p.</strong></span> <span class='ocrx_word' id='word_1_403' title='bbox 1069 4554 1129 4604; x_wconf 87' lang='grc'><strong>379.</strong></span> <span class='ocrx_word' id='word_1_404' title='bbox 1148 4549 1237 4624; x_wconf 67' lang='lat' dir='ltr'><strong>Haud.</strong></span> <span class='ocrx_word' id='word_1_405' title='bbox 1339 4580 1343 4587; x_wconf 88' lang='lat'><em>-</em></span> 
     </span>
    </p>

    <p class='ocr_par' dir='ltr' id='par_1_8' title="bbox 1094 4636 1137 4697">
     <span class='ocr_line' id='line_1_41' title="bbox 1094 4636 1137 4697; baseline 0.023 -1"><span class='ocrx_word' id='word_1_406' title='bbox 1094 4636 1137 4697; x_wconf 74' lang='lat'><strong>50</strong></span> 
     </span>
    </p>
   </div>
   <div class='ocr_carea' id='block_1_7' title="bbox 0 0 1566 5162">
    <p class='ocr_par' dir='ltr' id='par_1_9' title="bbox 0 0 1566 5162">
     <span class='ocr_line' id='line_1_42' title="bbox 0 0 1566 5162; baseline 0 1"><span class='ocrx_word' id='word_1_407' title='bbox 0 0 1566 5162; x_wconf 95' lang='lat' dir='ltr'><strong> </strong></span> 
     </span>
    </p>
   </div>
  </div>
 </body>
</html>
