3122 5162
232 431 304 497 roo
651 423 725 492 nm.
751 420 811 492 rr.
836 423 915 493 ra.
941 387 1068 496 xvrir.

233 600 357 665 Paulus
375 599 528 662 Sententt.
545 601 683 682 Recqrtt.
703 598 737 661 V.
752 599 802 662 25.
814 599 842 662 1.
865 600 951 664 Tale
967 598 1083 664 salsum
1101 587 1404 686 frequentissimum
1423 609 1488 664 erat

233 709 372 773 Romae.
394 705 434 770 In
454 706 637 792 signatores
660 706 746 770 enim
763 715 1031 771 testamentorum
1055 707 1211 772 falsorum
1228 710 1379 795 graviter
1400 709 1490 771 inve-

233 815 323 880 hitur
337 815 509 882 Juvenalis
525 815 592 876 Sat.
610 817 634 878 I.
649 837 677 878 a.
690 813 742 877 37.
758 837 821 898 sqq.
844 815 881 878 L.
896 815 1036 879 Audasii
1057 817 1126 899 ejus
1145 815 1219 880 falsi
1235 818 1287 880 rei
1300 817 1488 900 exemplum

234 923 337 988 habes
360 923 447 1008 apud
465 921 658 985 Suetonium
675 922 716 1008 [*
729 923 836 984 octav.
852 927 991 1006 August.
1008 947 1033 986 c.
1050 923 1127 1010 19.].
1149 925 1184 987 Si
1207 926 1279 1010 quis
1300 947 1369 987 non
1395 925 1487 986 modo

235 1031 353 1118 ¹falsum
371 1039 602 1094 testamentum
625 1029 973 1111 condidisset,·verum
991 1032 1089 1096 etiam
1107 1023 1272 1095 dominum
1294 1032 1485 1095 hereditatis

236 1137 471 1223 adipiscendae
488 1159 598 1202 caussa
620 1138 806 1219 occidisset,
822 1139 996 1202 adcusator
1017 1162 1083 1202 non
1101 1139 1199 1202 modo
1223 1139 1359 1223 publice
1379 1161 1488 1224 perse-

235 1231 399 1334 quebatur
413 1244 477 1308 hoc
500 1245 639 1328 crimen,
655 1247 712 1310 sed
730 1256 763 1310 et
787 1247 950 1309 actionem
973 1247 1134 1330 privatam
1154 1248 1299 1312 habebat
1317 1247 1359 1310 ad
1385 1251 1489 1311 bono-

234 1375 306 1419 rum
324 1353 575 1438 possessionem,
587 1364 751 1438 tamquam
769 1355 947 1438 praemium
965 1355 1195 1438 adcusationis,
1211 1355 1489 1440 consequendam.

234 1465 283 1528 Ea
301 1462 387 1526 actio
401 1462 582 1552 vocabatur
602 1466 795 1536 internecini,
812 1461 853 1524 de
870 1484 933 1545 qua
950 1463 1096 1543 consule,
1113 1465 1165 1544 sis,
1183 1462 1352 1548 Cujacium
1376 1465 1487 1525 Obser-

168 1629 171 1634 .
233 1580 310 1634 vati.
329 1570 399 1631 Ι.2.
422 1569 529 1632 Multa
546 1569 610 1632 alia
628 1569 760 1654 quidem
785 1571 895 1654 capita
917 1571 980 1634 huc
1001 1572 1150 1634 referunt
1165 1561 1409 1652 iureconsulti,
1432 1571 1486 1632 sed

235 1701 316 1742 cave
332 1678 511 1758 existimes,
529 1699 569 1741 ea
583 1678 694 1741 omnia
710 1698 752 1740 ex
768 1680 838 1760 lege
858 1679 1001 1740 Cornelio
1017 1699 1098 1741 esse.
1120 1678 1172 1740 De
1188 1678 1267 1742 solis
1283 1681 1373 1742 enim
1388 1689 1488 1743 testa-

235 1787 353 1850 mentis
376 1785 436 1848 illa
458 1786 544 1868 egit,
561 1809 627 1848 non
644 1787 686 1850 de
708 1785 930 1850 instrumentis
954 1785 1028 1850 aliis
1042 1791 1087 1866 u).
1109 1787 1233 1850 Verum
1251 1797 1370 1871 postea
1392 1788 1488 1850 variis

237 1891 538 1984 senatusconsultis
560 1893 645 1978 legis
661 1894 839 1958 Corneliae
863 1915 973 1978 poena
990 1894 1089 1960 etiam
1112 1892 1154 1958 ad
1171 1893 1236 1958 alia
1258 1894 1343 1958 falsa
1360 1895 1487 1980 prolata

236 2010 294 2064 est.
315 2003 433 2064 Exstat
447 1999 532 2062 hanc
546 2001 579 2064 in
596 2023 664 2064 rem
682 2003 852 2086 egregium
870 2001 1006 2086 Ulpiani
1022 2001 1240 2085 fragmentum
1257 2003 1347 2088 apud
1362 2003 1486 2066 Aucto-

234 2129 303 2174 rem
328 2109 506 2170 Collationis
524 2111 629 2192 legum
653 2110 820 2172 Mosaicur.
837 2119 866 2170 et
890 2111 1022 2172 Roman.
1044 2111 1131 2170 VIII.
1145 2109 1174 2170 7.
1197 2131 1263 2194 quo
1286 2111 1380 2174 varia
1403 2112 1490 2194 ejus·

234 2216 324 2280 modi
353 2215 440 2280 scta
462 2225 685 2283 recensentur.
719 2216 852 2282 Statilio
880 2216 966 2278 enim
989 2224 1024 2280 et
1056 2217 1169 2282 Tauro
1199 2217 1290 2284 Coss.
1305 2223 1335 2298 ¹)
1366 2218 1491 2302 prodiit

236 2324 376 2406 sctum,
403 2345 469 2408 quo
492 2347 602 2410 poena
624 2324 710 2408 legis
737 2323 914 2388 Corneliae
936 2324 1101 2408 irrogatur
1126 2325 1225 2388 etiam
1249 2326 1301 2407 ei,
1325 2327 1383 2410 qui
1410 2326 1490 2411 quid

235 2433 344 2514 aliud,
369 2441 464 2517 quant
494 2440 743 2509 testamentum,
771 2433 876 2499 sciens
899 2433 1097 2518 signaverit,
1122 2435 1286 2518 siguarive
1314 2434 1491 2513 curaverit,

234 2539 331 2616 item,
354 2539 411 2624 qui
433 2537 530 2602 falsas
553 2541 746 2604 testationes
766 2541 951 2622 faciendas,
978 2549 1219 2604 testamentare
1240 2541 1324 2606 falsa
1347 2542 1489 2606 invicem

235 2646 376 2710 dicenda
398 2654 454 2708 aut
473 2648 697 2730 consignanda
718 2649 798 2712 dolo
822 2649 909 2714 malo
932 2649 1104 2713 curaverit.
1128 2648 1276 2730 Deinde,
1300 2649 1435 2714 Licinio
1452 2650 1485 2710 V.

236 2761 271 2818 et
285 2753 397 2816 Tauro
415 2752 504 2816 Coss.
519 2757 552 2835 1)
573 2755 690 2818 eadem
706 2754 785 2840 lege
801 2757 1014 2820 condemnari
1025 2756 1107 2842 jussi
1124 2765 1207 2834 sunt,
1225 2758 1280 2842 qui
1298 2759 1343 2820 ob
1362 2767 1487 2820 struen-

236 2862 309 2926 dam
342 2861 595 2925 advocationem
633 2863 864 2928 testimoniare
891 2865 1063 2948 pecuniam
1094 2865 1303 2966 acceperint,
1334 2867 1491 2949 pactique

233 2969 368 3050 fuerint,
384 2970 574 3034 societatem
592 2969 743 3052 coierint,
760 2982 815 3037 aut
834 2971 976 3058 aliquam
994 2933 1196 3036 delatioirem
1220 2971 1551 3092 interposuerint
1550 2971 1551 3010 l

233 3077 341 3141 Paulo
366 3085 441 3142 ante
458 3075 504 3140 M.
518 3077 659 3144 Aurelio
677 3079 775 3144 Cotta
797 3081 893 3144 etM.
909 3081 1048 3144 Valerio
1065 3079 1206 3146 Mesalla
1228 3080 1320 3144 Coss
1338 3081 1380 3144 A.
1395 3081 1441 3144 U.
1458 3081 1492 3143 C.

234 3201 406 3250 uccuxxn
422 3194 575 3250 statutum
598 3187 708 3252 fuerat
724 3189 765 3253 ab
787 3189 986 3274 amplissimo
1010 3191 1142 3271 ordine,
1163 3199 1216 3270 ut,
1232 3189 1332 3273 siqui
1349 3189 1491 3252 coierint

302 3418 336 3485 u)
357 3418 431 3470 Num
449 3435 483 3470 ex
502 3419 596 3471 eadem
614 3421 672 3486 lege
687 3421 832 3488 repetenda
844 3419 879 3473 sit
894 3418 966 3473 fictio
982 3420 1036 3482 illa,
1051 3438 1105 3490 qua
1118 3423 1314 3473 confirmantur
1328 3423 1491 3470 testamenta

235 3517 338 3565 eorum,
356 3503 401 3571 qui
415 3501 443 3556 in
455 3505 574 3558 hostium
587 3509 747 3572 potestatem
766 3509 961 3571 pervenerunt?
979 3496 1126 3574 quaeritur.
1145 3508 1185 3559 Cl.
1198 3507 1282 3571 Hugo
1291 3505 1327 3558 R.
1345 3505 1379 3557 G.
1392 3522 1421 3570 p.
1434 3507 1491 3557 713.

235 3603 276 3656 aq.
294 3593 321 3640 et
338 3603 365 3653 p.
384 3593 443 3642 715.
462 3607 502 3659 sq.
520 3597 575 3645 not.
596 3597 618 3644 l.
638 3592 696 3658 (ed.
715 3593 783 3658 XI.)
804 3598 831 3644 et
848 3593 980 3670 Schilling
996 3593 1204 3661 Bemertunpen
1221 3589 1288 3642 iiber
1307 3591 1390 3643 Risu.
1407 3591 1444 3643 R.
1459 3590 1490 3640 G.

235 3689 261 3738 p.
280 3671 425 3728 sss-287.
445 3675 531 3730 Miill.

232 3749 237 3769 “
303 3760 338 3826 x)
359 3761 391 3812 ln
409 3765 486 3812 textu
504 3761 615 3829 Ulpiani
632 3767 680 3814 est
700 3762 754 3815 Sed
773 3763 895 3816 Statilius
914 3769 940 3816 et
958 3765 1066 3816 Taurus
1085 3777 1156 3814 unus
1175 3759 1304 3830 idemque
1323 3767 1375 3814 est.
1411 3760 1491 3814 lnnni

239 3834 299 3908 irgo
317 3844 424 3896 videtur
443 3845 609 3898 Consulatus
632 3847 662 3898 T.
683 3847 783 3900 martiii
804 3849 890 3900 Tauri
905 3856 932 3900 et
949 3849 981 3900 L.
1002 3847 1133 3901 Scribonii
1143 3847 1257 3907 Libonis
1277 3845 1325 3914 qui
1345 3845 1445 3899 incidit
1461 3845 1488 3897 in

177 3951 179 3955 ’
239 3916 340 3980 aunum
357 3929 391 3982 U.
410 3929 440 3982 C.
461 3945 606 3983 necnxvru.
624 3937 655 3982 ut
675 3932 849 3998 conjecerunt
860 3935 934 3987 Petr
946 3935 1078 3988 Pithoeus
1092 3933 1128 3984 ad
1141 3931 1233 3984 Callet.
1246 3931 1327 4000 Lepp.
1343 3931 1490 3983 Momm.

239 4005 393 4066 atltoman.
411 4012 472 4068 adid.
490 4015 584 4068 Jacob.
604 4017 733 4084 Cujacius
755 4019 880 4072 Paratitl.
902 4019 930 4072 0.
949 4021 985 4072 nd
1001 4023 1064 4087 Lep.
1086 4017 1190 4071 Uarnel.
1210 4017 1241 4067 da
1250 4017 1321 4083 sals.
1342 4017 1419 4069 Petr.
1441 4017 1490 4067 aa·

239 4091 285 4148 ber
305 4099 427 4150 Semestr.
446 4099 469 4152 I.
484 4105 526 4152 25.
541 4119 570 4168 p.
591 4108 646 4156 143.
665 4110 692 4154 et
710 4105 805 4156 Claud.
824 4103 974 4157 Salmasius
993 4103 1182 4156 adiurAttr'c.
1198 4121 1219 4154 c.
1233 4105 1275 4154 30.
1286 4120 1313 4169 p.
1326 4105 1389 4153 877.
1409 4099 1491 4153 Unde

239 4183 367 4234 falluntur
375 4183 447 4251 ‚qui
466 4182 494 4236 id
513 4187 615 4240 SCtum
633 4189 665 4240 Α.
683 4189 717 4242 U.
738 4189 769 4242 C.
786 4203 940 4242 nccctxxx.
955 4178 986 4241 L
1001 4188 1109 4278 Nonio,
1128 4187 1169 4241 Μ.
1181 4186 1271 4241 Annio
1288 4185 1488 4240 LiboneCoss.
1550 4183 1551 4240 l

193 4315 196 4320 .
239 4255 374 4319 eonditum
393 4267 550 4323 existimant
569 4289 630 4324 cum
649 4275 813 4327 Hotomano
833 4276 911 4327 Heia.

294 4354 397 4418 1.1Μ
418 4353 538 4408 Licinius
557 4357 590 4408 V.
615 4358 718 4411 Consul
738 4361 867 4426 collegam
892 4375 946 4412 non
973 4361 1094 4411 Taurum
1113 4359 1221 4422 habuit,
1250 4359 1350 4411 sedL.
1372 4357 1490 4423 Calpur-

238 4433 312 4488 nium
327 4453 333 4488 :
353 4439 462 4492 Tacitus
475 4443 573 4495 Annal.
586 4444 607 4494 Ι
610 4442 637 4495 V.
651 4448 693 4496 62.
708 4443 787 4512 isque
799 4445 964 4498 Consulatus
977 4443 1072 4497 incidit
1086 4444 1114 4496 in
1126 4459 1226 4497 annum
1240 4443 1273 4498 U.
1287 4443 1317 4496 C.
1335 4457 1489 4496 uccaxxrx.

240 4517 340 4574 Tiberii
362 4519 512 4578 xlmam
536 4529 628 4580 forsan
647 4531 753 4582 Taurus
772 4530 920 4595 Calpurnio
951 4529 1080 4582 suffectus
1102 4535 1164 4601 est,
1183 4534 1231 4580 aut
1256 4528 1346 4580 scriba
1365 4529 1488 4579 'Ianrum
1550 4567 1551 4620 l

240 4614 275 4649 ex
293 4607 512 4662 antecedentibus
533 4611 719 4690 imprudenter
738 4614 852 4681 repellit.
873 4615 952 4667 Hem.
