3040 5164
300 391 355 461 lin
380 392 490 463 Tssr.
514 389 645 464 Ouum.
670 393 779 467 Tnsr.
803 391 929 467 Mitis.
955 407 1023 468 etc.
1217 401 1291 474 42³

38 567 246 649 Liboniano)
272 579 401 637 mutum
422 579 488 634 est:
510 570 601 635 Suet.
621 571 699 636 Ner.
719 591 745 634 o.
763 571 813 634 17.
827 572 865 634 L.
881 571 910 636 1.
929 573 1001 654 §.¹7.
1018 574 1056 638 L.
1070 575 1101 638 6.
1112 595 1166 658 pr.
1183 577 1221 638 L.
1238 576 1289 642 lt.

34 697 80 758 pr.
99 676 129 757 §.
145 675 179 738 2.
197 677 235 740 Ia.
254 676 304 742 15.
317 698 369 761 pr.
389 679 431 741 1).
447 679 492 740 od
508 682 544 742 L.
562 679 655 742 Corn.
671 680 711 742 de
727 680 813 742 Fau.
831 681 956 744 Pariot.
973 681 1048 765 Lag.
1063 683 1143 746 Mos.
1156 693 1187 746 et
1201 685 1289 748 Rom.

43 786 123 845 VIII.
139 783 173 846 9.

608 906 638 987 §.
660 903 711 966 10.

399 1017 595 1074 &ascribendo
612 1028 691 1072 erant
704 1019 797 1088 daque
816 995 922 1074 Lotairc.

113 1119 154 1182 ln
177 1119 383 1183 testamentis
402 1140 533 1205 semper
552 1123 731 1185 utebantur
751 1119 866 1205 lingua
886 1120 1006 1184 Latina
1019 1123 1066 1202 ¹²),
1087 1141 1125 1185 ac
1145 1121 1287 1206 proinde

39 1227 197 1310 legatum,
226 1225 355 1290 Graece
388 1228 561 1312 scripturn,
584 1225 670 1292 haud
696 1227 850 1310 valebat,
874 1235 960 1292 teste
982 1229 1130 1313 Ulpiano
1157 1231 1288 1312 Fragm.

42 1336 136 1397 XXV.
156 1334 190 1396 9.
213 1334 314 1398 Secus
334 1357 369 1398 se
391 1357 443 1399 res
468 1334 615 1399 babebat
633 1335 667 1398 in
688 1335 962 1414 fideicommissis,
986 1357 1070 1419 quae
1095 1345 1130 1400 et
1152 1335 1282 1400 Graece
1344 1361 1346 1368 ¹

41 1441 180 1526 relinqui
197 1451 371 1524 poterant,
386 1443 453 1504 imo
473 1450 507 1506 et
522 1443 667 1524 Punice,
686 1450 721 1507 et
739 1462 945 1527 quacumque
961 1443 1028 1507 alia
1044 1444 1167 1529 lingua.
1189 1443 1287 1522 Quae

44 1548 116 1608 enirn
127 1549 217 1632 juris
236 1550 385 1633 gentium
401 1555 513 1627 erant,
530 1557 565 1612 et
581 1549 647 1612 alia
667 1550 798 1634 lingua3
822 1570 908 1634 quae
922 1551 1006 1634 juris
1027 1551 1150 1633 civilis,
1168 1551 1287 1616 Latina

47 1653 204 1720 duntaxat
220 1665 377 1740 poterant
393 1657 569 1741 explicarit
585 1657 623 1718 Ι..
638 1656 668 1720 8.
683 1657 713 1738 §-
725 1657 757 1726 ,4.
773 1657 815 1720 D.
830 1658 869 1720 de
883 1659 1066 1741 Acceptilot.

635 1885 643 1904 .
665 1839 716 1904 11.

322 1957 408 2028 Saepe
422 1955 517 2026 plum
534 1843 638 2008 abaci}
657 1957 746 2010 codem
764 1956 883 2026 exemplo
892 1958 996 2025 sactae.

112 2058 319 2141 Plerumque
344 2057 453 2140 plures
474 2051 611 2122 tabulae
633 2057 752 2121 eodem
774 2059 930 2143 exemplo
952 2058 1228 2124 conficiebantur:
1249 2060 1287 2122 L.

44 2168 89 2228 alt.
107 2167 148 2227 D.
168 2167 206 2228 dc
217 2166 290 2237 His,
306 2185 386 2246 quoa
399 2169 433 2228 in
451 2175 520 2229 test.
536 2169 570 2228 L.
583 2166 613 2228 l.
628 2166 657 2246 ς.
670 2165 701 2226 5.
715 2166 757 2227 1).
772 2167 812 2228 de
826 2167 905 2228 Bon.
921 2187 1006 2247 poce.
1020 2187 1083 2228 ses.
1096 2167 1158 2227 tob.
1179 2165 1286 2242 Quem

43 2293 161 2336 morem
177 2272 276 2336 ctiam
292 2271 461 2356 Augustus
477 2272 686 2352 observavit,
704 2279 788 2334 teste
807 2271 898 2336 Suet.
918 2273 984 2334 Oct.
999 2293 1026 2334 o.
1040 2259 1112 2334 1'01.
1130 2280 1165 2335 et
1183 2274 1289 2338 Tibe-

42 2381 113 2460 rius,
127 2389 213 2444 teste
229 2379 349 2444 eodem
364 2380 398 2443 in
415 2379 512 2444 iiber.
525 2403 551 2443 e.
563 2381 619 2442 alt.
631 2378 779 2442 Tabulas
793 2377 852 2442 has
867 2377 923 2442 vel
933 2379 1087 2462 privatim
1103 2379 1191 2461 apud
1208 2380 1289 2442 ami-

43 2507 129 2569 cum,
157 2486 210 2550 vel
224 2487 258 2552 in
280 2487 365 2553 aede
382 2507 472 2550 sacra
495 2487 581 2570 apud
603 2486 749 2572 virgines
768 2485 942 2568 Vestales,
959 2485 1014 2550 vel
1035 2485 1205 2570 aedituos,
1229 2487 1289 2550 de-

45 2595 220 2676 ponebant:
238 2595 275 2657 1..
297 2593 327 2656 1.
344 2594 373 2674 §.
389 2593 420 2656 2.
438 2595 479 2656 D.
501 2595 539 2656 de
556 2595 636 2658 Bon.
652 2615 734 2676 poss.
753 2615 813 2658 soc.
834 2596 895 2658 tab.
911 2593 987 2658 L3.
1005 2595 1034 2676 §.
1051 2593 1081 2656 2.
1096 2595 1138 2656 Ι).
1150 2595 1196 2656 dc
1217 2595 1290 2658 ibt.

47 2703 129 2765 cclvi.
154 2701 247 2785 Lips.
263 2702 307 2763 od
326 2701 420 2764 Tacit.
438 2703 525 2764 Anu.
539 2703 564 2762 I.
578 2723 611 2782 p.
625 2701 676 2764 17.
697 2701 831 2785 Virgini
854 2701 985 2766 Vestali
1006 2704 1168 2766 maximae
1187 2709 1289 2767 testu·

53 2818 178 2874 uentum
195 2831 286 2874 suum
308 2807 596 2872 commendaverat
608 2808 718 2872 Julius
735 2808 874 2874 Caesar:
893 2809 984 2872 Suet.
1003 2810 1065 2872 Jur.
1084 2811 1172 2872 Coos.
1192 2831 1218 2872 c.
1237 2810 1287 2873 83.

49 2919 121 3001 cujus
146 2916 336 3000 exemplum
358 2923 516 3000 sequutus
539 2913 637 2978 etiam
658 2916 843 3000 Augustum
865 2915 960 2980 Idem
979 2917 1214 2980 Octoc.c.10L
1236 2917 1288 2981 Gi.

47 3023 112 3088 Tac.
127 3027 247 3087 Annal.
263 3026 288 3085 I.
303 3023 333 3086 8.

634 3155 712 3220 .12.

357 3325 362 3338 ,
441 3156 754 3340 Testamento§quomodo
770 3273 891 3341 erupto?

115 3372 356 3436 Scribebantur
380 3371 453 3434 fere
483 3379 682 3436 testamento
706 3373 741 3436 in
767 3375 867 3455 ceris,
902 3391 987 3456 quae
1020 3369 1141 3454 ligneis
1166 3370 1287 3436 tabulis

46 3489 126 3543 erant
141 3479 284 3546 infusae.
302 3479 404 3546 ¹Unde
420 3479 454 3542 in
471 3478 613 3542 formula
633 3481 886 3564 nuncupationis
904 3480 1038 3543 dicitur:
1054 3483 1104 3542 uti
1118 3482 1152 3543 ia
1173 3481 1221 3542 ln'e
1238 3489 1287 3542 tc·

102 3719 135 3786 p)
154 3720 242 3770 Plura
259 3722 420 3770 testamento
435 3717 623 3769 Romanorum
641 3716 746 3784 integra
763 3733 798 3769 ex
816 3717 930 3770 vetustis
949 3707 1086 3782 lapidibus
1097 3715 1214 3784 aliisque
1228 3730 1286 3768 mo·

48 3805 170 3856 narrentis
188 3800 297 3867 collegit
314 3804 397 3854 Bam.
416 3801 538 3854 Brisson.
558 3803 589 3852 cle
607 3802 698 3853 Form.
724 3799 785 3852 VII.
805 3818 835 3869 p.
852 3806 913 3856 677.
930 3820 967 3870 sq.
986 3807 1014 3853 ct
1031 3799 1165 3854 Mabillon
1182 3799 1211 3851 in
1230 3801 1288 3852 Ad·

44 3887 110 3950 prud
131 3889 164 3939 de
180 3899 212 3938 rc
230 3887 337 3954 diplom.
355 3886 403 3955 qui
419 3891 510 3938 temen
527 3890 556 3936 et
572 3890 764 3938 tesmonium
780 3885 849 3944 Iulii
867 3885 1002 3950 caesaris,
1021 3885 1164 3940 manifesto
1185 3899 1287 3950 suppo-

50 3968 157 4035 sititium,
176 3971 269 4024 retulit
285 3971 345 4023 hit.
368 3971 394 4023 V.
408 3968 458 4022 tob.
473 3971 498 4022 1.
517 3987 543 4022 n·
557 3970 615 4024 111.
633 3971 807 4024 Heia..1ntcr
826 3973 951 4036 exempla
970 3975 1191 4024 testamentorum
1206 3967 1288 4020 bodie

48 4055 140 4124 reliqua
158 4057 272 4120 eminet,
291 4057 327 4108 ad
345 4055 420 4123 quod
438 4059 634 4107 commentatus
659 4062 701 4108 est
719 4055 878 4122 Seviguius:
896 4055 1050 4122 Erilis-unp
1067 4056 1141 4106 einer
1153 4052 1288 4105 »Urlundc

21 4135 25 4140 ’
46 4138 83 4191 der
98 4143 217 4204 seclsten
234 4139 445 4202 mamacas,
463 4139 539 4193 nebat
554 4142 635 4193 ciuem
655 4139 796 4192 Abdruclre
815 4142 859 4193 dcc
881 4142 975 4194 Testes
994 4142 1078 4194 dieser
1102 4137 1242 4197 Urtsnde5
1259 4136 1288 4190 iu

46 4221 142 4276 Dessen
158 4223 371 4293 Ablandlunycn
383 4225 411 4276 in
429 4227 477 4278 dar
488 4224 566 4278 Bari.
579 4225 666 4278 Atad.
681 4227 832 4294 oorpelesen
849 4227 877 4279 in
894 4227 944 4278 den
962 4226 1068 4278 Jelrcn
1085 4226 1196 4276 lsstm.
1212 4226 1286 4276 isto.

47 4308 127 4371 (Berl.
147 4314 222 4364 1817.
241 4311 281 4376 1.)
301 4327 328 4376 p.
346 4314 459 4363 27-44.
485 4310 618 4363 Universa
636 4315 727 4364 autom
744 4313 866 4364 'immam
888 4311 1065 4379 reliquiorum
1082 4307 1165 4374 hujus
1182 4303 1288 4372 generis

45 4388 180 4448 illustravit
201 4397 267 4448 Ern.
290 4394 497 4461 Spaugeuberg:
516 4395 629 4462 Beitrap
652 4413 691 4448 zu
708 4397 756 4448 der
780 4397 868 4452 Labra
891 4411 941 4448 von
955 4396 1006 4446 den
1031 4395 1228 4452 Testamenta»,
1249 4390 1288 4444 im

46 4480 120 4532 Arcl.
131 4481 161 4548 f.
179 4483 227 4534 cio.
240 4481 291 4532 Pr.
305 4482 336 4532 Τ.
348 4482 383 4534 V.
394 4495 468 4532 num.
485 4484 513 4531 5.
530 4494 556 4544 p.
570 4485 714 4534 144-176.
731 4480 821 4534 Haud.
838 4482 923 4550 Plura
939 4485 1049 4532 exstant
1065 4483 1288 4532 testamentorum

47 4567 162 4630 exempla
179 4563 207 4617 iu
227 4564 314 4631 ejusd.
327 4563 540 4632 Spengenbergii
558 4563 620 4617 Jur.
635 4564 714 4619 Rom.
729 4564 780 4620 rat.
799 4573 884 4633 nepot.
901 4564 1001 4618 soban.
1012 4580 1039 4630 p.
1052 4567 1181 4617 55—131.
1199 4560 1287 4616 liniat
