3080 5154
385 351 813 428 nasammonas
836 382 882 428 nr
908 359 982 430 ΟΠ.
1204 343 1211 350 ’
1261 373 1310 440 81-

68 529 237 614 adparebit.
262 531 361 594 Gonf.
376 529 454 594 Ger.
472 530 590 596 Noodt
602 533 738 597 Dissert.
754 536 814 600 ΙΙΙ.
833 537 873 598 de
886 539 966 618 jure
979 544 1183 626 sumirs'ssrp.
1195 553 1227 606 et
1242 546 1310 626 tege

69 660 124 719 seg.
134 635 250 718 p.'778.
273 646 308 702 et
329 640 401 700 on.
420 641 444 700 1.
460 638 490 702 3.
507 661 541 723 p.
557 640 630 704 411.
647 662 693 724 sq.
714 641 790 706 Jan.
810 643 887 708 Vin.
913 644 1058 710 Gravina
1076 649 1114 712 ds
1137 650 1225 732 Oss'g.
1239 653 1309 733 jar.

67 753 112 810 esis.
133 751 151 810 l.
165 770 190 810 o.
315 801 322 806 .
1215 785 1219 793 ·

633 832 662 914 5.
684 829 735 894 aa.

482 945 671 1013 Frapmentum
690 947 753 1015 lepis
773 947 883 1018 Repiae.

138 1045 294 1111 Ceterum
323 1047 438 1132 regiae
462 1045 551 1110 illius
574 1047 671 1132 legis,
696 1047 755 1110 sub
782 1051 928 1134 auspicia
952 1053 1088 1138 Imperii
1109 1055 1309 1142 Vespasiani

63 1157 228 1238 repetitae,
246 1155 468 1238 fragmentum
488 1156 574 1218 bene
596 1155 731 1238 longum
748 1178 786 1219 ac
808 1161 978 1244 egregium
1003 1171 1111 1226 exstat
1135 1163 1169 1228 in
1194 1166 1309 1230 tabula

64 1285 159 1326 aenea
176 1262 379 1346 Capitolina,
397 1283 491 1347 quam
513 1262 547 1328 in
567 1263 783 1328 Lateranensi
802 1265 1074 1351 basilicaprimns
1088 1269 1186 1335 initio
1206 1273 1309 1336 seculi

61 1373 150 1435 XVI.
169 1369 347 1453 descripsit
372 1377 406 1433 et
427 1370 495 1431 nst.
521 1371 563 1431 II.
587 1372 626 1432 de
647 1373 781 1433 ms'rand.
803 1384 861 1435 oet.
889 1376 977 1436 Rem.
1002 1375 1109 1441 edidit
1131 1379 1247 1442 Franc.
1265 1380 1308 1443 de

61 1479 248 1561 Albertinis,
270 1498 314 1539 ex
341 1497 383 1554 eo
405 1497 486 1540 vero
510 1483 626 1562 postea
652 1497 799 1542 recusam
826 1481 921 1546 dedit
943 1482 1076 1548 Gruter.
1096 1485 1259 1568 Inscrs'ppt.
1274 1509 1309 1570 p.

63 1587 210 1648 curuli.
224 1587 271 1666 l¹),
296 1585 386 1669 cujus
408 1582 591 1670 γνησιόιητα
611 1585 646 1648 in
661 1586 794 1650 dubium
815 1612 834 1652 a
851 1589 1018 1654 nonnullis
1037 1601 1185 1660 vocatam
1197 1595 1309 1658 Hoto-

61 1718 172 1778 manus,
190 1694 373 1779 pluresque
393 1693 456 1756 viri
474 1691 665 1776 doctissimi,
690 1703 725 1758 et
743 1717 850 1780 nuper
870 1697 969 1762 etiam
988 1698 1166 1764 clarissima
1183 1699 1308 1766 Roma-

59 1825 114 1866 nae
130 1802 340 1887 antiquitatis
350 1800 696 1884 luminaBlanchinus,
706 1803 895 1888 Fabrottus,
910 1829 973 1872 nec
984 1829 1051 1874 non
1068 1816 1185 1893 postea
1195 1809 1308 1874 Iustus

59 1912 228 1993 Eccardus,
249 1908 307 1993 qui
323 1910 394 1993 ipse
415 1909 480 1974 hoc
496 1919 741 1976 monumentum
770 1913 943 1998 descripsit
964 1916 1181 1982 etluculenta
1199 1915 1308 2001 expli·

60 2021 182 2083 catione
208 2017 399 2100 illustravit,
413 2016 651 2103 ‘adgnoverunt
665 2019 709 2099 ¹).
736 2020 874 2086 Illorum
892 2024 1055 2108 epistolae
1081 2024 1167 2088 hanc
1184 2026 1218 2090 in
1237 2045 1307 2088 rem

60 2130 191 2212 scriptae
224 2133 356 2190 exstant
374 2124 461 2208 apud
487 2125 563 2190 Ian.
583 2125 739 2189 Vincent.
755 2127 889 2196 Gravia.
908 2133 928 2193 I.
947 2153 971 2194 a
988 2154 1022 2216 p.
1038 2132 1110 2197 231.
1129 2155 1173 2218 eq.
1196 2134 1307 2218 Ipsum

59 2258 130 2299 vero
143 2234 230 2298 illud
248 2234 334 2318 legis
349 2233 567 2317 fragmentum
589 2233 635 2314 ita
650 2255 685 2298 se
702 2233 805 2299 habet
818 2240 876 2317 ¹¹¹)=

131 2345 358 2433 Faunusque.
378 2373 456 2420 cun.
479 2372 610 2432 quinus.
635 2375 754 2420 vonur.
772 2373 909 2422 racana.
933 2377 1064 2424 arcear.
1081 2379 1148 2424 rra.
1171 2379 1239 2426 uri.
1256 2381 1306 2426 nr-

131 2475 222 2522 cuir.
244 2473 335 2520 urvo.
357 2471 435 2518 nus.
461 2473 505 2518 rr.
524 2473 632 2520 auaro.
649 2472 801 2522 causans.
816 2474 894 2522 auc.
910 2477 1124 2537 rinumoqun.
1144 2479 1302 2530 assumo.

132 2573 287 2622 causam.
299 2572 377 2620 aus.
394 2571 589 2618 aunuamco

134 2667 288 2758 U'I'IQUE·
307 2698 351 2743 111.
367 2695 536 2743 SENATUM·
549 2696 691 2744 HABERE.
703 2698 934 2746 RELATIONEM·
950 2701 1087 2747 FACERE·
1101 2701 1307 2748 nuurrrunu.

136 2793 476 2844 SENATUSGONSUL'I'A·
493 2793 566 2840 PER·
586 2795 816 2844 nunnrtounn.
829 2797 1150 2861 DISCESSIONEMQUII·
1169 2801 1306 2848 FACERE.

118 3012 152 3073 k)
169 3013 272 3064 Exstat
292 3010 373 3063 etiam
392 3008 420 3062 in
438 2997 594 3076 Spengenb.
612 3009 696 3080 antiq.
711 3013 792 3064 Rom.
810 3026 931 3062 monum.
950 3016 1039 3076 pem
1050 3017 1150 3066 -223,
1172 3011 1259 3066 natet

8 3107 10 3114 “
125 3099 149 3164 l)
170 3096 236 3151 Vid.
255 3101 283 3148 et
300 3093 423 3147 Niebuhr
440 3091 520 3148 num.
540 3096 637 3148 Gesch.
655 3111 681 3161 p.
699 3099 759 3148 366.
778 3094 819 3147 ed.
838 3099 863 3146 2.
889 3093 976 3146 mitt.

115 3183 159 3248 m)
182 3180 380 3247 scriptoribus,
399 3179 446 3247 qui
466 3180 518 3233 SC.
537 3180 571 3232 de
589 3180 704 3246 Imperio
723 3180 886 3246 Vespasiani
904 3181 947 3231 ret
964 3178 1180 3242 illustraverunt,
1197 3181 1241 3232 vel
1259 3180 1307 3231 de·

57 3281 105 3318 uuo
128 3273 271 3334 tamquam
294 3269 402 3331 partum
427 3265 632 3330 supposititium
655 3264 901 3330 impugnaverunt,
917 3264 1035 3318 addendi
1057 3266 1140 3331 Leop.
1160 3261 1309 3316 Mesenen

58 3350 107 3404 Lib.
123 3353 190 3420 sinp.
211 3352 242 3402 de
262 3351 317 3420 ispe
334 3351 423 3419 repta,
441 3367 487 3400 seu
506 3348 596 3401 tabula
614 3365 696 3400 aenea
714 3349 877 3416 Capitolina,
897 3351 979 3414 notis,
997 3345 1266 3402 animaduersionibus
1283 3354 1308 3398 et

59 3439 130 3488 vanis
148 3433 344 3506 qssoestianibus
360 3433 502 3486 illustrata.
522 3435 602 3486 Rom.
622 3438 697 3487 1787.
714 3437 739 3486 4.
756 3433 865 3486 Ernesti
881 3435 946 3488 Eae.
964 3435 1006 3488 ΙΙ.
1023 3433 1060 3486 ad
1080 3431 1200 3487 Tacitum
1219 3433 1249 3486 T.
1267 3431 1308 3486 11.

57 3525 146 3586 11869
166 3547 201 3560 -
215 3525 276 3574 866.
297 3521 337 3572 ed.
361 3518 478 3572 Oberlia.
497 3519 628 3570 Peteon
648 3518 740 3586 Spaan
757 3519 828 3572 Dies.
848 3521 879 3572 de
899 3519 1131 3589 unumpate
1158 3519 1311 3588 Vespasiani
1375 3525 1380 3534 '

59 3609 123 3674 apud
142 3607 292 3660 Gruterum
315 3605 345 3656 T.
357 3603 398 3656 ΙΙ.
414 3621 442 3671 p.
461 3601 829 3672 auscultantem.
849 3607 924 3658 1768.
942 3609 967 3658 4.
984 3605 1072 3661 Andr.
1094 3603 1165 3658 (tuit
1187 3603 1310 3656 Orameri

63 3689 152 3745 Cosam.
172 3693 206 3743 de
230 3691 283 3742 uita
308 3697 334 3740 et
357 3687 516 3755 leputatiene
545 3687 698 3755 Vespasiani
716 3686 796 3754 (Jen.
816 3693 891 3742 1785.
909 3690 954 3756 8.)
973 3707 1001 3758 ρ.
1018 3694 1052 3743 20
1067 3716 1098 3728 ·-
1115 3691 1157 3741 83.
1177 3693 1204 3739 ct
1224 3688 1308 3757 capte

63 3774 129 3828 Sus-ii
143 3776 195 3829 Or.
208 3777 237 3827 s'a
251 3773 314 3841 lepis
329 3773 417 3839 reptas
428 3779 566 3839 petrones.
585 3771 679 3823 Uitrai.
694 3773 769 3824 1798.
781 3778 807 3825 4.
825 3773 953 3826 Ceterum
965 3789 1016 3826 nos
1035 3780 1140 3826 textum
1153 3771 1204 3824 SC.
1217 3787 1309 3824 emen·

61 3859 177 3913 desimus
204 3859 241 3911 ad
264 3858 435 3922 exemptum,
454 3855 530 3924 quod
552 3854 625 3908 inest
651 3855 741 3908 Musei
760 3856 902 3926 Capitoiins'
927 3859 1040 3928 antiquis
1063 3855 1274 3926 inscriptionibus
1292 3875 1309 3909 a
1395 3917 1399 3930 Ι

60 3944 150 3999 Frena.
164 3945 272 4012 diaspen.
294 3942 398 3994 Gaesao
416 3957 487 3994 nunc
499 3941 618 4008 pomum
636 3940 795 4010 conjunctim
812 3943 888 3996 editis
904 3945 1025 4014 notisque
1042 3943 1181 3997 iliustratis
1203 3941 1232 3993 Τ.
1251 3939 1309 3992 ΙΙΙ.

62 4027 148 4093 (Rem.
169 4031 244 4082 1775.
252 4028 298 4096 s.)
316 4047 339 4080 c.
361 4032 398 4080 12,
418 4044 489 4079 num.
503 4029 577 4078 1391.
585 4042 615 4094 p.
632 4029 691 4078 246.
707 4043 744 4094 sq.
762 4043 777 4078 e
792 4043 847 4096 quo
865 4043 947 4094 opere
964 4027 993 4079 in
1010 4027 1052 4079 his
1071 4032 1141 4079 certe
1153 4025 1209 4077 oris
1227 4023 1309 4076 raris·

61 4110 122 4164 suno
140 4115 207 4166 haec
222 4112 257 4164 de
274 4109 389 4163 historia
406 4112 516 4163 tabulae
533 4113 643 4162 enotare
660 4109 749 4162 lubet:
765 4148 783 4172 ,‚
794 4107 896 4164 Tabula
914 4113 979 4164 taes
992 4113 1083 4180 prime
1101 4117 1209 4178 reperta
1226 4116 1266 4160 est
1281 4108 1321 4159 in'

61 4194 159 4248 adibus
176 4194 403 4252 Lateransnsidus
425 4197 531 4250 sedente
552 4195 684 4262 Clemente
708 4195 752 4248 VI.
777 4196 891 4251 intras.
912 4197 1110 4250 1342-1363.
1141 4195 1229 4251 Quum
1247 4210 1310 4244 uere

60 4279 126 4332 urbis
140 4299 194 4350 pes·
211 4285 263 4334 asia
277 4282 413 4350 potiretur
432 4279 558 4334 Itir'cslaus
574 4279 716 4332 Laurentii
722 4279 801 4348 filius
814 4282 905 4350 (eulpa
921 4281 985 4334 Gela
1003 4280 1031 4332 ds'
1044 4278 1155 4346 Rsnzo)
1170 4295 1239 4330 anno
1258 4277 1310 4329 cir-

62 4365 120 4414 citer
139 4370 214 4419 1361.
234 4367 432 4418 circumornata
449 4374 488 4418 est
496 4365 612 4433 fiqurs's;
629 4364 677 4415 sed
693 4365 811 4432 neplecta
829 4368 933 4418 omnino
949 4364 1045 4417 mansit
1060 4380 1141 4432 usque
1159 4363 1196 4414 ad
1212 4379 1309 4415 annum

60 4447 115 4513 ptus
132 4453 216 4504 missus
236 4455 313 4504 1576.
333 4469 398 4520 quo,
408 4449 519 4520 putente
541 4449 671 4518 Gregorio
693 4449 781 4502 XIII.
798 4451 826 4502 in
848 4449 1005 4518 Capitolium
1023 4445 1152 4501 monetata
1170 4454 1215 4498 est.
1243 4447 1310 4497 Mos

64 4549 117 4585 vero
126 4519 237 4604 pristine
250 4537 372 4590 restituta
383 4537 465 4589 nitori
475 4553 492 4586 a
508 4533 638 4586 Clemente
654 4535 725 4588 XII.
738 4544 828 4588 nostro
844 4535 872 4588 in
891 4535 984 4588 Musca
996 4535 1124 4589 collocata
1137 4531 1201 4583 est.”
1220 4529 1307 4583 Hassis.

1093 4618 1114 4678 6
