3030 5160
417 417 419 426 ¹
466 387 522 459 m
547 386 856 463 Oomoamoumus.

445 682 519 742 Quid
536 690 688 738 amcam
705 690 731 734 ct
749 680 888 735 delictum?

107 785 229 850 Porro
251 803 366 850 omnes
385 784 610 868 obligationes
625 782 714 846 nasci
734 790 864 846 constat
885 782 942 848 vel
957 782 1073 865 ἀμέσως
1087 803 1132 850 ex
1147 785 1293 851 naturali

22 898 194 975 aequitate
207 893 264 958 sel
283 896 367 976 Iege,
382 892 437 958 vel
453 915 496 956 ex
512 896 614 973 sacto,
630 911 739 976 eoque
754 889 811 955 vel
831 893 913 954 acuo
926 889 984 955 vel
1001 895 1115 955 dicato.
1137 890 1233 969 Quae
1248 911 1292 958 ex

22 1001 115 1064 facto
133 1000 235 1065 licito
251 1000 456 1065 descendunt
470 999 705 1083 obligationes,
722 1015 946 1064 coussacrus
963 999 1131 1064 dicuntum
1145 1021 1232 1085 quae
1248 1023 1292 1068 ex

22 1109 174 1191 illicito,
207 1125 354 1172 numum
386 1107 441 1174 vel
469 1107 653 1172 uannmcri
681 1106 836 1170 audiunt:
871 1105 947 1192 Gaji
976 1109 1054 1170 Inar.
1076 1107 1120 1170 ΙΙ.
1141 1107 1173 1170 9.
1190 1113 1293 1190 prosc.

25 1217 228 1295 (comment.
246 1217 310 1280 ΠΙ.
327 1217 394 1298 88.)
421 1217 618 1280 Contractus
640 1236 739 1300 quum
761 1235 921 1279 consensu
935 1214 1105 1296 ineantur,
1125 1213 1219 1300 isque
1236 1215 1292 1282 vel

23 1344 121 1386 verm
143 1321 210 1406 sit,
225 1323 287 1389 vel
298 1335 522 1407 praesumtae,
535 1323 578 1405 ii,
596 1323 653 1408 qui
674 1342 718 1384 ex
741 1341 821 1385 vero
843 1331 1029 1405 nascuntur,
1052 1339 1293 1400 consutorum

24 1431 153 1514 quiex
183 1439 389 1515 praesumto,
418 1447 519 1507 Qunsl
546 1446 770 1494 consulentis
789 1430 1001 1514 adpellantur
1015 1433 1059 1511 ο).
1093 1428 1134 1493 In
1161 1429 1293 1496 delictis

26 1561 169 1624 quoque
185 1538 241 1603 vel
259 1542 348 1603 dolus
364 1539 538 1617 concurrit,
552 1538 607 1602 vel
621 1541 714 1622 cubio
730 1546 867 1602 tantum.
888 1538 925 1601 Si
940 1537 1046 1620 dolus,
1065 1554 1180 1602 VERUM
1196 1557 1293 1602 nunr-

26 1665 143 1723 cuuns3
172 1647 220 1712 sin
237 1647 351 1731 culpa,
368 1663 469 1723 Quasi
487 1663 662 1712 nnmerum
680 1645 759 1710 inde
780 1646 940 1710 nascitur:
963 1645 1135 1710 Thomasii
1150 1647 1236 1709 Dr'ss.
1253 1647 1293 1708 de

27 1777 86 1818 usu
96 1764 212 1839 praet.
228 1760 340 1820 activa.
356 1757 479 1818 advers
490 1757 634 1838 judicans
645 1758 787 1836 imperate
796 1756 897 1838 judic.
912 1754 941 1835 §.
956 1752 986 1816 2.

626 1931 656 2015 ς.
677 1935 708 1995 r.

361 2049 435 2107 Quid
450 2049 554 2102 intersit
570 2049 641 2102 inter
655 2057 736 2118 pacta
754 2059 780 2102 et
796 2056 963 2104 contractus?

113 2149 352 2214 Con'rlsncrus
367 2151 396 2232 s)
423 2169 505 2232 ergo
528 2149 562 2211 in
585 2170 620 2212 se
645 2150 846 2214 considerati
868 2150 1029 2216 Romanis
1049 2151 1292 2218 Jureconsultis

34 2266 104 2326 sunt
126 2257 391 2338 conventiones,
408 2259 526 2346 quibus
542 2256 678 2322 subsunt
692 2271 826 2321 caussae
848 2258 980 2337 civiles,
995 2260 1030 2323 id
1047 2268 1114 2342 est,
1131 2260 1292 2345 ejusmodi

33 2367 190 2449 negotia,
206 2387 291 2450 quae
300 2365 377 2450 jure
393 2364 483 2429 civili
498 2372 633 2450 recepta
649 2365 802 2450 adeoque
821 2365 946 2438 idonea¹
960 2372 1034 2428 sunt
1049 2367 1091 2430 ad
1106 2368 1292 2452 producen-

35 2473 105 2536 dam
134 2472 397 2558 obligationem:
424 2473 504 2538 Ger.
528 2472 645 2537 Noodt
668 2473 707 2535 de
725 2481 811 2555 pact.
834 2479 865 2534 ct
891 2481 1044 2536 transcat.
1069 2497 1095 2536 c.
1116 2474 1146 2536 9.
1164 2496 1198 2557 p.
1220 2473 1309 2537 673(

35 2580 159 2646 Paullo
175 2580 274 2645 aliter
289 2601 354 2665 ego
370 2587 556 2646 contractus
571 2603 590 2644 a
606 2581 711 2667 pactis
727 2581 906 2666 distinguo.
923 2581 1062 2646 Pactum
1079 2583 1165 2646 enim
1182 2601 1292 2666 neque

36 2711 159 2754 nomen
176 2698 210 2753 ct
230 2710 393 2770 caussam,
412 2696 614 2754 contractum
633 2696 689 2753 aut
705 2711 825 2753 nomen
846 2698 881 2754 et
895 2711 1058 2772 caussam,
1075 2698 1132 2754 aut
1148 2698 1250 2772 certe,
1266 2691 1293 2753 si

36 2800 171 2861 nomine
195 2805 303 2878 caret,
319 2818 463 2860 caussam
485 2796 779 2880 habereoportet:
801 2798 840 2862 L.
858 2797 889 2859 7.
904 2798 933 2880 §.
949 2797 979 2861 1.
994 2806 1029 2862 et
1042 2797 1072 2861 2.
1088 2801 1129 2860 D.
1145 2801 1185 2862 de
1200 2802 1293 2860 Paci.

37 2903 175 2972 Habre
191 2912 301 2968 autem
320 2925 441 2968 nomen
457 2905 587 2987 dicitur,
609 2903 661 2967 cui
677 2904 838 2988 ejusmodi
856 2903 996 2970 inditum
1021 2913 1070 2972 est
1084 2905 1293 2983 vocabulum,

39 3013 126 3097 quod
145 3012 308 3097 producat
329 3012 493 3076 actionem
510 3010 656 3096 ejusdcm
675 3011 834 3094 nominis,
848 3012 897 3076 uti
919 3021 1104 3078 contractus
1123 3012 1293 3078 nominati.

39 3120 193 3188 caussam
216 3143 297 3184 vero
320 3119 424 3185 habet
450 3121 638 3205 negotium,
666 3119 756 3204 quod
780 3118 875 3182 vela
897 3125 948 3184 rei
969 3125 1135 3187 traditsbne
1159 3120 1293 3200 (aliove

40 3211 160 3311 facto),
177 3228 233 3293 vel
248 3251 267 3292 a
281 3230 382 3291 verbali
400 3229 606 3301 sollemnibus,
619 3228 674 3290 vel
691 3251 708 3292 a
724 3231 846 3302 litteris,
860 3227 916 3290 vel
932 3250 951 3291 a
968 3249 1122 3292 consemu
1140 3229 1182 3291 de
1195 3249 1295 3311 prae·

40 3339 121 3402 senti
150 3335 302 3400 effectum
329 3335 435 3398 sumit.
463 3335 563 3399 Unde
587 3342 813 3399 contractuum
838 3335 871 3397 in
897 3357 971 3418 eos,
999 3335 1055 3420 qui
1081 3353 1143 3417 ltu,
1164 3351 1293 3418 VERBIS,

41 3459 196 3508 mumulus
211 3443 268 3507 vel
286 3459 459 3507 consnnsu
474 3443 638 3526 ineuntur,
657 3443 785 3507 divisio.
806 3444 890 3507 Ideo
906 3445 945 3506 do
961 3453 997 3506 ut
1013 3445 1080 3519 des,
1095 3443 1180 3523 (sive
1194 3443 1292 3542 etiam

35 3551 119 3627 facio
136 3561 170 3614 ut
188 3554 243 3614 dos
261 3549 337 3631 rel.)
356 3552 535 3614 conventio
555 3560 604 3615 est
624 3541 694 3615 sirie
713 3553 863 3633 nomine,
880 3551 955 3632 sed,
975 3533 1053 3636 unia
1069 3560 1180 3616 tamen
1199 3574 1218 3614 a
1235 3551 1298 3618 da·.

42 3658 131 3724 tione
153 3659 209 3722 vel
235 3659 324 3722 facto
349 3659 461 3723 sumsit
487 3659 658 3736 effectum,
680 3641 905 3724 contractibus
924 3659 1178 3741 accensetur).
1203 3661 1294 3721 Dabo

43 3774 76 3826 ut
96 3769 153 3829 des
185 3774 271 3829 essct
293 3766 415 3829 nudum
439 3773 588 3850 pactum,
621 3766 700 3851 quia
723 3765 815 3831 nulla
840 3789 952 3831 caussa
982 3767 1164 3852 praecedit.
1193 3767 1309 3860 Unde!

108 3990 141 4056 e)
162 3987 351 4056 obligationes
369 3985 448 4056 qussi
466 4005 502 4042 ex
519 3993 658 4043 contractu
677 4005 723 4042 ees
744 4004 812 4055 esse,
836 3989 936 4057 quibus
953 4005 1102 4044 consensus
1121 3995 1294 4056 praesumto

44 4075 138 4138 subsit,
156 4076 248 4128 miuus
271 4080 397 4128 accurate
419 4073 526 4128 dicitur.
552 4075 607 4127 Sed
625 4073 653 4128 id
679 4076 823 4143 anquirere
845 4073 889 4126 bic
915 4071 982 4124 nibil
1007 4072 1111 4128 attinet.
1134 4075 1176 4128 Cf.
1194 4080 1294 4140 amco,

45 4156 87 4224 sis,
108 4159 218 4212 Weber
231 4176 281 4212 oon
300 4161 349 4212 der
365 4158 465 4214 natiirl.
493 4157 622 4214 Verbiadl.
640 4161 661 4226 ξ.
675 4165 701 4214 9.
720 4160 807 4214 Milli.

108 4246 139 4312 l)
161 4246 232 4298 Sunt
247 4249 275 4296 et
292 4245 346 4298 alia
361 4249 547 4298 contractuum
562 4244 681 4298 nomina.
702 4246 843 4298 Vocantur
862 4242 934 4296 euim
953 4241 1175 4308 συναλλάγματα,
1190 4248 1294 4315 negotio

44 4329 135 4389 civilia,
153 4347 270 4391 caussae,
288 4349 395 4384 caussae
413 4330 509 4391 civiles,
518 4330 631 4397 formae
648 4331 752 4398 negotii,
771 4338 920 4384 conductus
937 4328 1036 4396 aegon's'
1052 4329 1095 4380 vel
1111 4333 1215 4397 negotio
1232 4349 1294 4384 coa·

46 4419 149 4468 tractus.
168 4416 257 4468 Locos
274 4414 377 4482 colligit
397 4417 459 4468 Ger.
474 4416 569 4470 Noodt
586 4414 648 4467 ibid.
665 4434 687 4467 c.
700 4420 725 4468 9.
739 4433 769 4484 p.
780 4420 841 4469 673.
860 4416 939 4468 Heia.
1036 4440 1040 4452 ·

74 4512 78 4521 ‘
109 4502 142 4568 g)
166 4499 253 4552 Gaura
266 4499 333 4566 quid
348 4498 428 4552 luerit
446 4500 590 4563 veteribus,
608 4505 675 4559 tum,
695 4501 834 4568 quomodo
851 4505 1006 4554 contractus
1020 4499 1158 4552 differrent
1169 4513 1186 4550 a
1198 4500 1292 4564 pactis,

46 4579 159 4655 itemque
178 4582 311 4638 nominati
335 4589 490 4649 contractus
516 4585 550 4638 ab
578 4583 761 4652 innominatis,
785 4602 856 4657 quos
877 4591 984 4651 vocant,
1011 4601 1065 4640 non
1083 4599 1139 4638 uua
1156 4583 1292 4653 hodieque
