3062 5164
201 356 271 424 344
511 299 516 311 Ι
672 348 751 417 [aa.
777 346 931 418 IL'Trr.
954 349 981 416 l.

199 528 287 614 jugi,
299 527 397 590 ruodo
411 524 474 588 sibi
486 534 522 588 et
543 524 618 606 suis,
628 526 685 610 qui
700 524 735 588 in
751 531 918 610 potestate
933 523 1035 588 futuri
1049 523 1130 588 sint:
1145 523 1283 587 Gruteri
1298 523 1465 602 loscn'ptt.

210 656 247 716 p.
262 632 522 696 DOOGOXGIII.
536 655 569 696 n.
582 633 630 715 4.,
647 631 748 696 modo
769 631 893 698 diserte
908 633 1089 712 cavebant,
1110 619 1253 716 ne'qnos
1273 628 1411 694 inferre
1424 626 1466 690 li-

206 749 314 822 ceret,
337 739 400 804 nisi
427 763 565 826 quorum
585 741 719 805 nomina
744 740 866 825 scripta
895 741 977 822 sint,
999 751 1033 805 et
1066 739 1184 825 quibus
1206 738 1368 802 conditor
1395 737 1465 820 ejus

206 848 349 933 sepulcri
365 847 487 912 diserte
506 850 645 913 caverit:
664 849 798 914 Gruteri
814 851 977 930 Inacrs'ptt·¹
988 871 1023 931 p.
1038 847 1248 911 DOGOGXO.
1263 869 1297 908 n.
1311 845 1344 908 2.

788 1027 817 1110 s.
837 1027 867 1090 a.

735 1145 791 1196 Res
807 1153 923 1198 sanctae.

289 1223 405 1308 Divini
423 1244 666 1332 quodammodo
677 1245 762 1330 juris
779 1246 987 1310 habebantur
1006 1246 1104 1309 etiam
1124 1267 1176 1307 res
1195 1260 1367 1325 santerna,
1385 1264 1461 1327 qua·

207 1353 257 1416 les
273 1363 367 1418 erant
383 1353 476 1430 muri,
494 1374 562 1416 uon
580 1354 679 1416 modo
697 1353 853 1436 Romani,
868 1353 927 1417 sed
944 1363 980 1417 et
997 1374 1111 1416 omnes
1130 1354 1217 1415 circa
1233 1351 1302 1414 alia
1322 1350 1461 1436 oppida:
1515 1343 1516 1434 l

206 1462 324 1524 Festus
343 1463 403 1526 suh
421 1483 505 1526 voce
529 1465 712 1545 religiosos:
734 1462 773 1524 L.
790 1461 819 1525 8.
834 1463 863 1546 §.
877 1463 908 1526 2.
927 1463 969 1525 D.
984 1464 1013 1524 b.
1032 1471 1054 1523 t.
1077 1470 1111 1524 et
1132 1482 1175 1524 ex
1194 1459 1273 1545 Gaji
1293 1460 1456 1523 sententia
1515 1439 1516 1486 ἢ

208 1569 306 1634 etiam
324 1577 450 1654 portae.
472 1569 520 1633 At
538 1568 734 1633 Plutarchus
754 1569 1088 1647 Quaest.1tom.c.27.
1107 1590 1215 1633 muros
1230 1567 1384 1654 quidem,
1398 1589 1456 1630 nou

206 1699 287 1742 vero
306 1673 436 1762 portas,
464 1686 594 1742 sanctos
618 1699 689 1741 esse
713 1678 768 1741 ait.
791 1677 898 1756 Quam
922 1677 1177 1741 controversiam
1203 1675 1305 1740 facile
1335 1686 1372 1741 et
1394 1679 1452 1740 sine
1515 1695 1516 1758 p

163 1815 168 1830 ·
206 1785 351 1872 pulveris
363 1787 458 1871 jactu
478 1807 665 1871 componas.
687 1785 808 1850 Sancta
821 1806 873 1848 res
888 1785 1009 1850 dicitur
1022 1785 1078 1849 vel
1102 1787 1146 1850 oh
1162 1789 1375 1866 sanctionem,
1397 1807 1454 1870 qua
1515 1847 1516 1872 ,

207 1916 260 1956 res
276 1894 324 1957 ita
339 1893 465 1958 munita
480 1902 548 1975 est,
572 1902 608 1958 ut
622 1893 742 1957 violari
763 1895 897 1979 impune
917 1893 1007 1958 haud
1021 1894 1140 1981 possit:
1150 1939 1152 1943 -
1162 1893 1282 1964 Festus
1298 1895 1356 1957 sub
1374 1915 1449 1956 voce

207 2011 352 2096 sapatum
365 2025 396 2084 p.
412 2001 484 2064 423.
501 2001 688 2064 Marcianus
705 2002 744 2063 L.
760 2001 790 2065 8.
812 2004 852 2065 D.
870 2005 901 2066 Ιι.
921 2011 943 2064 t.
959 2002 1016 2067 ubi
1033 2003 1132 2067 etiam
1153 2003 1322 2084 observat,
1336 2002 1453 2065 dictum
1515 2001 1516 2064 l

206 2119 351 2198 sanctum
370 2131 441 2174 esse
464 2133 483 2173 a
507 2109 706 2194 sagminibus
727 2108 857 2192 herbis,
877 2133 956 2196 quas
980 2111 1107 2196 signum
1131 2109 1231 2174 fuisse
1251 2109 1453 2174 inviolabili·
1515 2093 1516 2140 ¹

206 2216 283 2282 tatis
311 2218 400 2282 inter
421 2239 535 2281 omnes
563 2225 699 2281 constat.
727 2217 778 2282 Cf.
801 2219 919 2282 Festus
947 2219 1007 2282 snb
1034 2241 1119 2282 voce
1143 2224 1301 2302 sagmina.
1330 2219 1378 2282 Et
1398 2217 1454 2280 hoc

207 2347 303 2391 sensu
326 2327 425 2390 etiarn
451 2337 568 2411 portae
597 2335 690 2390 erant
714 2335 863 2409 sanctae,
889 2326 1051 2414 siqnidem
1078 2336 1112 2390 et
1133 2327 1233 2403 hasce
1257 2327 1453 2391 violantibus

207 2434 350 2520 capitale
372 2434 575 2519 propositum
597 2441 668 2496 erat
682 2434 894 2519 supplicium:
918 2436 955 2497 L.
970 2433 1000 2510 2.
1016 2447 1047 2499 et
1061 2436 1091 2500 3.
1107 2437 1151 2498 h.
1175 2434 1228 2497 Ne
1246 2437 1327 2516 quid
1344 2440 1379 2498 ιἰι
1400 2437 1454 2496 loco

205 2563 296 2604 sacro
306 2544 384 2622 siut.
414 2539 483 2604 Vel
501 2548 612 2605 sancta
636 2541 799 2625 dicuntur,
819 2565 905 2628 quae
925 2565 987 2628 per
1006 2543 1184 2608 sollemnes
1203 2543 1367 2627 quasdam
1390 2563 1452 2606 cae

205 2648 361 2712 rimonias
383 2646 633 2732 dedicabantur,
649 2658 684 2713 et
698 2652 763 2714 hoc
778 2672 873 2715 sensu
889 2651 963 2715 sola
983 2652 1116 2716 moenia
1132 2672 1171 2714 ac
1187 2653 1382 2736 pomoeria,
1397 2672 1450 2714 nou

206 2757 285 2818 item
306 2764 441 2841 portae,
461 2766 574 2821 sancta
592 2759 818 2840 habebantur,
840 2759 920 2843 quia
942 2765 1003 2844 per
1025 2760 1084 2823 has
1108 2781 1161 2822 res
1188 2759 1289 2822 etiam
1312 2760 1453 2844 impurae
1515 2819 1516 2824 ,

207 2863 285 2927 ferri
301 2863 445 2951 vehique
461 2865 613 2930 solebant
628 2870 670 2948 ¹).
1515 2841 1516 2900 3

647 3039 654 3050 ’
734 3022 736 3030 ’
791 3030 820 3112 g
841 3028 872 3091 9.

371 3141 452 3196 Ritus
465 3144 494 3196 ιἰι
511 3145 652 3198 condendis
665 3143 773 3198 urbibus
790 3153 817 3196 et
834 3147 999 3199 exstruendus
1017 3146 1151 3200 moenita
1168 3144 1286 3198 adhibiti.

290 3240 431 3334 Quoties
448 3254 506 3309 ant
524 3247 600 3309 urbs
620 3265 709 3308 nova
725 3247 936 3329 exstruenda,
957 3255 1011 3311 aut
1032 3247 1164 3310 colonia
1182 3243 1364 3309 condenda
1380 3249 1444 3322 erat,
1515 3237 1516 3300 ζ

206 3350 307 3414 toties
327 3351 482 3415 conditor
499 3353 554 3417 vel
575 3353 742 3416 Triumvir
761 3353 914 3419 coloniae
938 3354 1172 3436 deducendae,
1194 3355 1305 3417 cinctu
1327 3352 1448 3418 Gabino
1515 3397 1516 3400 ,

206 3465 356 3539 ornatus,
376 3469 487 3524 aratro
507 3463 643 3546 aptabat
662 3481 801 3525 aeneum
822 3483 1005 3544 vomerem,
1016 3462 1206 3547 junctisque
1226 3463 1352 3546 bobus,
1373 3481 1451 3525 mare

207 3574 243 3630 et
259 3565 394 3650 semina,
410 3565 481 3652 ipso
501 3568 621 3633 circum
638 3559 841 3634 lineamenta
858 3570 1056 3656 profundum
1076 3570 1221 3635 ducebat
1242 3570 1380 3634 sulcum.
1401 3570 1452 3632 Se

207 3675 395 3758 quebantur
421 3675 550 3761 coloni,
575 3684 610 3740 et
634 3678 760 3740 excisas
783 3687 893 3743 aratro
920 3679 1036 3765 glebas
1057 3679 1145 3743 intro
1173 3679 1362 3742 vertebant.
1394 3675 1453 3743 Ubi
1515 3741 1516 3746 ,

206 3789 335 3866 portam
351 3803 423 3847 esse
439 3782 616 3866 volebant,
632 3773 768 3850 vomere
791 3797 936 3870 exemto,
954 3797 1054 3873 atque
1069 3795 1178 3850 aratro
1195 3785 1336 3868 sublato,
1359 3786 1453 3851 relin-

191 3892 356 3993 ·quebant
377 3892 526 3975 spatium.
547 3892 660 3956 Ducto
681 3893 783 3976 sulco,
805 3917 880 3959 curn
896 3896 1000 3970 boves
1023 3894 1092 3977 illi,
1108 3902 1176 3958 tum
1197 3894 1284 3959 aliae
1305 3895 1453 3960 victimae
1515 3925 1516 3930 .

206 3997 462 4080 immolabantur
485 3998 547 4062 Dis
573 4001 808 4087 medioxumis,
828 4011 863 4066 et
885 4011 953 4068 tum
977 4003 1105 4067 demum
1132 4003 1341 4068 exstruendis
1364 4001 1454 4066 muris
1515 4027 1516 4118 p

208 4105 471 4171 admovebantur
492 4127 619 4173 manusc
640 4110 810 4174 Plutarchi
831 4112 972 4187 Quaerit.
992 4113 1081 4174 Rom.
1098 4133 1124 4174 c.
1141 4111 1192 4174 27.
1212 4119 1246 4175 et
1264 4116 1318 4174 vit.
1335 4109 1457 4173 Romuli
1515 4135 1516 4184 l

192 4196 233 4274 c.
249 4211 300 4274 11.
320 4214 421 4277 Dion.
435 4213 513 4278 Hel.
533 4217 557 4278 Ι.
574 4215 624 4280 88.
646 4218 736 4282 Hinc
752 4219 788 4282 in
803 4219 909 4282 numis
926 4218 1131 4282 coloniarum
1145 4219 1216 4282 fere
1237 4239 1368 4304 semper
1384 4237 1454 4280 con·
1515 4191 1516 4212 Χ

240 4505 246 4514 ,
278 4453 306 4520 r)
326 4451 405 4508 Muri
422 4459 449 4506 et
465 4461 561 4519 portae
577 4455 694 4510 civitatis
712 4473 747 4510 an
766 4457 822 4510 sint
838 4473 882 4512 res
901 4461 1024 4521 metae,
1042 4457 1165 4523 disputat
1182 4460 1216 4513 G.
1235 4455 1376 4512 d'Arnaud
1400 4452 1452 4505 Ver·

212 4534 329 4607 Conject.
347 4539 380 4594 L.
400 4545 423 4592 l.
442 4557 464 4592 c.
484 4545 524 4594 ts
545 4540 627 4595 Coun.
