<?xml version="1.0" encoding="UTF-8"?>
<!DOCTYPE html PUBLIC "-//W3C//DTD XHTML 1.0 Transitional//EN"
    "http://www.w3.org/TR/xhtml1/DTD/xhtml1-transitional.dtd">
<html xmlns="http://www.w3.org/1999/xhtml" xml:lang="en" lang="en">
 <head>
  <title>
</title>
<meta http-equiv="Content-Type" content="text/html;charset=utf-8" />
  <meta name='ocr-system' content='tesseract 3.04.00' />
  <meta name='ocr-capabilities' content='ocr_page ocr_carea ocr_par ocr_line ocrx_word'/>
</head>
<body>
  <div class='ocr_page' id='page_1' title='image "./jogottliebheine00haubgoog_0027.png"; bbox 0 0 3130 5148; ppageno 0'>
   <div class='ocr_carea' id='block_1_1' title="bbox 610 1035 1093 1130">
    <p class='ocr_par' dir='ltr' id='par_1_1' title="bbox 610 1035 1093 1130">
     <span class='ocr_line' id='line_1_1' title="bbox 610 1035 1093 1130; baseline 0.002 -18"><span class='ocrx_word' id='word_1_1' title='bbox 610 1035 1093 1130; x_wconf 78' lang='lat' dir='ltr'><strong>EPIGRISI&#39;S,</strong></span> 
     </span>
    </p>
   </div>
   <div class='ocr_carea' id='block_1_2' title="bbox 277 1247 1416 1334">
    <p class='ocr_par' dir='ltr' id='par_1_2' title="bbox 277 1247 1416 1334">
     <span class='ocr_line' id='line_1_2' title="bbox 277 1247 1416 1334; baseline -0.001 -39"><span class='ocrx_word' id='word_1_2' title='bbox 277 1247 373 1308; x_wconf 75' lang='lat' dir='ltr'><strong>QUAM</strong></span> <span class='ocrx_word' id='word_1_3' title='bbox 396 1248 494 1294; x_wconf 80' lang='lat' dir='ltr'><strong>OPERI</strong></span> <span class='ocrx_word' id='word_1_4' title='bbox 516 1247 745 1334; x_wconf 72' lang='lat' dir='ltr'><strong>Huluuccqtuo</strong></span> <span class='ocrx_word' id='word_1_5' title='bbox 767 1247 967 1296; x_wconf 72' lang='lat' dir='ltr'><strong>tuoruum</strong></span> <span class='ocrx_word' id='word_1_6' title='bbox 989 1249 1205 1315; x_wconf 79' lang='lat' dir='ltr'><strong>HAUBOLDUS,</strong></span> <span class='ocrx_word' id='word_1_7' title='bbox 1227 1251 1416 1297; x_wconf 85' lang='lat' dir='ltr'><strong>EXORDlUM.</strong></span> 
     </span>
    </p>
   </div>
   <div class='ocr_carea' id='block_1_3' title="bbox 792 1421 898 1458">
    <p class='ocr_par' dir='ltr' id='par_1_3' title="bbox 792 1421 898 1458">
     <span class='ocr_line' id='line_1_3' title="bbox 792 1421 898 1458; baseline 0 -10"><span class='ocrx_word' id='word_1_8' title='bbox 792 1421 898 1458; x_wconf 43' lang='lat'><strong>*4-</strong></span> 
     </span>
    </p>
   </div>
   <div class='ocr_carea' id='block_1_4' title="bbox 104 1567 1476 4592">
    <p class='ocr_par' dir='ltr' id='par_1_4' title="bbox 104 1567 1476 3195">
     <span class='ocr_line' id='line_1_4' title="bbox 104 1567 1475 1692; baseline 0.002 -22"><span class='ocrx_word' id='word_1_9' title='bbox 104 1645 111 1651; x_wconf 89' lang='lat'><em>-</em></span> <span class='ocrx_word' id='word_1_10' title='bbox 221 1567 344 1688; x_wconf 77' lang='lat' dir='ltr'><strong>Quod</strong></span> <span class='ocrx_word' id='word_1_11' title='bbox 366 1604 634 1690; x_wconf 80' lang='lat' dir='ltr'><strong>ablegationibus</strong></span> <span class='ocrx_word' id='word_1_12' title='bbox 656 1605 699 1669; x_wconf 90' lang='lat' dir='ltr'><strong>ad</strong></span> <span class='ocrx_word' id='word_1_13' title='bbox 720 1606 992 1691; x_wconf 71' lang='lat' dir='ltr'><strong>eajomaliaque</strong></span> <span class='ocrx_word' id='word_1_14' title='bbox 1021 1606 1227 1692; x_wconf 73' lang='lat' dir='ltr'><strong>antiquitatis</strong></span> <span class='ocrx_word' id='word_1_15' title='bbox 1251 1616 1475 1692; x_wconf 85' lang='lat' dir='ltr'><strong>monumenta,</strong></span> 
     </span>
     <span class='ocr_line' id='line_1_5' title="bbox 219 1704 1476 1800; baseline 0.003 -24"><span class='ocrx_word' id='word_1_16' title='bbox 219 1720 287 1778; x_wconf 87' lang='lat' dir='ltr'><strong>tum</strong></span> <span class='ocrx_word' id='word_1_17' title='bbox 303 1734 383 1778; x_wconf 87' lang='lat' dir='ltr'><strong>vero</strong></span> <span class='ocrx_word' id='word_1_18' title='bbox 406 1713 506 1778; x_wconf 86' lang='lat' dir='ltr'><strong>etiarn</strong></span> <span class='ocrx_word' id='word_1_19' title='bbox 530 1711 572 1776; x_wconf 90' lang='lat' dir='ltr'><strong>ad</strong></span> <span class='ocrx_word' id='word_1_20' title='bbox 591 1715 683 1779; x_wconf 73' lang='lat' dir='ltr'><strong>eust.</strong></span> <span class='ocrx_word' id='word_1_21' title='bbox 699 1704 862 1796; x_wconf 69' lang='lat' dir='ltr'><strong>diagono,</strong></span> <span class='ocrx_word' id='word_1_22' title='bbox 878 1715 952 1780; x_wconf 85' lang='lat' dir='ltr'><strong>Viri</strong></span> <span class='ocrx_word' id='word_1_23' title='bbox 974 1715 1074 1780; x_wconf 90' lang='lat' dir='ltr'><strong>laude</strong></span> <span class='ocrx_word' id='word_1_24' title='bbox 1098 1737 1172 1780; x_wconf 85' lang='lat' dir='ltr'><strong>mea</strong></span> <span class='ocrx_word' id='word_1_25' title='bbox 1193 1715 1341 1800; x_wconf 88' lang='lat' dir='ltr'><strong>majoris,</strong></span> <span class='ocrx_word' id='word_1_26' title='bbox 1358 1715 1476 1798; x_wconf 81' lang='lat' dir='ltr'><strong>Histo-</strong></span> 
     </span>
     <span class='ocr_line' id='line_1_6' title="bbox 218 1819 1476 1907; baseline 0.002 -23"><span class='ocrx_word' id='word_1_27' title='bbox 218 1821 300 1884; x_wconf 82' lang='lat' dir='ltr'><strong>riam</strong></span> <span class='ocrx_word' id='word_1_28' title='bbox 310 1819 395 1904; x_wconf 87' lang='lat' dir='ltr'><strong>juris</strong></span> <span class='ocrx_word' id='word_1_29' title='bbox 405 1819 560 1902; x_wconf 89' lang='lat' dir='ltr'><strong>Romani,</strong></span> <span class='ocrx_word' id='word_1_30' title='bbox 572 1820 691 1905; x_wconf 88' lang='lat' dir='ltr'><strong>quibus</strong></span> <span class='ocrx_word' id='word_1_31' title='bbox 702 1823 938 1902; x_wconf 76' lang='lat' dir='ltr'><strong>Argumentum</strong></span> <span class='ocrx_word' id='word_1_32' title='bbox 951 1828 1052 1904; x_wconf 71' lang='lat' dir='ltr'><strong>operas</strong></span> <span class='ocrx_word' id='word_1_33' title='bbox 1062 1820 1210 1903; x_wconf 83' lang='lat' dir='ltr'><strong>distinxi,</strong></span> <span class='ocrx_word' id='word_1_34' title='bbox 1221 1845 1282 1907; x_wconf 85' lang='lat' dir='ltr'><strong>pro</strong></span> <span class='ocrx_word' id='word_1_35' title='bbox 1298 1830 1392 1906; x_wconf 89' lang='lat' dir='ltr'><strong>parte</strong></span> <span class='ocrx_word' id='word_1_36' title='bbox 1404 1823 1476 1886; x_wconf 90' lang='lat' dir='ltr'><strong>effi-</strong></span> 
     </span>
     <span class='ocr_line' id='line_1_7' title="bbox 219 1927 1474 2020; baseline 0 -28"><span class='ocrx_word' id='word_1_37' title='bbox 219 1929 296 1994; x_wconf 82' lang='lat' dir='ltr'><strong>cere</strong></span> <span class='ocrx_word' id='word_1_38' title='bbox 320 1936 456 1992; x_wconf 88' lang='lat' dir='ltr'><strong>conatus</strong></span> <span class='ocrx_word' id='word_1_39' title='bbox 478 1947 565 2020; x_wconf 90' lang='lat' dir='ltr'><strong>sum,</strong></span> <span class='ocrx_word' id='word_1_40' title='bbox 583 1935 619 1992; x_wconf 92' lang='lat' dir='ltr'><strong>ut</strong></span> <span class='ocrx_word' id='word_1_41' title='bbox 642 1927 820 1992; x_wconf 86' lang='lat' dir='ltr'><strong>novissima</strong></span> <span class='ocrx_word' id='word_1_42' title='bbox 841 1928 925 1992; x_wconf 89' lang='lat' dir='ltr'><strong>baec</strong></span> <span class='ocrx_word' id='word_1_43' title='bbox 944 1928 1023 1994; x_wconf 90' lang='lat' dir='ltr'><strong>libri</strong></span> <span class='ocrx_word' id='word_1_44' title='bbox 1046 1930 1210 1994; x_wconf 79' lang='lat' dir='ltr'><strong>utilissimi</strong></span> <span class='ocrx_word' id='word_1_45' title='bbox 1233 1929 1338 1994; x_wconf 85' lang='lat' dir='ltr'><strong>editio</strong></span> <span class='ocrx_word' id='word_1_46' title='bbox 1354 1930 1386 1993; x_wconf 87' lang='lat' dir='ltr'><strong>ei</strong></span> <span class='ocrx_word' id='word_1_47' title='bbox 1406 1930 1474 1994; x_wconf 91' lang='lat' dir='ltr'><strong>luci</strong></span> 
     </span>
     <span class='ocr_line' id='line_1_8' title="bbox 218 2034 1474 2122; baseline 0.001 -20"><span class='ocrx_word' id='word_1_48' title='bbox 218 2035 437 2119; x_wconf 86' lang='lat' dir='ltr'><strong>respondeat,</strong></span> <span class='ocrx_word' id='word_1_49' title='bbox 452 2034 487 2101; x_wconf 91' lang='lat' dir='ltr'><strong>iu</strong></span> <span class='ocrx_word' id='word_1_50' title='bbox 504 2055 569 2120; x_wconf 87' lang='lat' dir='ltr'><strong>qua</strong></span> <span class='ocrx_word' id='word_1_51' title='bbox 585 2037 640 2121; x_wconf 89' lang='lat' dir='ltr'><strong>jus</strong></span> <span class='ocrx_word' id='word_1_52' title='bbox 654 2034 841 2100; x_wconf 60' lang='lat' dir='ltr'><strong>Muranum</strong></span> <span class='ocrx_word' id='word_1_53' title='bbox 863 2045 977 2100; x_wconf 89' lang='lat' dir='ltr'><strong>nostra</strong></span> <span class='ocrx_word' id='word_1_54' title='bbox 991 2044 1103 2102; x_wconf 88' lang='lat' dir='ltr'><strong>aetate</strong></span> <span class='ocrx_word' id='word_1_55' title='bbox 1121 2059 1220 2122; x_wconf 87' lang='lat' dir='ltr'><strong>quunr</strong></span> <span class='ocrx_word' id='word_1_56' title='bbox 1242 2037 1384 2100; x_wconf 82' lang='lat' dir='ltr'><strong>maxime</strong></span> <span class='ocrx_word' id='word_1_57' title='bbox 1400 2058 1474 2103; x_wconf 87' lang='lat' dir='ltr'><strong>ver·</strong></span> 
     </span>
     <span class='ocr_line' id='line_1_9' title="bbox 219 2141 1475 2230; baseline 0 -22"><span class='ocrx_word' id='word_1_58' title='bbox 219 2151 323 2226; x_wconf 87' lang='lat' dir='ltr'><strong>satur,</strong></span> <span class='ocrx_word' id='word_1_59' title='bbox 345 2143 380 2207; x_wconf 94' lang='lat' dir='ltr'><strong>id</strong></span> <span class='ocrx_word' id='word_1_60' title='bbox 402 2161 490 2209; x_wconf 88' lang='lat' dir='ltr'><strong>nunc</strong></span> <span class='ocrx_word' id='word_1_61' title='bbox 510 2142 612 2226; x_wconf 89' lang='lat' dir='ltr'><strong>paulo</strong></span> <span class='ocrx_word' id='word_1_62' title='bbox 631 2141 761 2227; x_wconf 80' lang='lat' dir='ltr'><strong>plenius</strong></span> <span class='ocrx_word' id='word_1_63' title='bbox 783 2144 961 2227; x_wconf 84' lang='lat' dir='ltr'><strong>praestabo</strong></span> <span class='ocrx_word' id='word_1_64' title='bbox 980 2145 1169 2230; x_wconf 88' lang='lat' dir='ltr'><strong>adjiciendo</strong></span> <span class='ocrx_word' id='word_1_65' title='bbox 1192 2144 1370 2229; x_wconf 80' lang='lat' dir='ltr'><strong>corollaria</strong></span> <span class='ocrx_word' id='word_1_66' title='bbox 1390 2166 1475 2208; x_wconf 85' lang='lat' dir='ltr'><strong>non-</strong></span> 
     </span>
     <span class='ocr_line' id='line_1_10' title="bbox 218 2249 1476 2336; baseline 0.001 -20"><span class='ocrx_word' id='word_1_67' title='bbox 218 2249 321 2332; x_wconf 88' lang='lat' dir='ltr'><strong>nulla,</strong></span> <span class='ocrx_word' id='word_1_68' title='bbox 337 2249 570 2335; x_wconf 63' lang='lat' dir='ltr'><strong>questiones</strong></span> <span class='ocrx_word' id='word_1_69' title='bbox 586 2249 789 2334; x_wconf 85' lang='lat' dir='ltr'><strong>potissimum</strong></span> <span class='ocrx_word' id='word_1_70' title='bbox 812 2253 903 2330; x_wconf 88' lang='lat' dir='ltr'><strong>(nam</strong></span> <span class='ocrx_word' id='word_1_71' title='bbox 921 2252 1032 2317; x_wconf 85' lang='lat' dir='ltr'><strong>fateor</strong></span> <span class='ocrx_word' id='word_1_72' title='bbox 1046 2272 1098 2316; x_wconf 91' lang='lat' dir='ltr'><strong>me</strong></span> <span class='ocrx_word' id='word_1_73' title='bbox 1119 2253 1236 2316; x_wconf 88' lang='lat' dir='ltr'><strong>borum</strong></span> <span class='ocrx_word' id='word_1_74' title='bbox 1252 2253 1349 2316; x_wconf 83' lang='lat' dir='ltr'><strong>unice</strong></span> <span class='ocrx_word' id='word_1_75' title='bbox 1368 2252 1476 2336; x_wconf 85' lang='lat' dir='ltr'><strong>gratia</strong></span> 
     </span>
     <span class='ocr_line' id='line_1_11' title="bbox 219 2356 1475 2446; baseline 0 -24"><span class='ocrx_word' id='word_1_76' title='bbox 219 2357 412 2442; x_wconf 83' lang='lat' dir='ltr'><strong>suscepisse,</strong></span> <span class='ocrx_word' id='word_1_77' title='bbox 428 2356 592 2443; x_wconf 92' lang='lat' dir='ltr'><strong>quidquid</strong></span> <span class='ocrx_word' id='word_1_78' title='bbox 611 2357 736 2424; x_wconf 90' lang='lat' dir='ltr'><strong>laboris</strong></span> <span class='ocrx_word' id='word_1_79' title='bbox 750 2358 785 2420; x_wconf 92' lang='lat' dir='ltr'><strong>in</strong></span> <span class='ocrx_word' id='word_1_80' title='bbox 801 2359 940 2441; x_wconf 87' lang='lat' dir='ltr'><strong>negotio</strong></span> <span class='ocrx_word' id='word_1_81' title='bbox 956 2359 1090 2427; x_wconf 86' lang='lat' dir='ltr'><strong>minime</strong></span> <span class='ocrx_word' id='word_1_82' title='bbox 1112 2370 1208 2446; x_wconf 85' lang='lat' dir='ltr'><strong>grato</strong></span> <span class='ocrx_word' id='word_1_83' title='bbox 1227 2359 1290 2425; x_wconf 85' lang='lat' dir='ltr'><strong>fuit</strong></span> <span class='ocrx_word' id='word_1_84' title='bbox 1310 2359 1475 2440; x_wconf 83' lang='lat' dir='ltr'><strong>devoran-</strong></span> 
     </span>
     <span class='ocr_line' id='line_1_12' title="bbox 222 2465 1475 2554; baseline 0.001 -23"><span class='ocrx_word' id='word_1_85' title='bbox 222 2466 315 2547; x_wconf 89' lang='lat' dir='ltr'><strong>dum)</strong></span> <span class='ocrx_word' id='word_1_86' title='bbox 335 2465 546 2549; x_wconf 87' lang='lat' dir='ltr'><strong>admoneant,</strong></span> <span class='ocrx_word' id='word_1_87' title='bbox 570 2465 687 2551; x_wconf 91' lang='lat' dir='ltr'><strong>quibus</strong></span> <span class='ocrx_word' id='word_1_88' title='bbox 700 2465 736 2528; x_wconf 89' lang='lat' dir='ltr'><strong>in</strong></span> <span class='ocrx_word' id='word_1_89' title='bbox 758 2465 842 2530; x_wconf 90' lang='lat' dir='ltr'><strong>locis</strong></span> <span class='ocrx_word' id='word_1_90' title='bbox 859 2465 914 2530; x_wconf 89' lang='lat' dir='ltr'><strong>vel</strong></span> <span class='ocrx_word' id='word_1_91' title='bbox 929 2466 1132 2532; x_wconf 90' lang='lat' dir='ltr'><strong>Heineccius</strong></span> <span class='ocrx_word' id='word_1_92' title='bbox 1154 2467 1287 2532; x_wconf 85' lang='lat' dir='ltr'><strong>humani</strong></span> <span class='ocrx_word' id='word_1_93' title='bbox 1302 2467 1383 2553; x_wconf 93' lang='lat' dir='ltr'><strong>quid</strong></span> <span class='ocrx_word' id='word_1_94' title='bbox 1398 2487 1475 2554; x_wconf 89' lang='lat' dir='ltr'><strong>pas-</strong></span> 
     </span>
     <span class='ocr_line' id='line_1_13' title="bbox 221 2564 1473 2658; baseline -0.002 -19"><span class='ocrx_word' id='word_1_95' title='bbox 221 2595 273 2640; x_wconf 85' lang='lat' dir='ltr'><strong>sus</strong></span> <span class='ocrx_word' id='word_1_96' title='bbox 295 2573 352 2655; x_wconf 90' lang='lat' dir='ltr'><strong>sit,</strong></span> <span class='ocrx_word' id='word_1_97' title='bbox 373 2571 428 2638; x_wconf 88' lang='lat' dir='ltr'><strong>vel</strong></span> <span class='ocrx_word' id='word_1_98' title='bbox 450 2572 670 2641; x_wconf 80' lang='lat' dir='ltr'><strong>recentiorum</strong></span> <span class='ocrx_word' id='word_1_99' title='bbox 693 2574 886 2658; x_wconf 88' lang='lat' dir='ltr'><strong>scriptorum</strong></span> <span class='ocrx_word' id='word_1_100' title='bbox 909 2564 1059 2639; x_wconf 89' lang='lat' dir='ltr'><strong>doctrina</strong></span> <span class='ocrx_word' id='word_1_101' title='bbox 1078 2597 1117 2638; x_wconf 88' lang='lat' dir='ltr'><strong>ac</strong></span> <span class='ocrx_word' id='word_1_102' title='bbox 1132 2574 1309 2658; x_wconf 82' lang='lat' dir='ltr'><strong>diligentia</strong></span> <span class='ocrx_word' id='word_1_103' title='bbox 1329 2573 1473 2640; x_wconf 85' lang='lat' dir='ltr'><strong>seculum</strong></span> 
     </span>
     <span class='ocr_line' id='line_1_14' title="bbox 219 2679 1476 2766; baseline -0.001 -20"><span class='ocrx_word' id='word_1_104' title='bbox 219 2681 481 2746; x_wconf 84' lang='lat' dir='ltr'><strong>Heineccianum</strong></span> <span class='ocrx_word' id='word_1_105' title='bbox 498 2681 714 2765; x_wconf 86' lang='lat' dir='ltr'><strong>superaverit,</strong></span> <span class='ocrx_word' id='word_1_106' title='bbox 730 2681 786 2745; x_wconf 90' lang='lat' dir='ltr'><strong>vel</strong></span> <span class='ocrx_word' id='word_1_107' title='bbox 807 2679 879 2766; x_wconf 83' lang='lat' dir='ltr'><strong>ipsa</strong></span> <span class='ocrx_word' id='word_1_108' title='bbox 892 2689 1076 2766; x_wconf 87' lang='lat' dir='ltr'><strong>temporum</strong></span> <span class='ocrx_word' id='word_1_109' title='bbox 1100 2681 1244 2746; x_wconf 80' lang='lat' dir='ltr'><strong>felicitas</strong></span> <span class='ocrx_word' id='word_1_110' title='bbox 1264 2704 1353 2746; x_wconf 86' lang='lat' dir='ltr'><strong>nova</strong></span> <span class='ocrx_word' id='word_1_111' title='bbox 1373 2690 1408 2745; x_wconf 87' lang='lat' dir='ltr'><strong>et</strong></span> <span class='ocrx_word' id='word_1_112' title='bbox 1423 2681 1476 2746; x_wconf 88' lang='lat' dir='ltr'><strong>in·-</strong></span> 
     </span>
     <span class='ocr_line' id='line_1_15' title="bbox 220 2787 1474 2874; baseline -0.002 -21"><span class='ocrx_word' id='word_1_113' title='bbox 220 2794 413 2872; x_wconf 83' lang='lat' dir='ltr'><strong>exspectata</strong></span> <span class='ocrx_word' id='word_1_114' title='bbox 436 2787 601 2872; x_wconf 86' lang='lat' dir='ltr'><strong>praesidia</strong></span> <span class='ocrx_word' id='word_1_115' title='bbox 624 2787 782 2852; x_wconf 86' lang='lat' dir='ltr'><strong>attulerit.</strong></span> <span class='ocrx_word' id='word_1_116' title='bbox 801 2790 839 2853; x_wconf 93' lang='lat' dir='ltr'><strong>In</strong></span> <span class='ocrx_word' id='word_1_117' title='bbox 865 2809 931 2872; x_wconf 89' lang='lat' dir='ltr'><strong>qua</strong></span> <span class='ocrx_word' id='word_1_118' title='bbox 952 2809 988 2852; x_wconf 88' lang='lat' dir='ltr'><strong>re</strong></span> <span class='ocrx_word' id='word_1_119' title='bbox 1012 2789 1047 2853; x_wconf 92' lang='lat' dir='ltr'><strong>id</strong></span> <span class='ocrx_word' id='word_1_120' title='bbox 1070 2811 1215 2854; x_wconf 87' lang='lat' dir='ltr'><strong>mearum</strong></span> <span class='ocrx_word' id='word_1_121' title='bbox 1239 2789 1378 2874; x_wconf 88' lang='lat' dir='ltr'><strong>partium</strong></span> <span class='ocrx_word' id='word_1_122' title='bbox 1402 2808 1474 2852; x_wconf 84' lang='lat' dir='ltr'><strong>esse</strong></span> 
     </span>
     <span class='ocr_line' id='line_1_16' title="bbox 217 2894 1476 2981; baseline -0.001 -23"><span class='ocrx_word' id='word_1_123' title='bbox 217 2894 389 2976; x_wconf 82' lang='lat' dir='ltr'><strong>intellexi,</strong></span> <span class='ocrx_word' id='word_1_124' title='bbox 403 2904 441 2959; x_wconf 93' lang='lat' dir='ltr'><strong>ut</strong></span> <span class='ocrx_word' id='word_1_125' title='bbox 455 2896 498 2961; x_wconf 88' lang='lat' dir='ltr'><strong>de</strong></span> <span class='ocrx_word' id='word_1_126' title='bbox 520 2895 599 2960; x_wconf 86' lang='lat' dir='ltr'><strong>libri</strong></span> <span class='ocrx_word' id='word_1_127' title='bbox 613 2895 834 2960; x_wconf 84' lang='lat' dir='ltr'><strong>Heinscciani</strong></span> <span class='ocrx_word' id='word_1_128' title='bbox 849 2895 988 2960; x_wconf 89' lang='lat' dir='ltr'><strong>consilio</strong></span> <span class='ocrx_word' id='word_1_129' title='bbox 1007 2906 1042 2962; x_wconf 88' lang='lat' dir='ltr'><strong>et</strong></span> <span class='ocrx_word' id='word_1_130' title='bbox 1063 2897 1206 2962; x_wconf 86' lang='lat' dir='ltr'><strong>formula</strong></span> <span class='ocrx_word' id='word_1_131' title='bbox 1223 2896 1385 2981; x_wconf 88' lang='lat' dir='ltr'><strong>quaedam</strong></span> <span class='ocrx_word' id='word_1_132' title='bbox 1400 2895 1476 2959; x_wconf 91' lang='lat' dir='ltr'><strong>uni-</strong></span> 
     </span>
     <span class='ocr_line' id='line_1_17' title="bbox 216 3003 1474 3090; baseline -0.003 -22"><span class='ocrx_word' id='word_1_133' title='bbox 216 3023 312 3068; x_wconf 83' lang='lat' dir='ltr'><strong>verse</strong></span> <span class='ocrx_word' id='word_1_134' title='bbox 332 3022 599 3086; x_wconf 87' lang='lat' dir='ltr'><strong>praemonerem,</strong></span> <span class='ocrx_word' id='word_1_135' title='bbox 623 3013 701 3068; x_wconf 92' lang='lat' dir='ltr'><strong>ante</strong></span> <span class='ocrx_word' id='word_1_136' title='bbox 725 3025 821 3088; x_wconf 89' lang='lat' dir='ltr'><strong>quarn</strong></span> <span class='ocrx_word' id='word_1_137' title='bbox 847 3003 891 3068; x_wconf 90' lang='lat' dir='ltr'><strong>ad</strong></span> <span class='ocrx_word' id='word_1_138' title='bbox 912 3003 1117 3088; x_wconf 84' lang='lat' dir='ltr'><strong>singulorum</strong></span> <span class='ocrx_word' id='word_1_139' title='bbox 1140 3006 1283 3090; x_wconf 89' lang='lat' dir='ltr'><strong>capitum</strong></span> <span class='ocrx_word' id='word_1_140' title='bbox 1306 3023 1474 3066; x_wconf 89' lang='lat' dir='ltr'><strong>censuram</strong></span> 
     </span>
     <span class='ocr_line' id='line_1_18' title="bbox 216 3108 448 3195; baseline 0 -23"><span class='ocrx_word' id='word_1_141' title='bbox 216 3108 448 3195; x_wconf 85' lang='lat' dir='ltr'><strong>progrederer.</strong></span> 
     </span>
    </p>

    <p class='ocr_par' dir='ltr' id='par_1_5' title="bbox 151 3213 1475 4592">
     <span class='ocr_line' id='line_1_19' title="bbox 299 3213 1475 3304; baseline -0.004 -22"><span class='ocrx_word' id='word_1_142' title='bbox 299 3218 377 3302; x_wconf 89' lang='lat' dir='ltr'><strong>Ipse</strong></span> <span class='ocrx_word' id='word_1_143' title='bbox 401 3218 587 3282; x_wconf 74' lang='lat' dir='ltr'><strong>Hesirsccs&#39;us</strong></span> <span class='ocrx_word' id='word_1_144' title='bbox 610 3216 690 3301; x_wconf 85' lang='lat' dir='ltr'><strong>qnid</strong></span> <span class='ocrx_word' id='word_1_145' title='bbox 716 3215 984 3302; x_wconf 82' lang='lat' dir='ltr'><strong>Antiquitatibus</strong></span> <span class='ocrx_word' id='word_1_146' title='bbox 1002 3219 1163 3286; x_wconf 88' lang='lat' dir='ltr'><strong>Romanis</strong></span> <span class='ocrx_word' id='word_1_147' title='bbox 1181 3213 1475 3304; x_wconf 89' lang='lat' dir='ltr'><strong>jurisprudentiam</strong></span> 
     </span>
     <span class='ocr_line' id='line_1_20' title="bbox 215 3322 1470 3414; baseline -0.002 -26"><span class='ocrx_word' id='word_1_148' title='bbox 215 3322 455 3392; x_wconf 86' lang='lat' dir='ltr'><strong>illustrantibus</strong></span> <span class='ocrx_word' id='word_1_149' title='bbox 471 3323 681 3409; x_wconf 80' lang='lat' dir='ltr'><strong>divulgandis</strong></span> <span class='ocrx_word' id='word_1_150' title='bbox 702 3324 901 3409; x_wconf 89' lang='lat' dir='ltr'><strong>intenderit,</strong></span> <span class='ocrx_word' id='word_1_151' title='bbox 918 3328 1103 3413; x_wconf 88' lang='lat' dir='ltr'><strong>quibusque</strong></span> <span class='ocrx_word' id='word_1_152' title='bbox 1118 3325 1290 3411; x_wconf 88' lang='lat' dir='ltr'><strong>praesidiis</strong></span> <span class='ocrx_word' id='word_1_153' title='bbox 1312 3323 1470 3414; x_wconf 80' lang='lat' dir='ltr'><strong>adhibitis</strong></span> 
     </span>
     <span class='ocr_line' id='line_1_21' title="bbox 215 3429 1470 3517; baseline -0.001 -23"><span class='ocrx_word' id='word_1_154' title='bbox 215 3432 378 3516; x_wconf 86' lang='lat' dir='ltr'><strong>hocopus</strong></span> <span class='ocrx_word' id='word_1_155' title='bbox 400 3431 654 3517; x_wconf 88' lang='lat' dir='ltr'><strong>pulcherrimum</strong></span> <span class='ocrx_word' id='word_1_156' title='bbox 673 3431 864 3516; x_wconf 87' lang='lat' dir='ltr'><strong>perfecerit,</strong></span> <span class='ocrx_word' id='word_1_157' title='bbox 878 3434 912 3496; x_wconf 93' lang='lat' dir='ltr'><strong>in</strong></span> <span class='ocrx_word' id='word_1_158' title='bbox 928 3434 1144 3500; x_wconf 88' lang='lat' dir='ltr'><strong>Praefatione</strong></span> <span class='ocrx_word' id='word_1_159' title='bbox 1166 3431 1323 3517; x_wconf 89' lang='lat' dir='ltr'><strong>principis</strong></span> <span class='ocrx_word' id='word_1_160' title='bbox 1345 3429 1470 3493; x_wconf 89' lang='lat' dir='ltr'><strong>editio-</strong></span> 
     </span>
     <span class='ocr_line' id='line_1_22' title="bbox 174 3537 1469 3627; baseline -0.002 -25"><span class='ocrx_word' id='word_1_161' title='bbox 174 3571 176 3579; x_wconf 45' lang='lat'>*</span> <span class='ocrx_word' id='word_1_162' title='bbox 216 3539 266 3603; x_wconf 92' lang='lat' dir='ltr'><strong>nis</strong></span> <span class='ocrx_word' id='word_1_163' title='bbox 282 3538 470 3605; x_wconf 87' lang='lat' dir='ltr'><strong>luculenter</strong></span> <span class='ocrx_word' id='word_1_164' title='bbox 485 3538 647 3623; x_wconf 85' lang='lat' dir='ltr'><strong>exposuit.</strong></span> <span class='ocrx_word' id='word_1_165' title='bbox 669 3539 791 3602; x_wconf 90' lang='lat' dir='ltr'><strong>Natum</strong></span> <span class='ocrx_word' id='word_1_166' title='bbox 809 3539 896 3603; x_wconf 90' lang='lat' dir='ltr'><strong>enim</strong></span> <span class='ocrx_word' id='word_1_167' title='bbox 913 3563 994 3627; x_wconf 90' lang='lat' dir='ltr'><strong>opus</strong></span> <span class='ocrx_word' id='word_1_168' title='bbox 1010 3563 1029 3605; x_wconf 91' lang='lat' dir='ltr'><strong>e</strong></span> <span class='ocrx_word' id='word_1_169' title='bbox 1045 3539 1326 3626; x_wconf 77' lang='lat' dir='ltr'><strong>praelectionibus</strong></span> <span class='ocrx_word' id='word_1_170' title='bbox 1342 3540 1382 3602; x_wconf 92' lang='lat' dir='ltr'><strong>ab</strong></span> <span class='ocrx_word' id='word_1_171' title='bbox 1394 3537 1469 3600; x_wconf 84' lang='lat' dir='ltr'><strong>An-</strong></span> 
     </span>
     <span class='ocr_line' id='line_1_23' title="bbox 216 3644 1468 3732; baseline -0.002 -22"><span class='ocrx_word' id='word_1_172' title='bbox 216 3655 384 3710; x_wconf 89' lang='lat' dir='ltr'><strong>tecessore</strong></span> <span class='ocrx_word' id='word_1_173' title='bbox 400 3645 619 3710; x_wconf 87' lang='lat' dir='ltr'><strong>celeberrimo</strong></span> <span class='ocrx_word' id='word_1_174' title='bbox 635 3646 677 3710; x_wconf 91' lang='lat' dir='ltr'><strong>ad</strong></span> <span class='ocrx_word' id='word_1_175' title='bbox 694 3645 842 3732; x_wconf 86' lang='lat' dir='ltr'><strong>singulos</strong></span> <span class='ocrx_word' id='word_1_176' title='bbox 857 3649 1104 3714; x_wconf 86' lang='lat' dir='ltr'><strong>Institutionum</strong></span> <span class='ocrx_word' id='word_1_177' title='bbox 1119 3649 1233 3714; x_wconf 87' lang='lat' dir='ltr'><strong>titulos</strong></span> <span class='ocrx_word' id='word_1_178' title='bbox 1247 3646 1380 3728; x_wconf 87' lang='lat' dir='ltr'><strong>habitis,</strong></span> <span class='ocrx_word' id='word_1_179' title='bbox 1395 3644 1468 3729; x_wconf 94' lang='lat' dir='ltr'><strong>qui-</strong></span> 
     </span>
     <span class='ocr_line' id='line_1_24' title="bbox 215 3752 1468 3841; baseline -0.002 -23"><span class='ocrx_word' id='word_1_180' title='bbox 215 3756 276 3820; x_wconf 92' lang='lat' dir='ltr'><strong>bus</strong></span> <span class='ocrx_word' id='word_1_181' title='bbox 300 3756 445 3837; x_wconf 89' lang='lat' dir='ltr'><strong>Auctor,</strong></span> <span class='ocrx_word' id='word_1_182' title='bbox 467 3774 554 3838; x_wconf 88' lang='lat' dir='ltr'><strong>quae</strong></span> <span class='ocrx_word' id='word_1_183' title='bbox 581 3774 625 3816; x_wconf 87' lang='lat' dir='ltr'><strong>ex</strong></span> <span class='ocrx_word' id='word_1_184' title='bbox 647 3753 899 3838; x_wconf 89' lang='lat' dir='ltr'><strong>antiquitatibus</strong></span> <span class='ocrx_word' id='word_1_185' title='bbox 924 3756 966 3820; x_wconf 91' lang='lat' dir='ltr'><strong>ad</strong></span> <span class='ocrx_word' id='word_1_186' title='bbox 992 3758 1149 3841; x_wconf 89' lang='lat' dir='ltr'><strong>cujusque</strong></span> <span class='ocrx_word' id='word_1_187' title='bbox 1170 3754 1238 3818; x_wconf 90' lang='lat' dir='ltr'><strong>loci</strong></span> <span class='ocrx_word' id='word_1_188' title='bbox 1260 3752 1468 3817; x_wconf 83' lang='lat' dir='ltr'><strong>intellectum</strong></span> 
     </span>
     <span class='ocr_line' id='line_1_25' title="bbox 215 3861 1469 3948; baseline -0.003 -22"><span class='ocrx_word' id='word_1_189' title='bbox 215 3862 401 3926; x_wconf 86' lang='lat' dir='ltr'><strong>conducere</strong></span> <span class='ocrx_word' id='word_1_190' title='bbox 423 3861 633 3943; x_wconf 89' lang='lat' dir='ltr'><strong>videbantur,</strong></span> <span class='ocrx_word' id='word_1_191' title='bbox 647 3862 830 3944; x_wconf 87' lang='lat' dir='ltr'><strong>adnotavit,</strong></span> <span class='ocrx_word' id='word_1_192' title='bbox 852 3863 993 3928; x_wconf 86' lang='lat' dir='ltr'><strong>mediam</strong></span> <span class='ocrx_word' id='word_1_193' title='bbox 1007 3883 1138 3948; x_wconf 87' lang='lat' dir='ltr'><strong>semper</strong></span> <span class='ocrx_word' id='word_1_194' title='bbox 1150 3863 1236 3926; x_wconf 86' lang='lat' dir='ltr'><strong>viam</strong></span> <span class='ocrx_word' id='word_1_195' title='bbox 1252 3861 1360 3924; x_wconf 87' lang='lat' dir='ltr'><strong>tenuit</strong></span> <span class='ocrx_word' id='word_1_196' title='bbox 1380 3861 1469 3923; x_wconf 88' lang='lat' dir='ltr'><strong>inter</strong></span> 
     </span>
     <span class='ocr_line' id='line_1_26' title="bbox 209 3967 1470 4060; baseline -0.003 -26"><span class='ocrx_word' id='word_1_197' title='bbox 209 3971 333 4056; x_wconf 89' lang='lat' dir='ltr'><strong>justum</strong></span> <span class='ocrx_word' id='word_1_198' title='bbox 356 3969 587 4054; x_wconf 88' lang='lat' dir='ltr'><strong>antiquitatum</strong></span> <span class='ocrx_word' id='word_1_199' title='bbox 602 3969 826 4033; x_wconf 90' lang='lat' dir='ltr'><strong>Romanarum</strong></span> <span class='ocrx_word' id='word_1_200' title='bbox 841 3991 959 4055; x_wconf 90' lang='lat' dir='ltr'><strong>corpus</strong></span> <span class='ocrx_word' id='word_1_201' title='bbox 976 3977 1010 4033; x_wconf 88' lang='lat' dir='ltr'><strong>et</strong></span> <span class='ocrx_word' id='word_1_202' title='bbox 1025 3969 1293 4060; x_wconf 81' lang='lat' dir='ltr'><strong>commentarium</strong></span> <span class='ocrx_word' id='word_1_203' title='bbox 1311 3967 1353 4031; x_wconf 87' lang='lat' dir='ltr'><strong>ad</strong></span> <span class='ocrx_word' id='word_1_204' title='bbox 1368 3969 1470 4032; x_wconf 91' lang='lat' dir='ltr'><strong>Insti-</strong></span> 
     </span>
     <span class='ocr_line' id='line_1_27' title="bbox 216 4076 1468 4162; baseline -0.002 -22"><span class='ocrx_word' id='word_1_205' title='bbox 216 4077 362 4140; x_wconf 86' lang='lat' dir='ltr'><strong>tutiones</strong></span> <span class='ocrx_word' id='word_1_206' title='bbox 390 4076 614 4141; x_wconf 87' lang='lat' dir='ltr'><strong>Justinianeas</strong></span> <span class='ocrx_word' id='word_1_207' title='bbox 637 4077 808 4160; x_wconf 90' lang='lat' dir='ltr'><strong>scriptum,</strong></span> <span class='ocrx_word' id='word_1_208' title='bbox 834 4098 969 4162; x_wconf 90' lang='lat' dir='ltr'><strong>quarum</strong></span> <span class='ocrx_word' id='word_1_209' title='bbox 993 4079 1110 4144; x_wconf 89' lang='lat' dir='ltr'><strong>seriem</strong></span> <span class='ocrx_word' id='word_1_210' title='bbox 1132 4097 1200 4140; x_wconf 90' lang='lat' dir='ltr'><strong>non</strong></span> <span class='ocrx_word' id='word_1_211' title='bbox 1222 4083 1289 4139; x_wconf 91' lang='lat' dir='ltr'><strong>tam</strong></span> <span class='ocrx_word' id='word_1_212' title='bbox 1311 4076 1468 4157; x_wconf 88' lang='lat' dir='ltr'><strong>deseruit,</strong></span> 
     </span>
     <span class='ocr_line' id='line_1_28' title="bbox 215 4183 1467 4269; baseline 0 -23"><span class='ocrx_word' id='word_1_213' title='bbox 215 4187 313 4267; x_wconf 87' lang='lat' dir='ltr'><strong>q&#39;uam</strong></span> <span class='ocrx_word' id='word_1_214' title='bbox 335 4183 502 4268; x_wconf 88' lang='lat' dir='ltr'><strong>supplevit</strong></span> <span class='ocrx_word' id='word_1_215' title='bbox 522 4185 694 4269; x_wconf 88' lang='lat' dir='ltr'><strong>subjuncta</strong></span> <span class='ocrx_word' id='word_1_216' title='bbox 708 4185 811 4260; x_wconf 87' lang='lat' dir='ltr'><strong>Libro</strong></span> <span class='ocrx_word' id='word_1_217' title='bbox 835 4184 861 4247; x_wconf 93' lang='grc' dir='ltr'><strong>Ι.</strong></span> <span class='ocrx_word' id='word_1_218' title='bbox 877 4184 1098 4268; x_wconf 82' lang='lat' dir='ltr'><strong>Adpsndice,</strong></span> <span class='ocrx_word' id='word_1_219' title='bbox 1120 4185 1233 4248; x_wconf 90' lang='lat' dir='ltr'><strong>adeas</strong></span> <span class='ocrx_word' id='word_1_220' title='bbox 1255 4204 1467 4268; x_wconf 87' lang='lat' dir='ltr'><strong>personarum</strong></span> 
     </span>
     <span class='ocr_line' id='line_1_29' title="bbox 217 4290 1468 4376; baseline 0 -23"><span class='ocrx_word' id='word_1_221' title='bbox 217 4290 396 4354; x_wconf 90' lang='lat' dir='ltr'><strong>divisiones</strong></span> <span class='ocrx_word' id='word_1_222' title='bbox 411 4299 599 4376; x_wconf 88' lang='lat' dir='ltr'><strong>spectante,</strong></span> <span class='ocrx_word' id='word_1_223' title='bbox 620 4314 700 4376; x_wconf 92' lang='lat' dir='ltr'><strong>quas</strong></span> <span class='ocrx_word' id='word_1_224' title='bbox 718 4291 922 4355; x_wconf 85' lang='lat' dir='ltr'><strong>Justinianus</strong></span> <span class='ocrx_word' id='word_1_225' title='bbox 944 4291 1031 4355; x_wconf 88' lang='lat' dir='ltr'><strong>sicco</strong></span> <span class='ocrx_word' id='word_1_226' title='bbox 1047 4291 1135 4375; x_wconf 88' lang='lat' dir='ltr'><strong>pede</strong></span> <span class='ocrx_word' id='word_1_227' title='bbox 1156 4293 1348 4376; x_wconf 89' lang='lat' dir='ltr'><strong>praeteriit,</strong></span> <span class='ocrx_word' id='word_1_228' title='bbox 1371 4298 1415 4372; x_wconf 89' lang='lat' dir='ltr'><strong>et,</strong></span> <span class='ocrx_word' id='word_1_229' title='bbox 1432 4297 1468 4354; x_wconf 94' lang='lat' dir='ltr'><strong>ut</strong></span> 
     </span>
     <span class='ocr_line' id='line_1_30' title="bbox 151 4397 1468 4484; baseline 0.001 -24"><span class='ocrx_word' id='word_1_230' title='bbox 151 4469 152 4473; x_wconf 7' lang='grc' dir='ltr'>η</span> <span class='ocrx_word' id='word_1_231' title='bbox 216 4419 302 4461; x_wconf 89' lang='lat' dir='ltr'><strong>nunc</strong></span> <span class='ocrx_word' id='word_1_232' title='bbox 323 4408 526 4484; x_wconf 88' lang='lat' dir='ltr'><strong>compertum</strong></span> <span class='ocrx_word' id='word_1_233' title='bbox 548 4400 721 4475; x_wconf 88' lang='lat' dir='ltr'><strong>habemus,</strong></span> <span class='ocrx_word' id='word_1_234' title='bbox 745 4398 816 4481; x_wconf 89' lang='lat' dir='ltr'><strong>ipse</strong></span> <span class='ocrx_word' id='word_1_235' title='bbox 839 4399 924 4464; x_wconf 88' lang='lat' dir='ltr'><strong>adeo</strong></span> <span class='ocrx_word' id='word_1_236' title='bbox 942 4398 1044 4484; x_wconf 87' lang='lat' dir='ltr'><strong>Gajus</strong></span> <span class='ocrx_word' id='word_1_237' title='bbox 1066 4406 1198 4477; x_wconf 47' lang='lat' dir='ltr'><strong>tantum,</strong></span> <span class='ocrx_word' id='word_1_238' title='bbox 1215 4400 1325 4463; x_wconf 86' lang='lat' dir='ltr'><strong>obiter</strong></span> <span class='ocrx_word' id='word_1_239' title='bbox 1346 4397 1468 4483; x_wconf 85' lang='lat' dir='ltr'><strong>attigit.</strong></span> 
     </span>
     <span class='ocr_line' id='line_1_31' title="bbox 214 4499 1467 4592; baseline 0 -24"><span class='ocrx_word' id='word_1_240' title='bbox 214 4505 304 4569; x_wconf 92' lang='lat' dir='ltr'><strong>Hinc</strong></span> <span class='ocrx_word' id='word_1_241' title='bbox 321 4505 442 4571; x_wconf 87' lang='lat' dir='ltr'><strong>factum</strong></span> <span class='ocrx_word' id='word_1_242' title='bbox 464 4515 530 4590; x_wconf 92' lang='lat' dir='ltr'><strong>est,</strong></span> <span class='ocrx_word' id='word_1_243' title='bbox 546 4513 582 4570; x_wconf 95' lang='lat' dir='ltr'><strong>ut</strong></span> <span class='ocrx_word' id='word_1_244' title='bbox 603 4505 726 4570; x_wconf 87' lang='lat' dir='ltr'><strong>multae</strong></span> <span class='ocrx_word' id='word_1_245' title='bbox 742 4524 794 4570; x_wconf 87' lang='lat' dir='ltr'><strong>res</strong></span> <span class='ocrx_word' id='word_1_246' title='bbox 815 4499 849 4570; x_wconf 86' lang='lat' dir='ltr'><strong>in</strong></span> <span class='ocrx_word' id='word_1_247' title='bbox 865 4506 979 4572; x_wconf 80' lang='lat' dir='ltr'><strong>Nostri</strong></span> <span class='ocrx_word' id='word_1_248' title='bbox 992 4528 1095 4592; x_wconf 88' lang='lat' dir='ltr'><strong>opere</strong></span> <span class='ocrx_word' id='word_1_249' title='bbox 1119 4508 1236 4571; x_wconf 90' lang='lat' dir='ltr'><strong>frustra</strong></span> <span class='ocrx_word' id='word_1_250' title='bbox 1259 4514 1467 4589; x_wconf 88' lang='lat' dir='ltr'><strong>quaerantur,</strong></span> 
     </span>
    </p>
   </div>
   <div class='ocr_carea' id='block_1_5' title="bbox 0 0 1570 5148">
    <p class='ocr_par' dir='ltr' id='par_1_6' title="bbox 0 0 1570 5148">
     <span class='ocr_line' id='line_1_32' title="bbox 0 0 1570 5148; baseline 0 2"><span class='ocrx_word' id='word_1_251' title='bbox 0 0 1570 5148; x_wconf 95' lang='lat' dir='ltr'><strong> </strong></span> 
     </span>
    </p>
   </div>
  </div>
 </body>
</html>
