3056 5154
225 355 229 364 Ι
267 387 324 458 Da
349 387 522 460 Oamuar.
548 389 654 473 Quae
677 389 912 460 nanuum
939 399 1006 460 etc.
1118 351 1123 364 ,
1192 395 1266 472 0⁰5
1300 371 1305 376 ”

585 563 615 645 §-
636 565 687 628 lo.

458 678 531 738 oua
547 679 684 748 emam
694 679 825 748 sams

69 779 254 842 Ponimus
276 799 374 864 ergo,
399 780 488 865 quod
508 788 600 846 recte
620 781 776 844 observat
796 779 819 843 J
821 778 999 846 ustinianus
1015 781 1043 862 ᾗ
1058 781 1088 844 4.
1103 783 1181 845 last.
1199 785 1229 846 h.
1245 793 1267 846 t.

39 896 188 968 ceptum
194 887 329 964 furtum
344 885 465 950 dictum
482 907 553 950 esse
565 887 735 966 Romanis,
751 907 849 971 quum
866 889 954 972 apud
968 888 1112 974 aliquem
1128 889 1267 954 testibus

38 992 242 1056 recentibus
257 993 380 1056 furtiva
394 1013 447 1056 res
463 994 613 1078 quaesita
629 1003 664 1057 et
679 995 815 1058 inventa
832 1002 927 1058 esset.
949 995 1001 1059 Ita
1016 1004 1051 1060 et
1068 996 1170 1081 Gajus
1186 997 1266 1062 laet.

43 1101 105 1162 10.
122 1099 159 1182 3.
179 1106 216 1162 et
231 1099 354 1163 Paulus
371 1103 522 1163 Sententt.
540 1102 680 1182 Receptt.
698 1101 740 1161 II.
756 1099 810 1162 31.
825 1100 858 1164 3.·
874 1101 959 1166 illud
975 1102 1145 1166 definiunt.
1167 1103 1266 1166 Unde

38 1207 107 1268 tim
136 1205 268 1270 cadunt
288 1205 474 1270 Alexandri
496 1207 538 1270 ab
566 1205 779 1288 Alexandro,
801 1207 946 1274 Marcilii
970 1218 1006 1273 et
1032 1209 1086 1272 Fr.
1109 1209 1266 1275 Balduini

38 1295 246 1398 njectnraeJ
267 1312 392 1397 quippe
415 1314 533 1398 quibus
550 1314 680 1393 sertum
700 1318 861 1396 concipere
884 1315 972 1380 idem
993 1327 1060 1398 est,
1084 1338 1122 1380 ac
1135 1319 1266 1398 furtum

38 1425 206 1482 amittere.
220 1419 293 1508 Nec
308 1422 401 1485 firmo
415 1421 492 1485 satis
508 1419 579 1484 talo
590 1419 651 1483 niti
666 1420 798 1484 videtur
813 1421 992 1486 Clarissimi
1000 1423 1175 1508 Wielingii
1191 1445 1267 1486 sen-

38 1527 117 1609 rtia,
137 1527 200 1611 qui
216 1549 243 1590 c.
260 1527 289 1589 1.
304 1529 600 1610 conespnesurtum
614 1526 703 1590 idem
720 1549 791 1592 esse
805 1538 917 1615 putat,
941 1552 980 1594 ae
994 1532 1162 1594 vindicare.

609 1747 616 1761 .
636 1700 687 1764 16.

167 1815 311 1884 Conceptio
319 1815 399 1884 surii
406 1814 488 1883 sactu
506 1823 544 1866 cst
562 1701 655 1868 sigim
672 1813 835 1884 quibusdam,
854 1826 957 1870 mature
974 1817 1114 1888 abreyatis.

88 1931 232 1996 Deinde
250 1942 284 1995 et
301 1933 335 1996 id
353 1941 477 1996 certum
493 1952 564 1995 esse
580 1941 673 2017 puto,
688 1933 936 2017 inquisitionem
952 1933 1043 1998 illam
1059 1935 1108 1998 rei
1124 1933 1265 1998 furtivae

38 2041 171 2104 [bibitis
192 2039 386 2125 quibusdam
411 2040 529 2102 ritibus
552 2039 651 2104 fuisse
673 2039 811 2122 factam,
825 2041 884 2126 ¹qui
906 2049 1016 2106 tamen
1032 2041 1161 2106 Romae
1188 2041 1265 2105 satis

38 2158 136 2210 ature
164 2148 385 2211 exoleverint.
414 2147 516 2224 'Quod
540 2145 650 2209 denuo
680 2145 854 2230 adgnoscit
874 2147 1095 2212 Justinianus:
1119 2149 1187 2211 Sed
1207 2150 1267 2210 hue

38 2260 156 2330 tiones,
176 2259 291 2318 coelicet
306 2258 452 2335 concepti,
466 2262 497 2314 et
513 2255 616 2326 oblati,
635 2263 666 2314 et
677 2253 770 2330 serti
778 2254 936 2335 prohibiti,
954 2275 1009 2314 nee
1027 2276 1090 2316 non
1099 2256 1192 2332 furti
1203 2277 1265 2316 nou

38 2364 154 2436 hibiti,
167 2359 204 2424 'sia
225 2361 459 2424 desuetudinem
481 2361 635 2421 abierunt.
661 2358 765 2437 Quum
788 2363 869 2421 enim
888 2365 1047 2441 requisitio
1065 2363 1266 2439 reijurtivue
1359 2369 1361 2376 '

38 2472 96 2531 »die
116 2489 304 2530 secunaum
323 2487 490 2528 aarum
511 2486 808 2528 casuavarsonun
827 2487 888 2528 non
900 2473 985 2552 flet:
1007 2473 1115 2529 mereto
1134 2489 1174 2530 ea
1192 2487 1264 2528 con·

38 2581 173 2658 quentia
187 2581 278 2637 etiam
292 2575 461 2656 praefatae
479 2579 615 2636 actiones
637 2574 674 2635 at
692 2593 752 2634 usu
772 2577 929 2637 communi
944 2585 1150 2638 recesserunt.
1173 2574 1264 2658 Ergo

42 2707 89 2746 na
106 2693 142 2746 et
164 2686 266 2744 licium
291 2682 460 2767 pertinent
479 2681 522 2744 ad
543 2691 675 2742 ueterem
702 2677 794 2743 illam
819 2680 1165 2767 observationemque
1187 2681 1264 2745 furti

39 2795 93 2854 lim
118 2790 365 2874 requisitionem
389 2788 507 2850 factam
531 2786 576 2849 ait
598 2785 792 2869 imperator.
815 2787 991 2872 Quumque
1014 2789 1075 2851 iste
1098 2789 1178 2852 ritus
1198 2798 1264 2852 tarn

43 2907 81 2961 to
98 2896 277 2976 evanuerit,
293 2905 329 2958 ut
346 2894 450 2958 Gellii
467 2901 588 2975 aetate,
605 2901 641 2955 ut
656 2911 700 2954 ex
717 2893 786 2976 ejus
801 2895 982 2958 NocitAtt.
994 2895 1083 2957 XVI.
1094 2895 1144 2956 10.
1157 2903 1264 2980 patet,

39 3008 72 3068 ix
90 3025 187 3068 voces
207 3004 492 3088 intelligerentur:
514 3005 648 3083 oportet
671 2997 721 3062 illi
743 2999 869 3084 aliquid
892 3001 1086 3086 inhaesisse,
1103 3002 1194 3087 quod
1213 3003 1265 3066 in·

39 3117 153 3198 ignum
167 3111 323 3176 Romanis
339 3111 483 3174 moribus
499 3107 601 3170 visum
620 3113 679 3169 est.

611 3328 618 3345 .
638 3280 689 3342 17.

407 3399 487 3452 Ritus
503 3397 545 3450 itti
561 3281 652 3468 εἷται
669 3397 758 3450 Attico
776 3405 861 3449 eruut.

104 3503 278 3567 Praeterea
293 3499 327 3564 id
345 3521 478 3585 quoqne
497 3497 576 3561 mihi
593 3498 691 3561 facile
707 3518 895 3562 concessum
911 3496 953 3559 iri
969 3503 1060 3580 puto,
1077 3519 1175 3584 quum
1191 3497 1264 3582 ple-

40 3631 146 3696 neque
163 3609 253 3692 leges
268 3607 343 3670 Xll
360 3607 544 3671 tabularum
562 3626 580 3667 e
597 3605 674 3689 jure
693 3605 808 3668 Attico
831 3601 1010 3686 manarint,
1026 3603 1110 3668 hanc
1131 3624 1262 3692 quoque

41 3719 104 3783 nrti
120 3717 265 3800 concepti
281 3715 445 3778 actionem
463 3733 615 3778 unacum
631 3713 695 3775 ritu
712 3712 921 3798 concipiendi
937 3732 988 3773 res
1003 3710 1140 3776 furtivas
1156 3713 1264 3777 Athe-

41 3831 75 3890 nis
91 3825 220 3888 Romam
236 3823 377 3907 migrare
394 3823 549 3906 potuisse.
571 3819 690 3904 Neque
714 3817 847 3884 aliunde
864 3842 944 3906 ergo
968 3841 1008 3884 ea
1024 3821 1150 3901 omnia,
1167 3841 1261 3905 quarn

41 3965 43 3994 ι
64 3933 175 3998 ritibus
188 3931 326 4011 Atticis,
342 3928 498 3995 illustrari
517 3933 673 4010 poterunt
688 3927 819 3990 rectius.
842 3927 908 4004 Qui
924 3927 950 3989 si
967 3949 1037 4000 cum
1055 3927 1190 4010 antiqua
1205 3925 1263 3989 illa

41 4041 248 4106 ‚bservatione
272 4037 491 4114 conveniunt,
507 4033 606 4096 facile
628 4034 724 4096 nobis
740 4033 999 4118 persuadebunt,
1018 4030 1095 4095 ritui
1111 4029 1262 4094 Romano

42 4169 133 4214 ncem
148 4169 164 4210 e
179 4145 375 4210 Graecorum
397 4141 540 4207 moribus
557 4139 696 4203 adcendi
713 4161 819 4225 posse.

609 4357 616 4372 .
639 4311 690 4372 18.

232 4432 310 4484 Ritus
328 4431 401 4502 apud
418 4314 634 4482 Attenuare&
653 4427 821 4495 concipiendo
830 4426 913 4495 surto
932 4424 1047 4479 adhibiti.

116 4535 181 4612 Quo
203 4552 281 4596 vero
305 4530 368 4595 ritu
391 4529 533 4594 Athenis
558 4528 736 4612 requisitae
761 4528 824 4590 siut
839 4547 891 4590 res
907 4528 1058 4608 furtivae,
1080 4525 1266 4590 luculenter
