3080 5154
726 331 802 398 Lus
827 329 854 400 1.
879 329 960 400 Trr.
985 331 1030 399 ΙΙ.

825 506 855 588 §-
876 504 929 570 24.

750 637 846 691 Edeta
861 635 1008 714 matoria.

333 761 409 827 Mos
425 768 534 826 autem
551 767 638 841 erat,
660 767 697 824 ut
711 759 863 846 Praetor,
881 768 1008 826 creatus
1025 761 1215 856 centuriatis
1231 762 1388 843 comitiis,
1404 763 1499 849 prins-

251 894 348 960 quam
357 871 412 957 jus
428 869 565 951 diceret,
583 886 705 934 umero
720 868 754 934 in
771 870 848 934 albo
862 874 893 950 ¹)
910 868 1082 953 proposito
1099 868 1323 952 denunciaret,
1340 871 1499 954 quomodo

251 1002 294 1044 eo
311 1000 397 1044 anno
407 977 463 1063 jus
486 985 572 1040 esset
584 976 736 1040 dicturus.
757 977 806 1040 At
821 976 911 1064 quis?
926 977 1079 1040 Urbanus
1095 984 1235 1060 tantum,
1256 999 1297 1040 an
1314 978 1500 1063 peregrinus

251 1087 373 1152 etiam?
393 1083 449 1148 De
471 1083 728 1170 provincialibus
751 1085 837 1148 enim
859 1084 952 1148 nulla
974 1093 1024 1148 est
1043 1083 1215 1149 dubitandi
1237 1086 1333 1149 ratio.
1354 1086 1501 1149 Praetori

250 1193 428 1280 peregrino
445 1215 523 1258 sane
540 1192 604 1256 hoc
619 1193 674 1279 jus
696 1201 822 1280 negant
836 1193 1017 1256 Hotoman.
1034 1202 1069 1258 et
1083 1193 1127 1257 V.
1139 1192 1176 1256 C.
1187 1179 1242 1256 Jo.
1258 1191 1320 1258 Ge.
1337 1191 1501 1256 Schubart.

250 1303 290 1366 de
305 1305 376 1366 Fut.
391 1302 509 1383 Jurr'sp.
530 1301 619 1364 Rom.
630 1323 663 1384 p.
678 1299 750 1366 399.
774 1301 823 1365 At
844 1299 953 1364 eidem
967 1301 1003 1364 id
1017 1289 1164 1366 vindicat
1180 1301 1220 1366 V.
1237 1300 1273 1364 C.
1289 1301 1396 1364 Henr.
1411 1301 1501 1364 Bern.

248 1407 408 1476 Reinold.
433 1408 508 1471 Vur.
524 1408 624 1471 XXX
627 1409 696 1471 VII.
706 1430 740 1490 p.
753 1407 826 1471 267.
841 1410 885 1471 ob
901 1411 1019 1492 Legem
1031 1407 1061 1471 9.
1073 1410 1102 1491 S.
1116 1407 1147 1473 4.
1168 1410 1209 1471 D.
1226 1409 1266 1472 de
1276 1409 1347 1470 Dot.
1362 1412 1438 1471 mol.
1452 1407 1502 1470 ubi

249 1524 472 1582 memorantur
485 1516 653 1580 Labeonis
668 1515 744 1579 utra·
753 1515 918 1580 Praetoris
931 1519 1101 1604 peregrini
1124 1513 1191 1580 Sed
1205 1513 1272 1579 illis
1292 1536 1359 1580 non
1378 1523 1445 1582 tam
1458 1515 1501 1580 vi-

251 1626 349 1691 detur
369 1625 486 1689 Labeo
508 1622 652 1688 edictum
672 1622 842 1689 Praetoris
864 1623 1032 1708 peregrini
1055 1624 1306 1710 interpretatus,
1330 1645 1430 1710 quam
1450 1645 1502 1686 ex-

249 1733 398 1819 posuisse
409 1731 554 1795 officium
565 1731 734 1797 Praetoris
745 1732 924 1816 peregrini,
936 1730 1211 1818 quemadmodum
1224 1731 1323 1794 etiam
1340 1729 1385 1794 de
1397 1731 1501 1795 officio

250 1841 420 1907 Praetoris
436 1839 552 1902 urbani
569 1839 639 1922 egit
653 1838 688 1901 in
704 1841 791 1903 labris
807 1841 972 1902 Praetoris
987 1840 1110 1916 urbani,
1124 1817 1267 1924 quorum
1275 1839 1403 1901 mentio
1425 1837 1501 1901 fitin

249 1948 289 2011 L.
302 1948 351 2011 19.
363 1950 406 2011 D.
419 1949 457 2010 do
470 1948 506 2010 V.
522 1948 554 2009 S.
567 1946 654 2009 Sane
666 1945 770 2010 libros
786 1944 828 2010 ad
840 1947 983 2009 edictum
999 1945 1181 2030 singulares
1193 1945 1358 2030 scripsisse
1374 1947 1501 2012 Labeo-

249 2076 336 2140 nem,
359 2064 394 2120 et
410 2056 451 2119 ab
473 2053 540 2118 illis
553 2052 720 2138 diversos,
742 2061 837 2138 patet
858 2074 901 2116 ex
914 2054 954 2116 L.
969 2053 998 2115 1.
1014 2055 1043 2137 §.
1057 2053 1087 2115 5.
1109 2055 1150 2114 1).
1162 2055 1201 2116 de
1215 2053 1353 2138 Ehgr‘tio.
1368 2060 1407 2116 et
1421 2053 1502 2117 Geli.

249 2165 307 2226 IV.
317 2161 347 2226 2.
370 2161 522 2228 Certiora
536 2161 650 2248 itaque
668 2170 742 2225 sunt
753 2161 943 2226 testimonia
955 2160 1092 2226 Boethii
1104 2162 1148 2222 ad
1159 2161 1219 2224 oo.
1232 2162 1331 2244 topic.
1344 2168 1380 2225 et
1395 2161 1501 2225 Theo-

249 2269 332 2357 phili
347 2269 377 2351 §.
392 2270 423 2333 7.
446 2271 523 2334 last.
538 2270 621 2333 deJ.
638 2271 681 2332 N.
704 2271 741 2332 (ι’.
759 2279 800 2333 ot.
819 2271 851 2332 0.
870 2269 925 2354 qui
944 2277 978 2333 et
992 2268 1168 2334 Praetores
1186 2269 1379 2354 peregrinos
1400 2269 1501 2333 edicta

249 2377 476 2464 proposuisse,
498 2377 620 2440 diserte
635 2378 790 2460 scribunt,
813 2377 948 2462 ejusque
964 2375 1014 2438 rei
1028 2382 1179 2440 auctores
1195 2376 1311 2460 procul
1328 2377 1433 2442 dubio
1448 2377 1502 2444 ha-

248 2487 331 2550 bent
347 2493 478 2548 veteres
497 2490 533 2546 et
547 2483 623 2546 satis
636 2484 787 2546 idoneos.
807 2484 995 2548 Edicebant
1012 2483 1125 2568 itaque
1142 2504 1255 2547 omnes
1268 2485 1447 2550 Praetores
1461 2491 1501 2568 5).

248 2591 356 2675 quue
378 2590 481 2653 fiebat
501 2589 616 2652 habita
634 2590 812 2672 concione,
835 2591 991 2676 dictoque
1019 2591 1054 2655 in
1078 2589 1172 2674 leges
1185 2590 1421 2678 jurejurando,
1447 2616 1502 2658 ceu

249 2700 389 2784 adparet
411 2719 454 2760 ex
470 2695 621 2760 Giceron.
643 2697 682 2759 de
696 2698 796 2760 stass.
811 2699 893 2762 Bon.
909 2709 941 2762 et
958 2699 1036 2761 Mal.
1049 2700 1090 2761 11.
1105 2699 1156 2763 22.
1178 2699 1282 2764 Erant
1301 2723 1381 2766 vero
1403 2703 1502 2766 Prae-

249 2813 355 2870 torum
377 2805 487 2869 edicta
501 2802 556 2868 vel
571 2807 735 2888 generalia
746 2803 801 2867 vel
820 2809 975 2888 spectatio.
997 2805 1072 2890 Illa,
1089 2828 1185 2892 quam
1196 2808 1281 2892 juris
1303 2807 1440 2875 dicundi
1454 2833 1502 2873 ra-

249 2915 375 2978 tionem
396 2934 457 2998 per
476 2932 595 2976 annum
618 2919 811 2997 sequuturus
835 2921 921 2976 esset
947 2914 1106 2996 Praetor,
1128 2913 1333 3000 indicabant,
1360 2920 1502 2982 undeet

162 3032 165 3038 '
248 3023 335 3105 teges
354 3041 481 3085 annuos
498 3020 649 3085 dicuntur
665 3018 771 3084 Cicer.
794 3021 882 3083 Verr.
902 3021 993 3084 142.
1023 3021 1133 3104 Haec,
1156 3023 1413 3090 obvenientibus
1435 3025 1502 3112 qui-

248 3123 375 3214 busque
393 3129 548 3214 negotiis,
561 3128 628 3211 vel,
646 3134 682 3190 ut
704 3128 742 3190 L.
758 3126 789 3191 7.
801 3148 854 3210 pr.
870 3130 911 3192 D.
932 3131 972 3192 de
987 3115 1105 3194 Ju'rod.
1120 3130 1233 3214 habet,
1246 3135 1344 3214 prout
1358 3154 1412 3197 res
1429 3137 1503 3197 tirci-

317 3383 352 3452 x)
373 3381 471 3436 Attum
489 3382 556 3452 quid
580 3379 675 3444 tuerit,
693 3380 783 3434 adbuc
805 3381 967 3449 subjudice
984 3381 1018 3436 lis
1036 3387 1087 3436 est.
1115 3383 1267 3450 sucophuo
1284 3385 1305 3453 ξ.
1325 3389 1366 3438 12.
1384 3385 1455 3440 Imt.
1474 3388 1503 3440 dc

248 3467 345 3520 actiom
363 3468 455 3520 album
473 3471 515 3520 est
532 3466 664 3528 edietum,
683 3463 728 3516 dui
743 3464 772 3516 ro*
800 3467 907 3523 λευκοῖς
925 3467 1109 3532 γεγραμμένον
1125 3468 1279 3534 γράμμασι,
1299 3469 1360 3540 quia
1377 3470 1447 3524 albis
1464 3472 1504 3523 lit·

248 3551 312 3602 teris
329 3551 467 3618 emptam.
485 3549 632 3604 Enimvero
650 3564 706 3602 aon
726 3547 818 3615 ipsum
835 3549 954 3603 edietum
975 3552 1067 3605 album
1084 3551 1248 3617 vocabatur,
1266 3554 1315 3607 sed
1333 3555 1456 3609 edictum
1478 3557 1504 3609 in

248 3635 311 3688 albo
329 3634 542 3701 proponebatur.
567 3633 692 3688 decorati
709 3634 855 3700 sententia,
873 3635 1069 3700 existimantis,
1087 3637 1172 3690 inisse
1188 3639 1319 3703 parietem
1338 3639 1504 3706 dealbatum,

248 3708 386 3789 plerisque
403 3718 485 3772 hodie
503 3720 623 3784 vapulat.
647 3717 703 3772 Sed
719 3717 825 3771 ridetur
844 3725 933 3773 tamen
951 3720 1023 3774 idem
1041 3722 1132 3789 colligi
1149 3738 1231 3790 posse
1248 3740 1284 3776 ex
1301 3726 1402 3779 Plauto
1423 3729 1505 3780 Pers.

247 3807 310 3860 Ast.
329 3805 354 3860 I.
371 3822 409 3857 ec.
427 3807 452 3856 ξι
470 3819 495 3853 a.
512 3806 557 3854 21.
573 3818 624 3870 sp,
641 3803 724 3856 modo
742 3803 793 3856 bos
810 3820 907 3858 versus
924 3804 964 3858 sie
977 3807 1116 3872 legamus:

448 3886 480 3940 Si
495 3886 602 3956 iustas,
618 3902 670 3946 ose
686 3889 832 3954 ausura
848 3901 977 3960 nusquam
995 3891 1158 3960 adpareret,

304 4012 309 4023 .
451 3970 506 4030 Qui
522 3969 564 4022 tic
580 3986 650 4024 Am
664 3974 894 4032 ravennaticae
912 3984 1065 4044 oppiparae
1081 3973 1157 4030 bina.

249 4059 287 4110 ut
303 4055 403 4110 suidas
421 4071 489 4108 voce
506 4053 633 4118 λεύκωμα
650 4058 743 4115 album
760 4059 952 4125 interpretatam
969 4063 1117 4129 puteum.
1131 4077 1214 4129 mro
1238 4059 1393 4122 obruam,
1410 4064 1450 4114 ad
1465 4063 1507 4116 ὑι-

248 4142 416 4209 scriptionem
434 4140 548 4194 asima·
570 4155 663 4200 rem
680 4150 779 4212 spotm-
805 4144 865 4198 Jae.
887 4145 1022 4198 Raeverd·
1048 4144 1207 4200 Procribaa.
1224 4147 1246 4200 1
1250 4146 1277 4200 V·
1292 4163 1323 4214 p·
1335 4149 1399 4200 88⁷.
1421 4147 1505 4200 Heia.

250 4221 339 4292 [⁸De
358 4225 437 4280 albos
455 4227 505 4281 Ge.
525 4224 667 4280 d'srnsnd
684 4227 783 4280 variar.
801 4229 916 4296 oonjeot.
935 4231 971 4282 11.
991 4228 1055 4298 18.].

317 4324 351 4389 y)
370 4326 514 4379 Praetores
532 4325 621 4379 edicta
647 4326 797 4394 scripturos
818 4327 900 4380 etiam
917 4329 1054 4382 'tribunos
1077 4327 1165 4394 piebis
1182 4329 1341 4384 adhibuisse
1360 4330 1395 4383 in
1413 4331 1506 4383 oonsi-

248 4405 331 4472 lium,
349 4414 423 4485 patet
445 4425 482 4462 cx
500 4410 555 4464 Cio
570 4409 603 4463 ds
626 4411 706 4482 Offio
724 4413 784 4465 III.
801 4415 845 4468 20.
872 4412 955 4476 Quod
980 4411 1090 4480 quidem
1108 4413 1202 4478 tiebat,
1220 4414 1244 4467 si
1269 4414 1337 4484 quid
1353 4413 1505 4478 obveniret,

249 4490 324 4560 quod
341 4491 376 4543 sd
393 4507 537 4549 commune
556 4497 695 4552 Praetoris
713 4503 741 4551 et
758 4497 942 4552 Tribunorum
960 4496 1077 4552 officium
1094 4497 1254 4564 pertinebat
1271 4497 1353 4552 Heius.
