3062 5164
455 423 510 494 Du
535 425 630 494 duna
656 427 932 501 Pnovrucrsnuns.
1245 443 1316 510 309

45 604 143 682 ejus,
170 605 227 663 cei
241 602 347 663 mend.
366 603 546 684 jurisdictio
572 612 718 685 constat,
741 613 775 668 et
799 607 935 692 egregie
965 623 1026 672 suo¹
1049 629 1140 674 more
1164 613 1317 699 disquirit

47 709 138 772 Ger.
167 709 287 772 Noodt
306 711 345 772 de
362 709 481 773 Jurs'sd.
501 711 544 772 ΙΙ.
560 711 590 773 7.
608 734 641 793 p.
659 711 729 774 161.
754 713 853 777 Unde
874 714 997 780 Caesar
1012 717 1051 778 de
1068 719 1158 781 Bello
1178 722 1240 784 Cib.
1256 723 1316 784 m.

45 817 100 878 51.
129 820 231 880 Aliae
256 827 332 881 suet
353 820 472 901 Legati
486 827 615 902 partes,
633 829 727 902 atque
749 823 971 904 Imperatores:
994 827 1076 888 ulter
1095 833 1197 890 omnic
1222 849 1318 910 egere
1340 897 1342 904 ,

48 927 95 987 od
102 929 357 1008 praescriptum,
377 929 458 988 alter
475 928 569 990 libere
589 929 634 989 ad
649 949 802 990 sommam
814 951 920 994 rerum
934 935 1096 996 considere
1110 933 1208 1007 dedet,
1222 934 1316 999 Idem

48 1035 87 1094 de
110 1035 213 1096 Bello
230 1034 293 1096 Dio.
307 1035 349 1094 ΙΙ.
364 1033 415 1095 17.
435 1035 570 1116 officium
585 1035 918 1117 Legatifidocieriam
932 1038 1014 1103 dicit
1028 1061 1155 1122 operam
1172 1044 1318 1107 obtinere.

48 1141 302 1226 Reliquorum,
319 1141 374 1227 qui
391 1142 424 1203 in
443 1143 600 1206 comitatu
620 1142 812 1206 Praesidum
832 1145 944 1229 fuere,
959 1145 1063 1212 veluti
1081 1149 1316 1233 Tribunorum,

52 1242 321 1332 Centurionum,
342 1250 608 1332 praefectorum,
634 1251 827 1334 scribarum,
851 1252 1070 1336 medicorum,
1092 1258 1318 1338 adcensorum‚

54 1359 282 1444 haruspicum,
301 1380 511 1442 praeconum,
531 1358 614 1438 (vid.
631 1359 702 1422 Liv.
719 1361 823 1422 XLII.
838 1361 889 1424 49.
908 1362 977 1426 Cic.
998 1365 1178 1428 Verrr’n.11.
1196 1367 1262 1448 10.)
1282 1377 1318 1432 et

52 1468 153 1554 hujus
170 1467 307 1552 generis
325 1466 462 1533 aliorum
485 1467 705 1532 ministrorum
723 1489 884 1554 quaenam
907 1471 1030 1536 fuerint
1044 1473 1165 1554 officia,
1185 1496 1228 1537 ex
1245 1475 1317 1559 ipsa

55 1577 184 1640 veteris
202 1576 253 1640 rei
272 1574 422 1640 militaris
439 1599 478 1640 ac
489 1575 690 1661 judiciorum
706 1577 835 1642 ratione
851 1578 950 1647 facile
965 1579 1143 1665 colligitur.
1168 1582 1222 1646 De
1238 1583 1316 1648 solis

61 1683 357 1748 contubernalibus
383 1683 585 1768 addendum,
608 1684 709 1749 fuisse
727 1687 775 1750 ita
792 1687 978 1771 adpellatos
994 1687 1241 1772 adolescentes,
1260 1693 1318 1778 qui

28 1818 34 1824 ·
62 1793 305 1880 percipiendae
324 1794 374 1856 rei
392 1793 542 1857 militaris
561 1802 595 1858 et
610 1793 801 1878 provinciae
820 1797 1072 1880 cognoscendae
1090 1820 1202 1866 caussa
1214 1801 1318 1864 Prae-

63 1903 198 1966 sidesin
215 1901 422 1986 provinciam
440 1910 533 1966 erant
548 1903 693 1988 sequuti:
711 1904 778 1968 cic.
794 1927 854 1988 pro
871 1907 950 1970 Geel.
968 1929 993 1969 e.
1007 1906 1058 1970 30.
1078 1915 1187 1990 cipro
1206 1910 1317 1972 Plane.
1354 1944 1359 1953 ·
1410 1951 1413 1958 ·

61 2033 85 2072 c.
96 2012 149 2072 ll.
172 2011 228 2074 Ex
243 2017 316 2074 toto
334 2030 413 2074 vero
426 2011 487 2074 illo
501 1999 698 2098 provinciali
713 2013 882 2096 comitatu,
896 2013 1003 2079 libera
1018 2015 1125 2080 adhuc
1135 2016 1317 2106 republica,

61 2118 262 2182 exsulabant
284 2119 447 2204 feminae,
472 2143 552 2208 quas
577 2122 617 2184 ab
640 2118 784 2205 Augusti
811 2121 942 2185 demum
969 2123 1171 2207 temporibus
1186 2128 1216 2206 ¹)
1241 2125 1317 2189 duci

60 2212 216 2313 coepisse
231 2227 264 2290 in
279 2227 476 2312 provincias,
494 2230 603 2316 palam
621 2235 679 2292 est.
701 2228 791 2292 Hinc
808 2229 854 2294 M.
871 2229 1000 2294 Seneca
1021 2233 1245 2300 contenebit.
1260 2233 1317 2296 IV.

58 2348 200 2400 controv.
211 2336 261 2398 25.
276 2335 390 2402 laudat
405 2339 638 2420 Flamininum,
650 2336 739 2422 quod
751 2337 897 2400 exiturus
909 2339 943 2400 in
959 2339 1164 2422 provinciam
1178 2360 1315 2404 uxorem

58 2467 77 2507 a
94 2452 200 2528 porta
214 2442 379 2509 dimiserit.
402 2445 449 2511 At
464 2455 636 2532 postquam
657 2444 825 2530 Augustus
843 2445 1054 2531 quibusdam,
1072 2448 1217 2532 quamvis
1240 2469 1315 2532 gra-

58 2562 150 2634 vate,
164 2551 201 2614 id
220 2561 436 2638 concesserat,
453 2554 571 2618 sensim
589 2552 755 2620 obsolevit
774 2553 833 2619 illa
852 2554 1009 2637 majorum
1026 2553 1209 2641 disciplina.
1226 2556 1317 2620 Hinc

63 2669 96 2724 et
114 2661 237 2724 frustra
254 2661 317 2723 fuit
338 2662 397 2726 sub
421 2661 561 2726 Tiberio
581 2661 742 2745 Caecina,
763 2662 961 2748 quimorem
984 2671 1131 2727 veterem
1155 2684 1316 2732 rovocan-

69 2767 138 2830 dum
153 2767 330 2833 suadebat:
345 2769 453 2833 Tacit.
469 2773 588 2834 Annei.
603 2771 659 2832 III.
666 2768 717 2832 33.
743 2773 834 2833 Inter
850 2791 930 2852 quoe
944 2771 1082 2834 Severus
1097 2773 1230 2836 Caecina
1246 2795 1318 2838 cen-

67 2882 135 2950 suit,
150 2899 190 2940 ee
211 2899 301 2958 quem
317 2882 547 2960 magistratum,
569 2882 624 2940 cui
639 2881 798 2959 provincia
814 2879 994 2953 obvenisset,
1008 2901 1089 2943 uror
1106 2884 1318 2946 comitaretur.

64 2983 106 3048 Et
127 2985 242 3068 paucis
268 2985 465 3070 interjectis:
481 2987 585 3050 Haud
600 2973 828 3064 enim'sro‘stro
848 2987 1002 3068 placitum
1023 2989 1107 3059 olr‘rn,
1125 3009 1164 3050 ne
1174 2990 1319 3068 feminee

67 3097 99 3152 in
118 3098 212 3156 socios
232 3104 289 3156 aot
308 3105 416 3175 gentes
437 3104 585 3158 eotenus
606 3093 818 3156 traderentur.
845 3095 1136 3160 Inessemulierum
1149 3101 1317 3172 comitatui,

68 3221 148 3280 quae
159 3221 270 3282 pacem
286 3204 374 3275 loru,
390 3203 500 3266 bellem
507 3203 681 3281 formidine
697 3211 867 3262 moremur.
886 3199 971 3282 Sed,
988 3207 1023 3264 ut
1041 3199 1126 3283 dixi,
1144 3203 1227 3266 nihil
1240 3225 1318 3288 pro-

64 3308 145 3372 fecit
167 3309 329 3386 Caecina,
348 3309 487 3374 Valerio
504 3309 685 3373 Messalino
703 3316 738 3370 ct
754 3307 864 3372 Druso
888 3309 920 3372 ei
938 3308 1087 3395 graviter
1104 3309 1319 3374 occlamanti-

63 3417 131 3481 bus.
155 3417 247 3480 Hinc
272 3439 371 3502 saepe
390 3439 510 3481 uxores
532 3439 603 3480 cum
620 3417 864 3501 magistratibus
890 3439 933 3480 ex
956 3439 997 3481 eo
1015 3425 1165 3502 tempore
1187 3418 1221 3482 in
1239 3440 1319 3503 pro-

63 3527 181 3590 vinciis
195 3526 339 3590 haesisse
357 3526 509 3612 legimus,
526 3525 630 3591 veluti
645 3545 782 3614 uxorem
801 3524 919 3590 Pilati:
935 3526 1049 3590 Mottl.
1059 3527 1111 3590 27.
1121 3526 1172 3591 19.
1189 3526 1320 3591 Drusil-

131 3769 168 3837 κ)
189 3769 236 3820 De
252 3767 313 3834 ipso
335 3765 444 3837 quidem
462 3767 588 3833 Augusto
613 3767 725 3819 Sueton.
756 3764 848 3816 Oetae.
866 3783 888 3816 c.
906 3768 948 3817 24.
967 3763 1142 3833 Disciplinam
1160 3768 1320 3821 recemum

65 3855 142 3918 rexit,
160 3855 374 3922 eeLeqetmum
392 3852 495 3922 quidem
513 3853 643 3920 cuiquam,
659 3851 712 3904 uisi
725 3858 850 3918 gravate,
869 3847 1033 3920 hibernisque
1052 3851 1155 3904 demum
1182 3852 1321 3917 mensibus,

65 3941 185 4006 permisit
201 3955 312 3992 uxerem
330 3932 493 3992 intervisere.
509 3936 648 3990 Tiberium
666 3951 778 4006 quoque
795 3935 884 3989 simile
902 3935 970 4004 quid
987 3936 1121 4000 sanxisse,
1142 3941 1218 4004 patet
1234 3953 1270 3990 ex
1287 3939 1319 3993 L.

72 4029 110 4076 14.
128 4025 162 4077 D.
181 4025 215 4076 de
238 4023 318 4094 Offie.
341 4025 470 4076 Proreus.
489 4022 543 4075 Sed
560 4037 615 4076 non
634 4015 681 4080 diu
700 4023 767 4076 baec
785 4021 913 4088 antiquae
936 4021 1096 4088 discipliuae
1113 4020 1214 4072 mansit
1229 4028 1321 4075 custo·
1391 4069 1396 4072 .

67 4109 119 4174 dia,
138 4127 174 4162 ex
193 4123 250 4178 quo
267 4109 327 4176 ipse
344 4111 485 4175 Augustus
502 4107 622 4170 Liviam3
649 4107 826 4160 Germanicus
844 4103 1023 4173 Agrippinam
1045 4104 1073 4156 in
1100 4105 1253 4171 provincias
1271 4108 1322 4160 du-

66 4201 151 4248 xerat.
176 4194 296 4248 Cautum
321 4201 411 4246 umen
430 4197 519 4247 fuerat
542 4195 615 4247 stlta
632 4198 665 4247 A.
683 4193 716 4246 U.
737 4193 767 4246 Ο.
787 4191 1029 4246 nccsxxrr.'Cotta
1051 4195 1079 4241 et
1102 4190 1224 4244 Messala
1243 4192 1322 4246 Coss.

65 4287 103 4346 ut,
122 4280 147 4334 si
165 4295 239 4332 uxor
257 4280 362 4350 aliquid
380 4277 524 4349 deliquerit
539 4279 568 4331 in
585 4279 715 4332 comitatu
733 4277 881 4341 Praesidis,
899 4272 1013 4342 abipso
1025 4275 1123 4328 marito
1135 4279 1205 4330 ratio
1223 4284 1250 4330 et
1262 4276 1322 4342 vin·

66 4369 139 4420 dicta
157 4367 328 4434 exigeretur:
353 4367 386 4418 L.
404 4371 429 4420 4.
448 4367 468 4433 ξ.
486 4370 512 4417 2.
531 4366 567 4416 D.
586 4365 618 4416 de
640 4363 720 4434 Offic.
742 4367 870 4417 Proeoes.
889 4362 968 4418 Hele.
994 4359 1117 4412 Uxorem
1135 4361 1163 4413 in
1181 4361 1322 4428 provincia

65 4451 162 4505 habuit
180 4451 302 4504 Plinius:
320 4449 374 4503 vid.
394 4451 476 4519 Epist.
494 4450 541 4502 ult.
560 4448 617 4503 Lis.
636 4451 675 4502 X.
694 4453 726 4503 In
745 4451 819 4502 Actis
841 4449 997 4502 Sanctorum
1016 4445 1045 4498 iu
1061 4447 1114 4498 uita
1137 4445 1164 4498 S.
1182 4445 1287 4499 Julierli
1298 4468 1321 4500 c.

66 4541 90 4591 7.
108 4537 130 4605 ἓ.
148 4541 192 4590 31.
214 4555 285 4589 uxor
307 4537 447 4588 Praesidis
470 4537 540 4588 venit
556 4535 651 4604 stipata
679 4533 750 4588 omni
758 4535 869 4603 familie
890 4551 938 4585 sice
955 4532 1092 4600 uteturque
1115 4547 1193 4584 sexus
1216 4531 1323 4586 circiter

67 4625 181 4693 quinque
198 4619 321 4675 militas.
342 4621 425 4674 Oeae
