3062 5156
327 374 381 442 Da
406 331 581 442 Excusnr.
607 373 743 444 Toron.
768 373 844 480 Vm.
871 372 1005 444 Cunna.
1222 385 1298 452 ΞΜ

56 555 142 634 Epist.
166 550 234 612 VII.
248 549 299 612 lu
320 549 349 612 Ε
369 547 566 612 Consulibus
583 567 717 636 quoque
734 548 826 633 prior
845 551 995 614 sumebat
1013 550 1134 630 fasces,
1152 553 1209 637 qui
1225 555 1297 618 col-

56 660 150 742 legam
165 658 345 720 liberorum
366 655 577 720 multitudine
597 656 763 720 anteibat:
782 655 871 720 Gell.
888 659 994 720 Noctt.
1013 662 1081 722 Art.
1095 661 1137 721 II.
1154 660 1205 724 15.
1229 662 1297 726 La-

57 768 108 830 tini
122 787 220 850 porro
242 749 407 828 ob'filium
422 762 568 828 filiamve
586 763 774 828 anniculum
794 765 1039 849 anniculamve,
1055 766 1197 832 Latinae
1216 789 1296 833 vero

57 876 91 936 ob
105 882 215 936 ternos
233 879 343 956 partus
356 873 411 957 jus
427 870 612 948 Quiritium
624 873 929 957 consequebantur:
946 874 1025 958 Ulp.
1045 875 1178 958 Fragm.
1193 877 1254 939 III.
1266 876 1297 940 1.

56 980 168 1044 Liberti
184 981 230 1044 ob
246 979 490 1043 multitudinem
507 979 688 1044 liberorum
710 981 753 1042 ab
772 980 893 1064 aperie,
913 981 1079 1065 ingenuae
1100 990 1133 1046 et
1152 981 1295 1054 libertae

56 1113 71 1152 a
88 1088 187 1153 tutela
204 1087 448 1152 liberabantur:
470 1087 509 1150 L.
528 1086 579 1150 37.
598 1090 639 1151 D.
658 1089 695 1150 de
715 1089 809 1171 Oper.
826 1089 924 1151 libert.
948 1087 1117 1154 Plutarch.
1135 1090 1168 1154 in
1186 1091 1297 1156 Numa

55 1195 97 1260 10.
112 1196 177 1260 Dio
200 1197 287 1258 Hor.
312 1195 399 1256 LVI.
418 1194 469 1256 10.
490 1196 621 1278 dlogm.
638 1195 752 1277 Regni.
775 1216 816 1258 ea
839 1197 1040 1279 mtereJcto
1061 1196 1089 1277 §.
1108 1196 1138 1259 6.
1161 1197 1297 1282 Ulpian.

54 1305 173 1386 diogen.
187 1303 315 1366 XXIX.
326 1301 357 1366 2.
370 1301 402 1366 3.
420 1302 443 1366 J
445 1302 590 1366 uvabunt
606 1302 705 1366 etiem
725 1301 824 1367 liberi
840 1303 875 1367 in
887 1302 1129 1368 hereditatibus
1149 1313 1183 1367 et
1197 1305 1297 1370 solidi

55 1412 244 1494 capacitate:
257 1409 335 1494 Ulp.
357 1411 488 1491 diogm.
503 1414 550 1474 m.
566 1409 642 1472 XV.
655 1410 746 1474 XVI.
765 1411 838 1474 Imo
857 1417 893 1474 et
905 1410 1100 1488 honoratior
1115 1412 1149 1476 in
1164 1413 1296 1478 theatro

54 1519 134 1582 locus
153 1519 295 1582 dabatur
309 1517 367 1595 iis,
387 1517 444 1600 qui
465 1517 576 1600 plures
597 1517 761 1582 haberent
778 1517 921 1582 liberos:
944 1517 1143 1583 Gothofred.
1162 1522 1205 1583 od
1219 1521 1297 1604 ὣς.

55 1627 126 1708 Pap.
140 1628 239 1708 Pupp.
255 1647 281 1690 c.
296 1625 326 1688 7.
343 1645 388 1706 sq.
401 1647 436 1706 p.
450 1623 514 1688 280
528 1622 575 1704 ¹¹).
611 1625 650 1690 In
669 1625 783 1708 primis
808 1647 890 1688 vero
909 1625 971 1690 hao
991 1625 1071 1710 lege
1091 1628 1200 1692 fuerat
1219 1649 1298 1694 cau-

54 1741 129 1815 tum,
144 1741 198 1815 ut,
217 1734 274 1818 qui
295 1732 473 1796 secundum
493 1731 578 1796 hanc
593 1731 705 1816 legem
721 1733 847 1797 liberos
867 1742 950 1816 tres,
966 1733 1095 1800 Romae
1114 1744 1227 1818 natos,
1244 1757 1297 1799 su-

55 1842 211 1924 perstiteS,
231 1841 288 1925 qui
304 1849 445 1925 quatuor
466 1840 636 1922 inludia,
655 1841 711 1925 qui
733 1841 880 1925 quinque
894 1843 929 1906 in
951 1841 1130 1924 provinciis
1145 1843 1296 1927 haberet,

56 1949 185 2012 omnium
208 1971 379 2013 munerum
399 1948 622 2032 personalium
647 1949 885 2012 immunitatem
908 1949 1063 2014 haberet:
1081 1972 1134 2032 pr.
1148 1954 1252 2018 Imtit.
1267 1955 1297 2016 b.

55 2066 72 2118 t.
84 2057 118 2119 t.
132 2057 161 2120 l.
176 2066 207 2120 et
222 2061 278 2119 ult.
297 2057 328 2118 0.
348 2056 507 2133 Qm'nom.
523 2057 572 2119 lob.
588 2056 626 2118 1..
642 2056 691 2118 18.
711 2058 754 2118 D.
766 2057 805 2118 da
819 2057 940 2120 Exores.
956 2065 1014 2120 tat.
1028 2056 1073 2137 ¹).

626 2209 655 2290 ς.
677 2206 707 2268 s.

369 2324 420 2377 Ju:
438 2323 581 2376 liberorum
601 2324 830 2392 memorialiter,
849 2323 970 2392 quinque.

124 2426 214 2489 Hinc
231 2445 313 2508 ergo
334 2432 445 2488 natum
465 2425 625 2488 famosum
639 2423 725 2488 illud
739 2425 796 2508 jus
815 2425 924 2504 trium,
942 2430 1083 2508 quatuor
1099 2432 1134 2488 et
1147 2424 1296 2510 'quinque

51 2533 241 2614 liberorum,
263 2532 353 2617 quod
376 2543 487 2596 tamen
508 2541 543 2596 et
568 2531 684 2594 liberis
712 2531 804 2614 orbi,
829 2531 896 2594 imo
924 2538 959 2593 et
982 2530 1110 2595 steriles
1134 2551 1297 2597 nonnum-

52 2663 157 2724 quam,
178 2640 345 2710 beneficio
367 2641 568 2725 principum,
584 2640 792 2704 obtinebant.
814 2638 980 2722 Exempla
1002 2648 1078 2704 sunt
1099 2641 1187 2726 apud
1209 2642 1297 2706 Plin.

50 2750 147 2830 Ερίει.
159 2751 201 2812 ΙῙ.
216 2748 269 2811 13.
291 2749 364 2810 VII.
376 2747 428 2811 16.
446 2749 487 2811 X.
503 2747 554 2810 95.
572 2749 638 2810 imo
657 2748 741 2812 etin
762 2748 1040 2832 inscriptionibus,
1061 2748 1165 2812 veluti
1185 2750 1218 2812 in
1237 2749 1297 2814 illa

51 2856 132 2939 apud
149 2855 242 2920 Grut.
252 2877 287 2937 p.
302 2855 493 2917 MLXXXI.
507 2855 564 2918 ubi
580 2855 735 2920 laudatur
748 2871 1003 2936 suarm-muna,
1021 2871 1081 2920 :us
1101 2873 1296 2920 arnunonun

51 2979 187 3046 annuns,
208 2953 244 3026 et
265 2963 301 3025 in
323 2961 413 3042 aliis,
433 2963 468 3024 in
489 2964 607 3047 quibus
632 2963 766 3027 litterae
784 2961 816 3025 J.
833 2963 869 3024 L.
887 2960 933 3025 H.
946 2960 980 3023 id
995 2968 1062 3044 est,
1078 2979 1137 3027 Jus
1158 2981 1295 3028 trenno-

49 3087 114 3134 nuu
138 3085 291 3134 nuans:
312 3070 493 3134 Brummcr.
513 3073 551 3134 de
577 3074 646 3153 lege
671 3072 755 3133 binc.
777 3069 829 3132 14.
848 3066 949 3151 Apud
976 3069 1127 3132 eumdem
1155 3069 1249 3134 Grut.
1264 3091 1297 3152 p.

54 3179 237 3241 cccxxii.
257 3200 290 3239 n.
306 3176 336 3239 s.
360 3178 485 3241 mentio
507 3162 544 3241 fit
568 3178 692 3242 albiae
719 3176 940 3248 Flaminiae,
961 3193 1017 3238 σοι
1040 3194 1112 3238 nn.
1130 3191 1189 3239 sus
1210 3193 1297 3238 con-

49 3301 134 3349 num
149 3286 183 3366 k)
205 3271 401 3348 mammon
422 3297 615 3367 concessu,
633 3294 714 3365 etp.
730 3284 915 3347 norm
929 3305 961 3347 n.
974 3283 1005 3346 a
1026 3283 1177 3347 Persicus
1194 3282 1297 3344 naer-

48 3392 125 3456 tinus
144 3392 334 3478 sepulcrum
351 3412 386 3454 se
408 3392 595 3456 condidisse
611 3399 752 3456 testatur
773 3408 801 3453 c.
820 3409 1001 3455 consumo.
1017 3409 1165 3457 ransrco
1183 3409 1210 3454 a.
1231 3408 1295 3455 nn·

47 3515 138 3563 nuum
149 3516 274 3577 nouum
286 3516 466 3581 runmcun,
482 3507 518 3563 et
528 3515 730 3581 connnnmn,
744 3514 901 3580 zozmnu,
916 3515 1128 3582 murmuras,
1146 3516 1296 3564 nanuum

45 3623 97 3671 ms
115 3615 284 3685 Quaruon
308 3623 460 3670 umunon.
481 3624 657 3671 musarum
681 3621 819 3670 cassen.
840 3605 943 3668 Plura
961 3605 1004 3668 de
1027 3607 1091 3668 hoc
1109 3607 1186 3690 jure
1207 3627 1297 3669 eom-

46 3725 203 3780 mentatus
223 3723 275 3778 est
293 3713 340 3776 M.
360 3714 555 3796 Vertranius
572 3714 706 3778 Maurus
731 3712 888 3797 singulari
908 3711 995 3776 libro
1018 3713 1058 3774 de
1077 3716 1171 3775 trram
1187 3714 1297 3775 libero·

45 3843 109 3884 rum
123 3826 205 3906 jure
219 3823 267 3904 ¹),
284 3821 318 3883 in
335 3841 401 3905 quo
423 3829 534 3884 tamen
555 3822 659 3886 multa
677 3821 805 3905 potiuS,
823 3838 918 3905 quam
941 3817 1031 3882 bona
1047 3825 1082 3881 et
1103 3819 1226 3902 solida,
1242 3840 1302 3914 re3

43 3949 156 4010 penes.

105 4130 137 4195 b)
158 4129 204 4180 De
222 4125 292 4192 legis
315 4125 371 4178 Jul.
393 4128 421 4176 et
437 4123 542 4192 Papiae
559 4127 649 4191 Popp.
673 4123 787 4178 historia
810 4129 837 4178 et
859 4129 1018 4191 argumento
1041 4121 1189 4175 universim
1213 4120 1295 4174 etiam

42 4213 84 4265 cfr.
95 4214 183 4279 Hugo
198 4212 237 4267 R.
253 4211 287 4262 G.
301 4225 328 4275 p.
343 4213 490 4264 763-765.
503 4211 544 4264 ed.
557 4211 610 4262 XI.
622 4209 756 4274 Schilliug
769 4207 897 4262 Bemiib.
910 4209 948 4261 R.
962 4209 996 4260 G.
1008 4223 1035 4272 p.
1046 4209 1192 4260 aee-³16.
1207 4205 1295 4258 Mtte.

109 4299 135 4365 i)
157 4299 309 4364 Mpugnat
321 4295 391 4348 banc
404 4294 523 4346 auctoris
536 4293 699 4348 seutentiam
712 4294 832 4348 Rudorff
840 4293 857 4346 l.
870 4294 887 4346 l.
902 4294 938 4346 H.
950 4310 977 4360 p.
992 4296 1048 4346 13³
1061 4305 1102 4358 sq.
1121 4289 1209 4342 Mitte

103 4385 138 4452 k)
159 4381 323 4450 Legendum
341 4380 498 4432 turranius
516 4393 683 4432 constamus:
700 4392 861 4442 arnasonun,
879 4380 915 4431 ob
933 4379 1009 4448 quod
1021 4376 1140 4431 solidum
1153 4374 1296 4442 capiebant

41 4465 104 4520 iuter
122 4485 154 4521 se
173 4468 325 4534 conjuges:
342 4465 406 4531 Ulp.
424 4465 533 4532 Frcqm.
554 4463 637 4516 XVI.
657 4470 680 4517 1.
705 4465 785 4517 Heia.
857 4493 860 4500 ·
1226 4515 1229 4522 ,

111 4556 136 4621 Ι)
158 4553 277 4606 Librum
294 4551 367 4602 huno
383 4549 485 4602 frustra
503 4563 519 4598 a
537 4564 567 4601 se
585 4548 755 4602 bibliothecis
779 4547 947 4615 quaesitum,
966 4545 1004 4598 ait
1022 4548 1174 4598 Brummer.
1192 4545 1228 4597 ad
1247 4544 1295 4612 leq.
