3122 5162
499 375 553 444 Da
578 375 740 446 l‘uauors
765 373 927 444 Junrous.
1264 355 1344 446 ι799

97 555 264 617 allam
274 553 499 634 perduellionis
514 572 569 614 reo
583 550 646 614 n3.
661 549 910 632 l).'l'enebatur
921 569 960 613 ea
976 548 1065 633 lege,
1081 548 1138 634 qui
1153 549 1257 614 civem
1272 549 1344 614 Ro·

95 645 220 726 msnum
236 660 427 744 ingenuum,
435 658 820 738 libertinum,servumve
836 657 980 723 alienum
993 656 1170 739 celaverat,
1183 657 1345 723 vendide-

94 778 158 844 rat,
173 769 345 849 vinxerat,
371 774 638 850 comparaverat,
661 766 760 850 quive
777 767 810 830 in
827 787 899 832 eam
914 785 982 828 rem
1007 764 1114 828 socius
1129 764 1245 830 fuerat.
1264 767 1344 851 Ejus

94 862 232 963 poenam
245 874 323 938 olim
336 873 514 938 numeriam
527 874 638 954 luisse,
653 874 698 936 ait
707 873 830 938 Paulus
847 872 934 958 apud
944 872 1253 938 Auctoremoollat.
1262 876 1345 956 legg.

93 987 261 1048 Masaicar.
276 991 308 1046 et
321 984 455 1044 Roman.
465 982 555 1044 XIV.
565 980 596 1044 2.
611 982 657 1062 ¹).
674 980 742 1045 Sed
758 981 846 1044 idem
860 981 967 1061 addit,
983 987 1101 1064 postea
1115 980 1149 1043 in
1167 979 1346 1064 plagiarios

94 1102 186 1156 extra
207 1090 357 1154 ordinem
380 1087 650 1154 animadvertisse
672 1089 868 1154 Praefectos
889 1089 979 1164 urbi,
1000 1088 1148 1172 itemque
1170 1087 1346 1154 Praesides

94 1198 350 1286 provinciarum,
367 1205 401 1259 et
416 1195 462 1260 ita
478 1196 629 1281 quidem,
646 1205 682 1260 ut
696 1195 889 1260 humiliores
904 1206 961 1260 aut
975 1195 1008 1259 in
1025 1193 1346 1266 metallumdsmna·

93 1317 215 1389 rentur,
231 1305 335 1370 autin
351 1324 479 1368 crucem
495 1303 703 1385 tollerentur,
718 1303 937 1385 honestiores,
954 1302 1086 1368 ademta
1101 1301 1238 1369 dimidia
1251 1311 1345 1388 parte

93 1420 274 1495 bonorum,
296 1414 330 1478 in
355 1421 552 1497 perpetuum
574 1411 812 1498 relegarentur.
842 1411 878 1474 Si
900 1431 1029 1492 servus,
1052 1411 1177 1476 sciente
1199 1410 1346 1493 domino,

92 1523 235 1588 alienum
252 1541 384 1615 servum·
395 1519 621 1600 subtraxerat,
641 1519 853 1601 vendiderat,
870 1519 1055 1601 celaverat,
1070 1519 1104 1582 in
1120 1519 1224 1603 ipsum
1241 1518 1346 1582 domi-

92 1652 167 1695 num
187 1629 530 1695 animadvertebatur:
552 1629 600 1692 sin
625 1628 676 1710 id,
698 1627 834 1692 domino
849 1628 1044 1712 ignorante,
1065 1626 1288 1708 commiserat,
1311 1626 1346 1690 iu

92 1738 260 1820 metallum
277 1735 569 1802 dabatssrvPaulus
584 1738 655 1832 abal.
672 1746 706 1800 et
716 1735 879 1820 Ulpianus
895 1735 928 1798 in
948 1736 1070 1798 Collati„
1086 1737 1169 1818 legg.
1179 1736 1346 1800 Maraioar.

94 1859 125 1910 et
140 1849 271 1910 Ilonrun.
288 1847 376 1908 XIV.
390 1845 421 1909 3.
443 1844 543 1909 Edita
564 1845 664 1908 etiam
688 1852 763 1929 post
778 1865 818 1908 ea
836 1852 986 1928 tempora
1003 1842 1207 1906 Diocletiani
1224 1841 1346 1907 consti-

94 1956 198 2038 tutio,
220 1977 286 2038 qua
300 1955 334 2016 in
350 1955 431 2017 urbe
448 1953 512 2015 hoc
528 1953 650 2016 crimen
667 1953 776 2036 capite
800 1950 960 2016 vindicari
975 1951 1131 2035 jubetur:
1155 1950 1192 2014 L.
1207 1951 1237 2013 7.
1256 1951 1288 2014 0.
1305 1951 1349 2012 nd
1421 2005 1425 2015 .

64 2115 66 2118 .
96 2064 171 2145 Lag.
181 2063 259 2124 Fal.
271 2065 310 2124 de
315 2065 404 2144 plag.
421 2081 517 2146 quam
534 2069 672 2146 sequuta
688 2061 753 2125 alia
765 2058 985 2139 Constantini,
1001 2080 1044 2122 ex
1061 2078 1125 2143 qua
1136 2058 1181 2122 ob
1198 2057 1346 2143 plagium

95 2169 202 2292 libe'pg
292 2171 353 2234 inis
375 2190 486 2233 servus
509 2177 566 2231 aut
586 2167 762 2232 libertinus
784 2168 912 2248 statim,
934 2167 968 2231 id
993 2175 1060 2248 est,
1083 2165 1189 2250 primo
1212 2186 1346 2251 quoque

94 2170 364 2367 milnerssidstiis
388 2276 559 2361 objicitur,
582 2276 670 2340 liber
692 2276 750 2338 sub
772 2275 834 2338 hac
855 2274 962 2338 forma
983 2274 1017 2339 in
1033 2274 1145 2337 ludum
1162 2273 1276 2355 datur,
1299 2282 1345 2355 ut,

93 2363 277 2478 illiduadlf
288 2383 414 2468 aliquid
431 2385 532 2448 faciat
548 2384 589 2448 ad
605 2405 640 2448 sc
656 2383 919 2465 defendendum,
943 2371 1062 2466 gladio
1072 2391 1296 2446 consumatur.
1311 2387 1347 2446 L.

92 2474 311 2586 lllssfflstbd.
327 2493 369 2554 ad
385 2493 462 2574 laag.
478 2493 555 2556 Fal.
570 2493 609 2556 de
618 2494 757 2576 plagiar.

666 2666 696 2747 g.
716 2665 768 2726 77.

423 2779 545 2834 Ambitus
562 2783 635 2852 apud
651 2784 787 2836 Romanos
804 2781 889 2852 qualis
897 2781 1008 2850 suerit?

176 2882 308 2968 Agmen
332 2879 464 2944 claudat
487 2881 608 2948 crimen
629 2891 788 2947 A'mnrvus.
818 2899 946 2946 Amnius
961 2882 1120 2947 Romanis
1143 2890 1214 2946 erat
1230 2892 1345 2966 petere

90 2991 334 3076 magistratum,
358 3009 469 3052 verum
495 2989 670 3055 studiosius
687 3003 786 3079 atque
802 2990 975 3072 obnixius,
1000 3013 1095 3076 quam
1112 3011 1219 3054 mores
1233 2990 1345 3076 leges-

90 3121 159 3183 que
182 3098 324 3162 civitatis
341 3097 502 3160 ferebant.
527 3097 611 3163 Mira
626 3099 680 3163 bic
696 3107 789 3164 erant
803 3098 1028 3162 Romanorum
1046 3097 1199 3180 artificia,
1226 3099 1343 3184 quibas

89 3208 155 3271 sibi
174 3216 208 3270 et
223 3206 400 3270 amicorum
417 3216 451 3269 et
467 3205 582 3290 populi
600 3206 745 3272 favorem
762 3208 993 3273 conciliarent:
1023 3206 1065 3285 Q.
1081 3207 1200 3270 Cicero
1217 3209 1254 3270 de
1264 3213 1344 3290 pen·-

46 3398 51 3403 ·
88 3320 176 3378 tione
194 3315 382 3376 Consulatus
401 3336 427 3377 a.
442 3315 471 3375 5.
494 3316 610 3376 Petilio
629 3321 873 3397 magistratuum
895 3317 995 3378 divisa
1013 3323 1059 3377 est
1081 3319 1113 3377 in
1132 3317 1269 3378 duarum
1290 3337 1344 3378 ra-

87 3427 213 3485 tionum
228 3423 437 3502 diligentiam:
459 3444 593 3504 quarum
608 3424 709 3483 altera
730 3429 763 3486 tn
785 3431 954 3488 amicorum
970 3424 1095 3495 stadiis,
1108 3426 1211 3486 altera
1232 3428 1265 3486 in
1287 3445 1345 3506 po-

80 3533 204 3612 pulare·
217 3531 376 3593 voluntate
393 3533 541 3613 ponenda
552 3539 606 3592 est.
623 3529 731 3592 Amici
748 3542 841 3596 erant
857 3534 1033 3616 propinqui,
1045 3535 1223 3606 necessarii,
1239 3540 1269 3594 el
1292 3534 1348 3616 qul

86 3637 214 3717 aliquid
228 3637 432 3700 ostendebant
451 3640 629 3701 voluntatis.
650 3638 848 3720 Proprnquos
865 3640 1048 3722 vocabant,
1065 3638 1121 3722 qui
1142 3647 1198 3703 aut
1220 3660 1343 3724 cogna-

90 3917 99 3934 .
163 3883 198 3950 k)
218 3881 318 3935 Christ
336 3884 430 3936 Erdm.
448 3883 582 3950 Deyling,
601 3886 694 3936 Praes.
708 3881 771 3937 Car.
784 3885 839 3936 on.
852 3885 1042 3954 Rcchenberg,
1063 3885 1131 3937 Dies.
1146 3884 1183 3936 ad
1196 3883 1276 3953 legem
1291 3883 1341 3938 Fa·

83 3969 163 4022 biam
182 3968 213 4019 dc
229 3968 376 4036 plagiariis
396 3968 470 4035 Lips.
486 3971 562 4022 1745.
576 3973 600 4021 4.
613 3967 741 4022 Rossbirt
753 3967 770 4020 l.
783 3966 800 4020 l.
814 3969 836 4036 ξ.
850 3973 992 4023 lat-143.
1008 3989 1034 4037 p.
1046 3973 1191 4024 ast-299.
1210 3969 1298 4024 Haud.

163 4055 187 4122 l)
208 4055 241 4105 In
259 4057 335 4106 textu
353 4059 394 4106 est
412 4053 569 4115 summaria,
595 4069 647 4118 pro
668 4069 725 4123 quo
750 4055 873 4106 numni-ia
890 4053 943 4120 legi
957 4054 1062 4119 jubent
1073 4059 1146 4110 Patr.
1164 4055 1294 4108 Pithoeus
1313 4062 1340 4108 et

79 4139 293 4195 Rittcrslrueius
312 4137 341 4190 in
358 4139 384 4190 h.
403 4139 420 4192 l.
439 4143 470 4190 ut
488 4142 516 4190 et
532 4139 605 4191 Petr.
623 4140 711 4194 Faber
734 4140 858 4194 Semestrs
877 4138 918 4192 ΙΙ.
938 4145 978 4192 11.
990 4142 1092 4205 ,Ipsam
1113 4159 1222 4212 quoque
1244 4157 1339 4194 numn-

79 4225 162 4280 riam
179 4239 296 4290 poenam
312 4241 347 4276 ex
365 4226 424 4292 lege
437 4223 522 4277 Fabia
540 4223 670 4278 describit
687 4225 820 4293 Ulpianus
839 4223 913 4290 apud
931 4227 1078 4278 Auctorem
1094 4229 1188 4282 Collat.
1203 4229 1341 4298 1999.Μο-

78 4310 189 4362 suicar.
208 4318 233 4360 et
252 4309 365 4361 Roman.
390 4310 472 4362 XIV.
490 4313 515 4362 3.
534 4311 613 4364 Hein.
634 4313 664 4363 ln
677 4312 709 4363 L.
724 4315 749 4364 6.
764 4309 784 4377 ξ.
799 4315 824 4362 2.
840 4310 876 4360 D.
890 4309 921 4360 ds
935 4311 1006 4378 Lapa
1022 4311 1106 4386 Fabia
1124 4314 1155 4365 de
1171 4312 1242 4384 play.
1257 4312 1341 4366 teneri

78 4399 142 4448 hac
162 4393 221 4458 lege
236 4394 348 4458 dicitur,
367 4395 412 4464 qul
428 4394 508 4445 civem
519 4411 685 4448 rrvvnvcrrar
700 4394 836 4447 labuerit:
854 4395 921 4446 traso
934 4395 1033 4449 vitiosa
1046 4404 1157 4450 censent
1172 4401 1278 4464 plures,
1292 4398 1340 4450 sed

39 4539 44 4544 ,
78 4481 177 4534 male:
196 4493 314 4548 namque
332 4481 403 4534 idem
422 4481 534 4532 verbum
552 4497 618 4533 mox
637 4481 745 4534 ibidem·
756 4478 886 4543 occurrit,
904 4495 969 4539 nco,
988 4481 1049 4534 licat
1063 4480 1127 4534 alibi
1142 4497 1197 4534 non
1210 4489 1340 4547 occurrat,

78 4565 391 4623 ‹lamnandslatinitan
412 4564 495 4617 Gann.
