3040 5164
307 393 362 462 lla
386 389 1025 462 Tasr.0nn1r.Tasr.Mmm.etc.
1062 367 1069 380 ⁸
1107 336 1112 347 ι
1224 395 1298 464 111

39 573 155 656 itaque
174 546 336 636 memorat
351 568 495 634 testandi
515 569 657 634 modum.
679 568 837 647 Quamvis
853 568 940 631 enim
957 574 992 630 et
1012 567 1179 652 praetoria
1194 575 1299 632 testa-

39 687 153 743 menta
165 687 247 742 tune
261 680 566 764 frequentarentur:
583 698 624 740 ea
638 687 748 742 tamen
759 677 891 740 nonnisi
905 676 1086 760 improprie
1097 675 1161 739 boc
1176 697 1297 738 nomen

39 788 269 869 sustinebant,
289 808 387 872 quum
402 805 448 847 ex
463 787 511 848 eis
526 807 593 849 non
609 785 793 867 hereditas,
810 785 867 848 sed
883 784 1045 854 bonorum
1061 783 1223 868 possessio
1239 783 1299 846 da-

40 905 147 958 retur:
172 895 215 957 L.
233 894 264 956 7.
282 896 320 956 L.
336 894 366 956 9.
381 895 423 958 D.
442 895 482 955 de
499 895 578 956 Bon.
594 915 680 976 poss.
697 915 758 956 aec.
775 895 837 955 tob.
864 893 1020 977 Denique
1042 912 1139 976 quum
1161 898 1196 953 et
1219 911 1300 952 cou-

40 1003 274 1067 stitutionibus
296 1000 457 1086 quaedam
478 1020 586 1064 novae
607 1001 845 1065 inveherentur
860 1000 1126 1064 observationes:
1149 999 1298 1066 inunum

42 1110 186 1174 conflari
201 1116 384 1192 coeperunt
397 1109 545 1188 ritus‚.ex
554 1109 632 1192 jure
648 1107 751 1191 civili,
769 1108 939 1193 praetorio
956 1116 991 1170 et
1009 1106 1299 1171 constitutionibus

42 1218 235 1305 principum
251 1217 332 1297 uati,
347 1216 383 1279 id
399 1215 489 1300 quod
506 1218 715 1300 temporibus·
726 1215 910 1278 Theodosii
920 1215 1062 1300 junioris
1078 1215 1199 1278 factum
1216 1233 1299 1294 esse,

7 1395 10 1402 ,
44 1351 104 1392 non
126 1303 206 1390 sirie
237 1325 398 1408 adparatu
420 1325 520 1387 docet
543 1326 615 1388 Jac.
641 1324 867 1389 Gotbolredus
886 1325 931 1384 ad
949 1324 987 1384 Ia.
1009 1323 1038 1384 1.
1067 1318 1099 1384 0.
1125 1323 1237 1385 Theod.
1261 1323 1301 1384 de

47 1439 240 1499 Testament.
260 1443 291 1496 et
314 1433 441 1494 codicdl.
461 1434 542 1496 Tbm.
559 1435 584 1494 I.
602 1455 635 1515 p.
650 1431 723 1496 334.
742 1455 787 1516 sq.
809 1433 868 1495 -Ex
893 1451 934 1494 eo
954 1430 1067 1514 itaque
1088 1429 1246 1510 invaluit,
1264 1436 1301 1492 ut

46 1551 248 1608 testamenta
258 1542 285 1603 Ι.
296 1561 363 1603 uno
379 1547 549 1622 contextu,
559 1541 606 1603 Π.
620 1541 848 1625 praesentibus
864 1547 990 1622 septem
1003 1538 1154 1620 testibus,
1166 1538 1230 1601 III.
1243 1537 1302 1600 iis-

52 1652 192 1736 demque
208 1647 487 1714 subscribentibus
504 1657 539 1712 et
552 1647 614 1712 lv.
630 1646 765 1714 annullo
782 1646 1002 1732 signantibus,
1018 1647 1153 1726 fierent,
1170 1653 1205 1708 et
1220 1644 1263 1707 V.
1281 1665 1302 1707 a

51 1767 209 1823 testatore
232 1755 382 1840 ipso'vel
404 1756 625 1819 scriberentur
645 1755 702 1819 vel
724 1755 1021 1820 subscriberentur:
1044 1756 1073 1837 §.
1089 1755 1120 1817 8.
1140 1755 1216 1836 Inat.
1233 1753 1263 1813 Ιι.
1278 1761 1301 1813 t.

54 1867 178 1944 Quibus
205 1873 331 1928 sextam
355 1862 609 1927 sollemnitatem
626 1863 800 1929 addiderat
821 1863 1094 1943 sastinianum:
1114 1880 1175 1944 per
1189 1879 1301 1924 manus

6 2039 7 2042 ,
50 1973 276 2039 testatoriset
298 1971 431 2040 testium
454 1993 574 2034 nomen
599 1972 732 2036 heredis
756 1973 1009 2056 exprimeretur:
1034 1971 1063 2052 §.
1082 1970 1114 2030 4.
1131 1970 1208 2031 Inst.
1232 1949 1260 2028 t'.
1280 1977 1303 2030 t.

51 2085 127 2146 Eam
147 2103 233 2146 vero
255 2081 327 2163 ipse
352 2079 471 2143 iterum
494 2079 624 2144 sustulit
643 2080 723 2142 Noe.
742 2081 857 2142 CXIX.
874 2080 904 2144 9.
925 2089 961 2144 ut
984 2079 1069 2145 adeo
1089 2097 1202 2162 parum
1228 2075 1304 2138 diu-

51 2200 145 2255 turna
161 2187 379 2272 fuerithujus
395 2187 586 2251 subtilitatis
603 2187 792 2252 observatio
809 2191 854 2268 t).

629 2337 668 2422 §ss
680 2342 731 2401 15.

386 2456 441 2510 Gur
458 2456 565 2528 quidam
583 2465 659 2510 testea
678 2474 732 2509 esse
749 2473 803 2508 non
816 2455 972 2524 potuerint?

135 2559 200 2622 His
214 2551 418 2643 praemissis,
435 2566 470 2621 et
485 2559 626 2621 maxime
649 2559 676 2621 si
697 2555 941 2639 observaveris,
963 2561 1160 2636 testamenta
1176 2552 1255 2616 olim
1270 2553 1305 2618 in

57 2668 195 2731 comitiis
218 2668 334 2731 calatis
349 2667 437 2730 facta
456 2687 543 2748 esse,
563 2666 661 2729 facile
677 2673 789 2750 patet,
806 2687 862 2729 cur
879 2664 1011 2748 quidam
1033 2671 1135 2728 testes
1152 2683 1306 2726 essenon

61 2777 244 2857 potuerint,
266 2775 373 2839 veluti
393 2775 564 2855 mulieres,
586 2774 789 2858 impuberes,
812 2774 916 2856 servi,
938 2772 1071 2854 furiosi,
1094 2770 1200 2852 surdi,
1216 2769 1307 2834 muti.

61 2881 136 2946 Nam
153 2882 265 2967 nullus
282 2883 397 2946 horum
419 2882 656 2946 admittebatur
677 2883 719 2952 ad
739 2883 890 2945 comitia:
912 2881 1067 2944 Thomas.
1082 2880 1156 2940 Not.
1172 2879 1216 2940 od
1228 2878 1307 2940 Inst.

59 2991 85 3052 Ιι.
99 3000 119 3052 t.
142 2993 188 3054 Et
204 2990 281 3054 hinc
297 2991 396 3054 etiam
414 2989 543 3072 dicitur,
559 2971 682 3053 nullam
699 3011 771 3054 cum
786 2989 826 3052 iis
842 3009 913 3052 esse
929 2986 1308 3051 testamentisactionem.

630 3139 659 3219 ς.
681 3137 731 3200 16.

497 3244 690 3298 Testamentum
708 3244 878 3313 militares).

138 3347 196 3413 Ad
219 3323 474 3411 nnsrnuinvruu
496 3363 662 3409 urnrrnns
686 3345 777 3430 quod
805 3346 941 3426 attinet,
965 3365 1031 3429 quo
1053 3343 1119 3406 ritu
1143 3339 1227 3404 illud
1252 3360 1311 3402 an-

49 3443 247 3538 tiquissimis
267 3452 470 3536 temporibus
491 3451 525 3514 in
552 3453 723 3536 procinctu
752 3453 874 3518 factum
900 3453 958 3535 sit,
980 3454 1050 3538 jam
1074 3470 1171 3534 supra
1199 3449 1244 3530 (ἓ.
1259 3445 1306 3528 3.)

63 3561 210 3624 diximus.
232 3559 300 3624 Ubi
317 3561 433 3644 etiam,
449 3558 533 3623 illud
549 3581 621 3623 cum
637 3561 788 3646 auspiciis
805 3561 994 3642 evanuisse,
1012 3559 1233 3624 exciceroue
1250 3555 1311 3618 ob-

62 3670 267 3733 servavimus.
296 3668 363 3731 Sub
386 3669 644 3753 Imperatoribus
660 3672 704 3750 ¹),
727 3691 824 3753 quum
845 3669 922 3732 loco
946 3667 1085 3734 militiae
1108 3669 1216 3732 lectae
1239 3664 1313 3748 pla-

63 3785 150 3841 ceret
165 3778 385 3840 mercenaria:
408 3797 449 3840 eo
467 3797 599 3862 quoque
620 3777 708 3840 inter
726 3777 793 3840 alia
813 3769 990 3861 privilegio
1008 3776 1115 3840 ornati
1133 3781 1207 3837 suut
1226 3772 1313 3836 mili-

127 3979 153 4044 t)
175 3976 219 4027 De
238 3973 343 4040 origine
359 3975 463 4027 formae
477 3977 699 4027 testamentorum
715 3973 953 4026 constitutionibus
965 3971 1126 4038 Principum
1143 3969 1314 4024 introductae

64 4065 89 4112 et
101 4061 165 4127 jure
188 4057 364 4111 Justinianeo.
379 4064 502 4124 receptae
522 4058 577 4111 vid.
594 4058 735 4125 inprimis:
762 4059 797 4110 do
817 4059 937 4125 Ssvigny
955 4058 1070 4124 Beitray
1087 4074 1140 4108 zur
1161 4054 1314 4107 Gesclichte

64 4146 110 4196 der
129 4144 291 4198 Riimisclreu
320 4143 498 4203 Testamenta:
522 4143 551 4196 iu
576 4145 624 4196 der
642 4145 771 4196 Zeitaclr.
785 4144 814 4211 f.
837 4145 923 4212 petel.
943 4145 980 4195 R.
1007 4143 1046 4194 W.
1062 4143 1097 4194 u.
1116 4141 1138 4194 Ι.
1156 4155 1231 4193 num.
1247 4144 1273 4191 5.
1286 4155 1314 4204 p.

64 4233 174 4281 78-95.
193 4226 283 4280 Haud.
303 4229 372 4299 ddd.
390 4228 536 4294 Dernburg
554 4228 572 4280 l.
589 4229 607 4280 I.
624 4229 645 4296 ξ.
663 4234 705 4282 29.
723 4235 765 4283 30.
784 4230 870 4282 Male.

131 4317 166 4381 u)
187 4315 265 4366 Gust.
290 4313 363 4365 Frid.
387 4315 493 4366 Haeucl
514 4314 589 4367 Diss.
607 4316 629 4366 1.
653 4319 681 4366 et
704 4315 740 4367 11.
768 4315 800 4366 de
824 4322 976 4367 testamento
1001 4311 1119 4364 militari.
1145 4309 1220 4375 Lips.
1241 4313 1315 4361 1815.

67 4403 140 4452 1816.
158 4404 184 4451 4.
201 4396 291 4452 Haut.
838 4381 845 4394 ‘

133 4485 169 4552 x)
190 4483 263 4546 Quia
280 4487 441 4536 testamenta
458 4483 486 4534 in
504 4483 646 4549 procinctu
670 4485 740 4535 tacta
754 4484 813 4549 jam
831 4481 970 4536 Ciceronis
987 4487 1109 4547 tempore
1127 4479 1314 4530 exoleverunt:

68 4567 192 4621 militaria
209 4573 384 4632 testamenta,
402 4569 437 4620 de
454 4568 555 4637 quibus
572 4568 601 4622 in
616 4568 680 4635 jure
696 4574 791 4622 norbo
808 4568 905 4634 agitur,
926 4571 962 4618 ex
979 4563 1217 4618 oonsfimfiouibus
1235 4561 1315 4615 Prin·
1424 4573 1427 4578 '
1461 4528 1466 4538 .
