3122 5162
510 381 566 452 lin
591 383 752 451 Ponticis
777 381 941 452 Juorons.

564 677 625 729 tes
641 675 726 728 «lunio
743 675 776 726 de
792 675 893 728 todem.

184 777 396 864 Calpurniam
406 775 517 861 legem
530 769 654 850 inultae
663 774 749 840 aliae
760 783 919 860 sequutae
931 781 1016 854 sunt,
1029 783 1062 838 et
1071 776 1242 859 proximae
1255 799 1359 862 quae·

101 909 168 973 quo
185 888 354 966 duriores,
377 893 413 948 ut
429 885 477 948 ait
498 883 617 948 Cicero
638 884 677 945 de
702 884 794 965 Ossto.
816 883 858 943 ΙΙ.
879 882 931 944 21.
949 881 1042 946 Talis
1064 891 1137 946 erat
1156 901 1225 946 unx
1245 901 1358 966 suurn,

101 997 191 1078 lata,
223 1004 259 1058 ut
280 993 436 1072 uidetur,
450 1013 494 1054 ·a.
515 991 562 1054 M.
582 989 686 1054 lunio
708 992 845 1070 Penno,
871 988 1021 1053 Tribuno
1044 990 1169 1074 plebis,
1192 991 1235 1054 A.
1257 989 1298 1054 U.
1322 992 1359 1054 G.

102 1119 259 1167 ncxxvrr.
282 1101 329 1164 M.
350 1098 499 1164 Aemilio
522 1096 653 1182 Lepido
683 1106 718 1161 et
746 1098 850 1161 Lucio
874 1096 1015 1161 Atrrelio
1039 1099 1158 1163 Oreste
1180 1097 1272 1162 Coss.
1294 1121 1360 1183 qua

104 1219 240 1295 prae-ter
266 1207 531 1272 aestimationem
562 1204 630 1268 litis
661 1203 759 1268 etiarn
782 1204 934 1268 exsilium
957 1205 1119 1270 damnatis
1140 1207 1359 1289 irrogabatur.

104 1319 156 1381 En
180 1337 290 1401 poena
312 1337 354 1378 ex
376 1315 437 1378 hac
460 1313 537 1397 lege
560 1312 736 1378 mulctatus
756 1320 806 1376 est
822 1311 858 1374 C.
876 1312 960 1377 Cato
976 1312 1151 1378 adcusatus
1165 1336 1183 1377 a
1199 1314 1361 1378 Macedo-

105 1426 222 1488 nibus:
245 1418 398 1507 Vellejns
419 1421 550 1486 Patere.
572 1422 614 1482 ΙΙ.
636 1420 666 1484 8.

678 1573 707 1654 §-
728 1571 780 1634 ιι.
881 1619 882 1626 ι

632 1682 691 1734 Lex
711 1681 832 1734 Servilia.

191 1784 349 1848 Proxime
374 1783 507 1848 Junianr
524 1767 640 1866 legem
663 1791 801 1866 sequuta
827 1789 876 1845 est
898 1797 1072 1859 suavium,
1094 1781 1163 1846 lata
1185 1806 1214 1846 a.
1231 1783 1268 1847 C.
1284 1785 1362 1847 Ser-

104 1893 188 1958 vilio
212 1892 373 1970 Glaucia,
395 1893 576 1968 Praetore,
600 1889 636 1952 C.
658 1889 768 1952 Mario
791 1889 851 1954 Vl.
874 1898 908 1952 et
931 1889 969 1952 L.
990 1889 1103 1954 Valer.
1124 1891 1246 1955 Flacco
1270 1892 1361 1956 Coss.

105 2001 149 2064 Α.
172 2001 214 2065 U.
237 2000 274 2063 C.
297 2020 411 2066 neuin.
433 2001 524 2085 cujus
546 1999 617 2083 ipsa
637 1997 823 2082 fragmenta
854 2017 896 2059 ex
924 2017 1029 2062 aenea
1060 1999 1175 2063 tabula
1205 1999 1237 2063 in
1266 2001 1361 2065 Petri

107 2108 226 2172 Bembi
249 2130 361 2172 museo
382 2118 515 2194 reperta
538 2105 644 2170 edidit
661 2105 734 2167 Car.
750 2103 905 2187 Sigonius
921 2107 961 2167 de
975 2107 1106 2169 radiati
1120 2107 1163 2166 II.
1177 2105 1228 2169 27.
1240 2129 1272 2189 p.
1288 2107 1361 2170 609.

106 2238 152 2298 sq.
170 2219 215 2296 t).
238 2214 474 2293 Quaerebatur
503 2236 546 2278 ex
569 2236 608 2278 eu
630 2213 708 2297 lege
733 2211 775 2274 de
805 2211 863 2291 iis,
892 2211 949 2296 qui
971 2211 1151 2295 Consules,
1173 2213 1361 2296 Praetores,

106 2323 320 2406 Dictatores,
337 2325 490 2409 Magistri
513 2323 677 2407 equitum,
693 2326 749 2383 aut
770 2319 804 2380 in
826 2318 893 2382 alio
916 2320 1107 2404 magistratu
1124 2323 1296 2404 pecuniam
1319 2324 1360 2386 ab

105 2431 221 2516 aliquo
239 2432 368 2516 privato
384 2430 598 2512 abstulerint,
615 2427 782 2512 ceperint,
805 2426 996 2511 coegerint,
1018 2427 1243 2509 conciliarint,
1266 2451 1363 2506 auer-

104 2540 220 2603 terint.
241 2537 401 2605 Additum
418 2539 543 2620 fuerat,
559 2547 595 2601 ut
616 2535 750 2615 borum,
767 2537 843 2599 dum
866 2535 1087 2622 magistratum
1110 2544 1166 2600 aut
1188 2537 1361 2622 imperium

7 2713 8 2736 ,
105 2631 293 2728 haberent,
312 2669 432 2712 nornen
456 2645 587 2709 deferre
609 2643 697 2708 baud
720 2643 852 2725 liceret,
878 2651 914 2708 ut
937 2645 1182 2709 adcusatoribus
1204 2656 1361 2731 patronos

105 2756 259 2820 sumendi
274 2755 515 2840 repudiandive
533 2762 620 2819 esset
635 2751 791 2835 facultas,
808 2770 910 2817 cccco
931 2752 1125 2840 legerentur
1139 2754 1289 2839 judices,
1305 2757 1360 2842 qui

105 2864 286 2949 quotannis
303 2864 345 2927 de
360 2859 553 2946 repetundis
562 2859 770 2946 judicarent,
786 2869 820 2922 et
836 2881 922 2944 quae
938 2872 1012 2925 sunt
1026 2861 1121 2946 hujus
1137 2864 1270 2945 generis
1286 2864 1362 2928 alia.

105 2973 263 3036 Ceterum
281 2967 347 3034 non
364 2970 468 3035 solum
480 2961 551 3034 litis
567 2968 847 3048 aestimationem,
869 2967 927 3029 sed
951 2975 985 3031 et
1007 2968 1159 3032 exsilium
1181 2970 1360 3055 irrogatum

103 3102 179 3144 osse
202 3081 280 3164 lege
303 3079 462 3157 Servilia,
484 3098 527 3139 ex
550 3075 639 3139 Livii
661 3077 803 3158 Epr'tome
824 3073 927 3136 LXX.
950 3075 1097 3159 adparet.

683 3224 712 3305 §-
731 3223 782 3284 75.

401 3337 459 3388 Lea
478 3334 573 3394 Acilio,
594 3333 727 3395 Cornelia,
745 3331 820 3384 dulia
838 3330 1054 3398 repetundarum.

192 3440 275 3506 Post
296 3438 380 3500 hanc
402 3435 577 3500 Serviliam
601 3434 711 3520 legem
734 3432 805 3497 lata
827 3440 876 3496 est
898 3448 1013 3495 tertis
1035 3456 1055 3498 a
1076 3433 1123 3497 M‘
1144 3433 1256 3498 Acilio
1279 3435 1361 3502 Gla-

105 3548 245 3629 brione,
269 3547 302 3609 in
326 3566 390 3630 qua
414 3544 496 3608 illud
519 3542 665 3607 additum
688 3540 819 3626 legibus
841 3539 1077 3627 superioribus,
1095 3558 1139 3605 Ur
1162 3525 1274 3620 naono
1295 3559 1357 3607 AM·

106 3673 242 3737 rnrnnr,
265 3669 379 3731 nnocn
401 3667 701 3716 conrnnnnnnmnr
723 3665 808 3716 nnus
830 3663 970 3712 rossnr:
998 3648 1119 3712 Ascon.
1141 3650 1306 3714 Pedianus
1328 3655 1357 3714 ιιι

106 3767 252 3826 Prooem.
268 3763 408 3824 Actionis
425 3765 457 3822 ιἰι
480 3761 609 3822 Verrem
622 3781 647 3820 c.
663 3757 713 3820 17.
723 3779 758 3840 p.
772 3755 823 3819 62.
842 3756 1004 3821 Successit
1023 3775 1090 3821 tux
1112 3764 1279 3822 connitum
1294 3758 1359 3822 lata
1384 3757 1387 3762 ’

97 3895 127 3935 ,ιι
145 3868 182 3933 L.
200 3861 357 3933 Cornelio
374 3866 479 3947 Sulla,
495 3866 680 3949 Dictatore,
695 3864 871 3930 secundum
888 3887 983 3950 quam
994 3865 1176 3950 judicatum
1194 3876 1357 3949 estusque

108 3977 154 4042 ad
171 3977 355 4041 Caesarem.
380 3974 609 4053 Quaerebatur
623 3975 685 4038 hac
699 3974 777 4058 lege
794 3996 859 4037 non
876 3973 979 4037 solum
996 3974 1038 4037 de
1054 3974 1093 4037 iis
1110 3974 1358 4057 magistratibus,

110 4085 168 4172 qui
189 4088 361 4170 pecuniam
383 4083 472 4146 dono
496 4081 659 4165 ceperint,
686 4082 898 4171 abstulerint,
922 4083 1112 4169 coegerint,
1137 4079 1357 4160 conciliarint,

109 4195 311 4276 averterint,
327 4191 384 4255 sed
401 4189 507 4275 etqui
524 4185 713 4271 libidinose,
730 4191 882 4280 superbe,
898 4191 1077 4256 crudeliter
1093 4211 1127 4253 se
1144 4187 1176 4250 in
1192 4188 1358 4272 provincia

109 4302 293 4385 gesserint,
317 4321 378 4363 nec
401 4320 468 4362 non
491 4298 533 4361 de
557 4297 612 4378 iis,
636 4297 692 4380 qui
708 4299 840 4381 judices
863 4321 928 4363 non
951 4319 1028 4362 suae
1051 4296 1204 4386 decuriae
1226 4317 1358 4360 mmrere

181 4491 213 4558 g)
233 4493 270 4544 At
281 4489 340 4555 jam
350 4489 392 4543 uti
406 4476 485 4542 nobis
504 4485 567 4541 licet
578 4483 725 4552 integriore
735 4501 768 4536 ao
778 4477 960 4540 emendatiore
973 4485 1069 4536 luorum
1081 4485 1289 4551 fragmentorum
1302 4484 1359 4536 edi-

109 4577 201 4641 tione,
220 4576 329 4640 saepius
344 4577 394 4629 troc
405 4575 432 4628 in
445 4571 533 4640 capite
544 4570 667 4636 laudata,
684 4587 765 4638 quarn
778 4573 883 4637 paravit
895 4569 1035 4628 Klenzius.
1048 4571 1138 4624 Berol.
1153 4575 1259 4625 lem.
1274 4568 1360 4652 russi.
