3030 5160
227 401 299 468 m
596 387 1114 481 mmmwfflm

226 574 301 637 XII
316 551 517 635 Tabularum
531 568 745 633 constitutum
760 567 788 630 si
807 567 881 652 quis
895 566 1062 630 excedere
1077 589 1144 634 nou
1160 569 1331 652 dubitaret,
1346 571 1371 634 is
1385 593 1453 656 qua-

227 679 346 765 druplo
362 679 494 744 luebat:
517 677 603 741 (lato
617 678 657 739 de
677 679 714 738 're
732 679 853 738 rustico
862 675 1002 758 mussat.

810 823 839 906 s·
860 821 891 884 8·
959 897 962 904 .

677 905 740 990 in
757 939 861 990 Licinia
878 939 911 987 de
928 941 1027 991 eodem.

309 1044 378 1109 Sed
399 1063 496 1129 quam
517 1060 632 1125 parum
660 1037 717 1102 diu
738 1061 779 1101 ea
805 1037 864 1101 le'x
886 1036 1102 1102 saluberrima
1123 1039 1277 1123 valueris,
1300 1043 1349 1105 vel
1366 1065 1406 1106 ex
1423 1066 1454 1106 eo

224 1162 330 1240 patet,
345 1151 436 1238 quod
450 1131 566 1234 paullo
587 1155 662 1233 post
683 1146 716 1209 in
734 1144 907 1208 Manliano
925 1143 986 1208 illo
1006 1146 1148 1212 tumultu
1164 1148 1326 1212 clamabat
1339 1152 1455 1214 obaera-

169 1285 170 1288 ’
225 1271 293 1326 tus:
309 1262 352 1324 Se
369 1262 561 1335 militantem,
578 1278 613 1320 se
624 1260 839 1318 restituentem
854 1274 977 1316 eversos
990 1265 1134 1336 penates,
1149 1257 1379 1339 multr‘pllcljom
1390 1267 1456 1318 sorte

226 1372 379 1444 exsoluto,
410 1366 622 1447 mergentibus
644 1382 767 1443 semper
793 1370 907 1423 sortem
938 1365 1055 1435 usuris,
1079 1363 1223 1425 obrutum
1244 1365 1373 1443 foenore
1389 1386 1455 1426 esse.-

226 1479 299 1540 Liv.
319 1476 371 1537 VI.
384 1473 435 1536 14.
460 1471 572 1549 Quare
589 1469 684 1533 brevi
705 1477 782 1553 post
804 1477 966 1553 tempore,
982 1469 1018 1534 id
1039 1478 1100 1552 est,
1122 1468 1166 1533 A.
1175 1471 1219 1534 U.
1229 1471 1267 1534 C.
1280 1489 1455 1536 cccnxxun.

228 1609 248 1650 a
259 1581 297 1648 C.
309 1581 441 1647 Licinio
457 1580 610 1662 Stolone,
625 1577 777 1642 Tribuno
792 1576 912 1661 plebis,
928 1576 1006 1661 lege
1019 1587 1148 1642 cautum
1165 1588 1225 1658 est,
1241 1591 1285 1660 ut,
1305 1581 1455 1642 deductum

227 1695 267 1755 de
280 1695 390 1774 capite,
401 1691 484 1772 quod
495 1693 604 1752 usurr's
614 1693 878 1769 pernumeratum
893 1695 983 1758 esset,
998 1687 1040 1760 id,
1052 1689 1137 1769 quod
1145 1697 1335 1770 superesset,
1348 1691 1454 1750 trr'enn's
1498 1725 1499 1764 3

101 1825 103 1830 ¹
228 1804 336 1882 aequis
348 1798 543 1881 portmnsbus
560 1798 815 1878 persolveretur:
835 1792 910 1856 Liv.
930 1793 982 1854 VI.
997 1793 1048 1856 35.
1498 1773 1499 1810 ³

815 1941 895 2024 w

616 2017 679 2112 Ten
697 2058 799 2111 Drulb'o
818 2059 928 2111 Moenia
946 2057 978 2110 de
996 2061 1095 2114 eodem.
1127 2071 1134 2078 '

311 2163 433 2228 Paullo
448 2170 525 2246 post
540 2161 577 2225 C.
597 2159 726 2225 Marcio
745 2169 780 2223 et
798 2159 858 2223 Cn.
876 2159 1005 2222 Manlio
1028 2160 1119 2224 Coss.
1140 2159 1274 2244 rogatio
1289 2160 1409 2244 perlata
1420 2165 1455 2220 est

228 2297 249 2338 a
262 2274 310 2336 M.
330 2270 460 2336 Duillio
483 2278 518 2334 et
533 2269 571 2340 L.
593 2269 742 2350 Maenio,
765 2267 923 2332 Tribunis
947 2266 1145 2352 plebis„de
1164 2267 1315 2330 unciario
1335 2268 1454 2330 foenore

228 2383 282 2446 Ex
298 2402 364 2466 quo
381 2386 485 2465 patet,
495 2377 608 2442 denuo
620 2375 807 2440 exolevisse
822 2376 934 2460 legem
946 2363 1021 2439 XII
1031 2374 1246 2456 Tabularum,
1263 2377 1455 2456 maximasque

230 2489 347 2553 iterum
359 2508 420 2571 pro
436 2484 577 2550 minimis
587 2484 757 2568 irrepsisse
772 2505 894 2546 usuras.
911 2482 987 2560 Qua
997 2483 1039 2546 de
1055 2505 1091 2547 re
1102 2483 1216 2546 Livius
1237 2483 1308 2544 VII.
1321 2484 1369 2546 16.
1381 2480 1456 2543 Haud

228 2618 328 2678 aeque
345 2597 429 2657 laeto
447 2593 600 2658 Patribus
617 2595 796 2672 r’nsequentr'
814 2609 906 2668 anno,
928 2591 962 2652 0.
980 2591 1112 2673 Marcio,
1129 2573 1188 2652 Cn.
1205 2591 1329 2653 Manno
1348 2588 1456 2652 Gossde

228 2707 371 2767 unnan'o
379 2703 523 2781 foenore,
545 2722 566 2761 n
588 2699 634 2760 M.
649 2699 765 2771 Duilio,
789 2698 828 2759 L.
843 2698 981 2774 Maenio,
997 2700 1143 2762 Tribunis
1164 2699 1278 2780 plebis,
1299 2700 1411 2782 rogam
1424 2702 1455 2756 ut

132 2791 137 2801 ⁹
223 2815 371 2896 perlato:
393 2817 425 2873 et
439 2808 526 2890 plebs
544 2808 704 2888 uls'quanto
721 2827 791 2868 eom
810 2807 952 2888 suptilius
967 2809 1058 2868 suun
1076 2807 1253 2888 accepitque
1264 2808 1320 2886 ¹¹¹).

802 2973 903 3056 sm

634 3093 693 3142 Leae
711 3093 743 3158 (le
751 3089 870 3157 foenore
887 3091 1080 3143 semiunclcrio.

313 3191 381 3256 Sed
394 3191 669 3276 quemadmodum
680 3190 919 3274 locupletiores
930 3190 1024 3254 nullo
1035 3190 1174 3255 foenore
1187 3197 1347 3274 poterant
1358 3185 1453 3250 salian:
1497 3227 1498 3252 ,

228 3303 277 3367 ita
301 3300 396 3386 plebs
423 3321 466 3362 ne
486 3299 667 3362 unciarium
691 3298 826 3382 quidem
857 3320 966 3382 aequo
995 3299 1105 3362 animo
1127 3297 1267 3361 ferebat.
1293 3295 1389 3360 Unde
1405 3293 1453 3352 deis
1497 3297 1498 3332 ³

230 3413 392 3492 rogatione
408 3409 574 3472 tribunatia
589 3408 634 3468 ad
642 3411 819 3468 semuncias
836 3408 966 3468 reducta
983 3427 1095 3488 usura,
1106 3413 1142 3468 ut
1153 3405 1201 3470 ait
1216 3403 1354 3469 Tacitus
1366 3397 1453 3466 nul

236 3519 288 3579 VI.
302 3516 355 3596 16.
373 3517 510 3584 Factum
532 3514 567 3591 id
588 3513 631 3577 A.
642 3513 685 3576 U.
701 3513 738 3576 C.
756 3530 907 3576 cccovnr.
930 3513 971 3576 Τ.
983 3513 1113 3579 Manlio
1136 3523 1171 3580 et
1189 3513 1226 3577 C.
1241 3511 1376 3577 Plautio
1389 3506 1453 3570 Cos

229 3623 302 3688 Liv.
324 3623 355 3684 V
353 3624 394 3684 II.
407 3621 458 3684 27.
487 3623 574 3684 Idem
600 3625 696 3683 otium
720 3621 807 3682 donu'
818 3621 965 3703 forisque
983 3625 1101 3684 mansit
1123 3622 1156 3682 T.
1179 3621 1301 3684 Manlio
1321 3619 1453 3698 umqum

234 3733 266 3793 0.
279 3729 409 3820 Plautio
422 3729 505 3790 Coss.
517 3715 760 3790 semunn'nn'um
774 3736 899 3790 tontum
913 3750 954 3791 en
973 3732 1114 3792 unelnrrb
1121 3728 1242 3807 foenus
1254 3729 1389 3806 suetus,
1400 3720 1453 3782 uls

227 3843 392 3922 penelones
415 3857 532 3918 aequos
553 3840 690 3914 triennit,
712 3840 759 3898 lta
783 3843 822 3897 ut
840 3844 956 3917 quarta
972 3855 1128 3919 praesens
1154 3843 1245 3910 esset,
1264 3837 1379 3898 sotum
1395 3827 1453 3890 wll

230 3949 328 4013 allent
343 3946 525 4026 dispensato
540 3951 596 4005 est.

827 4056 907 4118 .11.

569 4171 627 4224 Lex
648 4120 767 4224 Genucio
785 4057 918 4224 diuum
936 4172 1138 4239 nonfacienda.

269 4292 272 4298 ’
311 4277 493 4360 Postquam
505 4273 747 4358 semelaplebe
757 4271 1017 4336 animadversum
1028 4283 1088 4355 est,
1097 4293 1194 4358 posse
1205 4271 1349 4336 minores
1359 4279 1453 4336 nsunt,
1496 4237 1497 4302 l

231 4404 327 4468 quam
342 4383 401 4447 lex
415 4382 489 4446 XII
498 4381 702 4446 Tabularum
714 4382 940 4462 constituerat,
953 4380 1136 4465 plebiscitis
1147 4379 1326 4462 introduci,
1335 4398 1374 4441 eo
1382 4366 1453 4435 deoi-
1496 4433 1497 4450 χ

190 4672 204 4705 b
300 4590 342 4657 m)
363 4591 493 4644 Dukerus
512 4591 549 4643 ad
564 4589 791 4653 Lo.V11;1s,1.
810 4589 841 4641 T.
852 4587 888 4640 11.
906 4602 933 4653 p.
944 4589 1005 4640 5³0.
1022 4584 1113 4640 Haut.
