<?xml version="1.0" encoding="UTF-8"?>
<!DOCTYPE html PUBLIC "-//W3C//DTD XHTML 1.0 Transitional//EN"
    "http://www.w3.org/TR/xhtml1/DTD/xhtml1-transitional.dtd">
<html xmlns="http://www.w3.org/1999/xhtml" xml:lang="en" lang="en">
 <head>
  <title>
</title>
<meta http-equiv="Content-Type" content="text/html;charset=utf-8" />
  <meta name='ocr-system' content='tesseract 3.04.00' />
  <meta name='ocr-capabilities' content='ocr_page ocr_carea ocr_par ocr_line ocrx_word'/>
</head>
<body>
  <div class='ocr_page' id='page_1' title='image "./jogottliebheine00haubgoog_0452.png"; bbox 0 0 3040 5164; ppageno 0'>
   <div class='ocr_carea' id='block_1_1' title="bbox 321 390 1290 476">
    <p class='ocr_par' dir='ltr' id='par_1_1' title="bbox 321 390 1290 476">
     <span class='ocr_line' id='line_1_1' title="bbox 321 390 1290 476; baseline -0.006 -9"><span class='ocrx_word' id='word_1_1' title='bbox 321 390 454 476; x_wconf 73' lang='lat' dir='ltr'><strong>eraos</strong></span> <span class='ocrx_word' id='word_1_2' title='bbox 479 392 661 460; x_wconf 80' lang='lat' dir='ltr'><strong>Aumssnn</strong></span> <span class='ocrx_word' id='word_1_3' title='bbox 686 392 798 460; x_wconf 80' lang='lat' dir='ltr'><strong>Lscaa</strong></span> <span class='ocrx_word' id='word_1_4' title='bbox 823 391 900 460; x_wconf 78' lang='lat' dir='ltr'><strong>Vm¹</strong></span> <span class='ocrx_word' id='word_1_5' title='bbox 926 392 1017 461; x_wconf 83' lang='lat' dir='ltr'><strong>Non.</strong></span> <span class='ocrx_word' id='word_1_6' title='bbox 1222 396 1290 462; x_wconf 77' lang='lat'><strong>411</strong></span> 
     </span>
    </p>
   </div>
   <div class='ocr_carea' id='block_1_2' title="bbox 37 567 1302 2586">
    <p class='ocr_par' dir='ltr' id='par_1_2' title="bbox 318 567 1019 754">
     <span class='ocr_line' id='line_1_2' title="bbox 615 567 715 649; baseline -0.02 -19"><span class='ocrx_word' id='word_1_7' title='bbox 615 567 644 649; x_wconf 66' lang='lat'><strong>5.</strong></span> <span class='ocrx_word' id='word_1_8' title='bbox 665 567 715 630; x_wconf 83' lang='lat'><strong>1⁰.</strong></span> 
     </span>
     <span class='ocr_line' id='line_1_3' title="bbox 318 681 1019 754; baseline 0.001 -18"><span class='ocrx_word' id='word_1_9' title='bbox 318 681 447 736; x_wconf 73' lang='lat' dir='ltr'><strong>Alienon</strong></span> <span class='ocrx_word' id='word_1_10' title='bbox 460 683 559 750; x_wconf 71' lang='lat' dir='ltr'><strong>pipant</strong></span> <span class='ocrx_word' id='word_1_11' title='bbox 571 689 680 750; x_wconf 77' lang='lat' dir='ltr'><strong>peterat</strong></span> <span class='ocrx_word' id='word_1_12' title='bbox 696 684 821 745; x_wconf 72' lang='lat' dir='ltr'><em>creditor,</em></span> <span class='ocrx_word' id='word_1_13' title='bbox 839 693 865 736; x_wconf 83' lang='lat' dir='ltr'><strong>ct</strong></span> <span class='ocrx_word' id='word_1_14' title='bbox 881 685 1019 754; x_wconf 60' lang='lat' dir='ltr'><strong>possode.</strong></span> 
     </span>
    </p>

    <p class='ocr_par' dir='ltr' id='par_1_3' title="bbox 37 782 1302 2586">
     <span class='ocr_line' id='line_1_4' title="bbox 123 782 1294 869; baseline -0.003 -19"><span class='ocrx_word' id='word_1_15' title='bbox 123 785 280 850; x_wconf 85' lang='lat' dir='ltr'><strong>Vidimus</strong></span> <span class='ocrx_word' id='word_1_16' title='bbox 295 783 456 864; x_wconf 91' lang='lat' dir='ltr'><strong>maritum,</strong></span> <span class='ocrx_word' id='word_1_17' title='bbox 471 782 552 846; x_wconf 91' lang='lat' dir='ltr'><strong>licet</strong></span> <span class='ocrx_word' id='word_1_18' title='bbox 565 782 742 864; x_wconf 91' lang='lat' dir='ltr'><strong>dominum,</strong></span> <span class='ocrx_word' id='word_1_19' title='bbox 755 785 892 869; x_wconf 87' lang='lat' dir='ltr'><strong>praedia</strong></span> <span class='ocrx_word' id='word_1_20' title='bbox 907 784 1033 849; x_wconf 86' lang='lat' dir='ltr'><strong>dotalia</strong></span> <span class='ocrx_word' id='word_1_21' title='bbox 1047 784 1195 848; x_wconf 91' lang='lat' dir='ltr'><strong>alienare</strong></span> <span class='ocrx_word' id='word_1_22' title='bbox 1207 783 1294 848; x_wconf 88' lang='lat' dir='ltr'><strong>haud</strong></span> 
     </span>
     <span class='ocr_line' id='line_1_5' title="bbox 37 890 1295 982; baseline -0.001 -27"><span class='ocrx_word' id='word_1_23' title='bbox 37 893 208 978; x_wconf 75' lang='lat' dir='ltr'><strong>potuisses</strong></span> <span class='ocrx_word' id='word_1_24' title='bbox 225 911 317 953; x_wconf 91' lang='lat' dir='ltr'><strong>secus</strong></span> <span class='ocrx_word' id='word_1_25' title='bbox 333 890 367 952; x_wconf 95' lang='lat' dir='ltr'><strong>in</strong></span> <span class='ocrx_word' id='word_1_26' title='bbox 383 891 524 973; x_wconf 88' lang='lat' dir='ltr'><strong>pignore</strong></span> <span class='ocrx_word' id='word_1_27' title='bbox 548 912 583 953; x_wconf 90' lang='lat' dir='ltr'><strong>se</strong></span> <span class='ocrx_word' id='word_1_28' title='bbox 604 911 666 982; x_wconf 76' lang='lat' dir='ltr'><strong>res¹</strong></span> <span class='ocrx_word' id='word_1_29' title='bbox 678 890 840 972; x_wconf 88' lang='lat' dir='ltr'><strong>habebat,</strong></span> <span class='ocrx_word' id='word_1_30' title='bbox 860 891 950 976; x_wconf 90' lang='lat' dir='ltr'><strong>quod</strong></span> <span class='ocrx_word' id='word_1_31' title='bbox 967 893 1105 956; x_wconf 90' lang='lat' dir='ltr'><strong>alienari</strong></span> <span class='ocrx_word' id='word_1_32' title='bbox 1125 899 1258 975; x_wconf 87' lang='lat' dir='ltr'><strong>poterat</strong></span> <span class='ocrx_word' id='word_1_33' title='bbox 1276 914 1295 954; x_wconf 86' lang='lat' dir='ltr'><strong>a</strong></span> 
     </span>
     <span class='ocr_line' id='line_1_6' title="bbox 39 996 1296 1081; baseline -0.002 -18"><span class='ocrx_word' id='word_1_34' title='bbox 39 1000 231 1079; x_wconf 86' lang='lat' dir='ltr'><strong>creditore,</strong></span> <span class='ocrx_word' id='word_1_35' title='bbox 247 1015 314 1064; x_wconf 90' lang='lat' dir='ltr'><strong>non</strong></span> <span class='ocrx_word' id='word_1_36' title='bbox 333 996 484 1062; x_wconf 84' lang='lat' dir='ltr'>solvente</span> <span class='ocrx_word' id='word_1_37' title='bbox 506 998 677 1081; x_wconf 86' lang='lat' dir='ltr'><strong>debitore,</strong></span> <span class='ocrx_word' id='word_1_38' title='bbox 701 999 829 1062; x_wconf 86' lang='lat' dir='ltr'><strong>etiamsi</strong></span> <span class='ocrx_word' id='word_1_39' title='bbox 853 999 912 1062; x_wconf 90' lang='lat' dir='ltr'><strong>ille</strong></span> <span class='ocrx_word' id='word_1_40' title='bbox 932 1019 999 1063; x_wconf 89' lang='lat' dir='ltr'><strong>non</strong></span> <span class='ocrx_word' id='word_1_41' title='bbox 1022 1007 1109 1064; x_wconf 89' lang='lat' dir='ltr'><strong>esset</strong></span> <span class='ocrx_word' id='word_1_42' title='bbox 1131 997 1296 1061; x_wconf 88' lang='lat' dir='ltr'><strong>dominus:</strong></span> 
     </span>
     <span class='ocr_line' id='line_1_7' title="bbox 40 1105 1297 1191; baseline -0.001 -22"><span class='ocrx_word' id='word_1_43' title='bbox 40 1110 68 1189; x_wconf 86' lang='lat'><strong>§.</strong></span> <span class='ocrx_word' id='word_1_44' title='bbox 82 1109 115 1170; x_wconf 93' lang='grc'><strong>1.</strong></span> <span class='ocrx_word' id='word_1_45' title='bbox 138 1109 219 1168; x_wconf 79' lang='lat' dir='ltr'><strong>Istat.</strong></span> <span class='ocrx_word' id='word_1_46' title='bbox 236 1108 266 1168; x_wconf 82' lang='lat' dir='ltr'><strong>t.</strong></span> <span class='ocrx_word' id='word_1_47' title='bbox 280 1114 302 1167; x_wconf 92' lang='lat' dir='ltr'><strong>t.</strong></span> <span class='ocrx_word' id='word_1_48' title='bbox 324 1105 374 1167; x_wconf 86' lang='lat' dir='ltr'><strong>Et</strong></span> <span class='ocrx_word' id='word_1_49' title='bbox 396 1105 548 1188; x_wconf 91' lang='lat' dir='ltr'><strong>quidem,</strong></span> <span class='ocrx_word' id='word_1_50' title='bbox 570 1106 596 1167; x_wconf 83' lang='lat' dir='ltr'><strong>si</strong></span> <span class='ocrx_word' id='word_1_51' title='bbox 619 1127 660 1169; x_wconf 86' lang='lat' dir='ltr'><strong>ea</strong></span> <span class='ocrx_word' id='word_1_52' title='bbox 676 1105 754 1190; x_wconf 93' lang='lat' dir='ltr'><strong>lege</strong></span> <span class='ocrx_word' id='word_1_53' title='bbox 774 1105 927 1170; x_wconf 89' lang='lat' dir='ltr'><strong>traditum</strong></span> <span class='ocrx_word' id='word_1_54' title='bbox 947 1107 1055 1171; x_wconf 86' lang='lat' dir='ltr'><strong>suerat</strong></span> <span class='ocrx_word' id='word_1_55' title='bbox 1071 1107 1205 1191; x_wconf 84' lang='lat' dir='ltr'><strong>pignus,</strong></span> <span class='ocrx_word' id='word_1_56' title='bbox 1223 1111 1258 1168; x_wconf 89' lang='lat' dir='ltr'><strong>ut</strong></span> <span class='ocrx_word' id='word_1_57' title='bbox 1276 1127 1297 1168; x_wconf 89' lang='lat' dir='ltr'><strong>a</strong></span> 
     </span>
     <span class='ocr_line' id='line_1_8' title="bbox 42 1209 1296 1297; baseline -0.005 -19"><span class='ocrx_word' id='word_1_58' title='bbox 42 1214 212 1278; x_wconf 84' lang='lat' dir='ltr'><strong>creditore</strong></span> <span class='ocrx_word' id='word_1_59' title='bbox 240 1209 491 1294; x_wconf 82' lang='lat' dir='ltr'><strong>distraheretur,</strong></span> <span class='ocrx_word' id='word_1_60' title='bbox 519 1233 587 1284; x_wconf 88' lang='lat' dir='ltr'><strong>non</strong></span> <span class='ocrx_word' id='word_1_61' title='bbox 612 1233 694 1297; x_wconf 89' lang='lat' dir='ltr'><strong>opus</strong></span> <span class='ocrx_word' id='word_1_62' title='bbox 723 1223 796 1278; x_wconf 89' lang='lat' dir='ltr'><strong>erat</strong></span> <span class='ocrx_word' id='word_1_63' title='bbox 816 1211 885 1277; x_wconf 90' lang='lat' dir='ltr'><strong>ulla</strong></span> <span class='ocrx_word' id='word_1_64' title='bbox 910 1213 1185 1278; x_wconf 80' lang='lat' dir='ltr'><strong>denunciatione:</strong></span> <span class='ocrx_word' id='word_1_65' title='bbox 1209 1213 1247 1274; x_wconf 79' lang='lat' dir='ltr'><strong>L.</strong></span> <span class='ocrx_word' id='word_1_66' title='bbox 1267 1209 1296 1274; x_wconf 82' lang='lat' dir='ltr'><strong>t.</strong></span> 
     </span>
     <span class='ocr_line' id='line_1_9' title="bbox 38 1306 1297 1405; baseline -0.002 -22"><span class='ocrx_word' id='word_1_67' title='bbox 38 1329 142 1404; x_wconf 77' lang='lat' dir='ltr'><strong>princ</strong></span> <span class='ocrx_word' id='word_1_68' title='bbox 159 1306 259 1382; x_wconf 66' lang='grc' dir='ltr'>Μ</span> <span class='ocrx_word' id='word_1_69' title='bbox 275 1322 368 1399; x_wconf 77' lang='lat' dir='ltr'><strong>Pige.</strong></span> <span class='ocrx_word' id='word_1_70' title='bbox 388 1329 447 1381; x_wconf 87' lang='lat' dir='ltr'><strong>oct.</strong></span> <span class='ocrx_word' id='word_1_71' title='bbox 464 1341 527 1383; x_wconf 91' lang='lat' dir='ltr'><strong>nec</strong></span> <span class='ocrx_word' id='word_1_72' title='bbox 547 1320 745 1405; x_wconf 83' lang='lat' dir='ltr'><strong>exigebatur</strong></span> <span class='ocrx_word' id='word_1_73' title='bbox 761 1321 983 1401; x_wconf 86' lang='lat' dir='ltr'><strong>denunciatio,</strong></span> <span class='ocrx_word' id='word_1_74' title='bbox 999 1322 1025 1384; x_wconf 92' lang='lat' dir='ltr'><strong>si</strong></span> <span class='ocrx_word' id='word_1_75' title='bbox 1044 1330 1134 1384; x_wconf 91' lang='lat' dir='ltr'><strong>certo</strong></span> <span class='ocrx_word' id='word_1_76' title='bbox 1154 1319 1209 1382; x_wconf 89' lang='lat' dir='ltr'><strong>die</strong></span> <span class='ocrx_word' id='word_1_77' title='bbox 1230 1318 1297 1382; x_wconf 92' lang='lat' dir='ltr'><strong>sol·</strong></span> 
     </span>
     <span class='ocr_line' id='line_1_10' title="bbox 42 1427 1296 1511; baseline -0.005 -17"><span class='ocrx_word' id='word_1_78' title='bbox 42 1427 152 1494; x_wconf 88' lang='lat' dir='ltr'><strong>venda</strong></span> <span class='ocrx_word' id='word_1_79' title='bbox 173 1436 247 1490; x_wconf 90' lang='lat' dir='ltr'><strong>erat</strong></span> <span class='ocrx_word' id='word_1_80' title='bbox 263 1427 422 1510; x_wconf 90' lang='lat' dir='ltr'><strong>pecunia,</strong></span> <span class='ocrx_word' id='word_1_81' title='bbox 440 1436 475 1491; x_wconf 92' lang='lat' dir='ltr'><strong>et</strong></span> <span class='ocrx_word' id='word_1_82' title='bbox 493 1428 612 1511; x_wconf 89' lang='lat' dir='ltr'><strong>pignus</strong></span> <span class='ocrx_word' id='word_1_83' title='bbox 629 1427 823 1511; x_wconf 89' lang='lat' dir='ltr'><strong>simpliciter</strong></span> <span class='ocrx_word' id='word_1_84' title='bbox 842 1429 954 1491; x_wconf 91' lang='lat' dir='ltr'><strong>datum</strong></span> <span class='ocrx_word' id='word_1_85' title='bbox 973 1436 1074 1508; x_wconf 89' lang='lat' dir='ltr'><strong>esset,</strong></span> <span class='ocrx_word' id='word_1_86' title='bbox 1095 1427 1194 1490; x_wconf 88' lang='lat' dir='ltr'><strong>modo</strong></span> <span class='ocrx_word' id='word_1_87' title='bbox 1217 1448 1296 1506; x_wconf 90' lang='lat' dir='ltr'><strong>non,</strong></span> 
     </span>
     <span class='ocr_line' id='line_1_11' title="bbox 45 1532 1298 1620; baseline -0.004 -20"><span class='ocrx_word' id='word_1_88' title='bbox 45 1546 223 1620; x_wconf 88' lang='lat' dir='ltr'><strong>antequam</strong></span> <span class='ocrx_word' id='word_1_89' title='bbox 245 1533 315 1597; x_wconf 91' lang='lat' dir='ltr'><strong>dies</strong></span> <span class='ocrx_word' id='word_1_90' title='bbox 335 1543 487 1614; x_wconf 87' lang='lat' dir='ltr'><strong>venerat,</strong></span> <span class='ocrx_word' id='word_1_91' title='bbox 506 1532 720 1617; x_wconf 88' lang='lat' dir='ltr'><strong>vendidisset,</strong></span> <span class='ocrx_word' id='word_1_92' title='bbox 739 1535 900 1620; x_wconf 88' lang='lat' dir='ltr'><strong>siquidem</strong></span> <span class='ocrx_word' id='word_1_93' title='bbox 920 1545 998 1600; x_wconf 89' lang='lat' dir='ltr'><strong>tunc</strong></span> <span class='ocrx_word' id='word_1_94' title='bbox 1014 1536 1093 1599; x_wconf 83' lang='lat' dir='ltr'><strong>furti</strong></span> <span class='ocrx_word' id='word_1_95' title='bbox 1113 1556 1147 1598; x_wconf 90' lang='lat' dir='ltr'><strong>se</strong></span> <span class='ocrx_word' id='word_1_96' title='bbox 1166 1533 1298 1617; x_wconf 89' lang='lat' dir='ltr'><strong>obliga-</strong></span> 
     </span>
     <span class='ocr_line' id='line_1_12' title="bbox 47 1641 1299 1727; baseline -0.002 -21"><span class='ocrx_word' id='word_1_97' title='bbox 47 1644 119 1706; x_wconf 87' lang='lat' dir='ltr'><strong>bat:</strong></span> <span class='ocrx_word' id='word_1_98' title='bbox 138 1644 177 1704; x_wconf 74' lang='lat'><strong>13.</strong></span> <span class='ocrx_word' id='word_1_99' title='bbox 193 1641 246 1704; x_wconf 81' lang='lat'><strong>73.</strong></span> <span class='ocrx_word' id='word_1_100' title='bbox 264 1644 305 1704; x_wconf 88' lang='lat' dir='ltr'><strong>D.</strong></span> <span class='ocrx_word' id='word_1_101' title='bbox 321 1641 359 1704; x_wconf 85' lang='lat' dir='ltr'><strong>de</strong></span> <span class='ocrx_word' id='word_1_102' title='bbox 376 1643 469 1704; x_wconf 72' lang='lat' dir='ltr'><strong>Fert.</strong></span> <span class='ocrx_word' id='word_1_103' title='bbox 490 1641 538 1704; x_wconf 90' lang='lat' dir='ltr'><strong>At</strong></span> <span class='ocrx_word' id='word_1_104' title='bbox 554 1649 671 1726; x_wconf 90' lang='lat' dir='ltr'><strong>postea</strong></span> <span class='ocrx_word' id='word_1_105' title='bbox 692 1651 801 1706; x_wconf 87' lang='lat' dir='ltr'><strong>tamen</strong></span> <span class='ocrx_word' id='word_1_106' title='bbox 820 1652 854 1706; x_wconf 91' lang='lat' dir='ltr'><strong>et</strong></span> <span class='ocrx_word' id='word_1_107' title='bbox 875 1643 939 1706; x_wconf 90' lang='lat' dir='ltr'><strong>hoc</strong></span> <span class='ocrx_word' id='word_1_108' title='bbox 955 1665 1029 1706; x_wconf 91' lang='lat' dir='ltr'><strong>casu</strong></span> <span class='ocrx_word' id='word_1_109' title='bbox 1046 1643 1170 1727; x_wconf 90' lang='lat' dir='ltr'><strong>requiri</strong></span> <span class='ocrx_word' id='word_1_110' title='bbox 1186 1641 1299 1726; x_wconf 91' lang='lat' dir='ltr'><strong>coepit</strong></span> 
     </span>
     <span class='ocr_line' id='line_1_13' title="bbox 47 1747 1298 1834; baseline -0.004 -21"><span class='ocrx_word' id='word_1_111' title='bbox 47 1773 112 1813; x_wconf 89' lang='lat' dir='ltr'><strong>una</strong></span> <span class='ocrx_word' id='word_1_112' title='bbox 133 1747 358 1829; x_wconf 84' lang='lat' dir='ltr'><strong>denunciatio,</strong></span> <span class='ocrx_word' id='word_1_113' title='bbox 378 1757 411 1812; x_wconf 91' lang='lat' dir='ltr'><strong>et</strong></span> <span class='ocrx_word' id='word_1_114' title='bbox 427 1769 518 1812; x_wconf 88' lang='lat' dir='ltr'><strong>mora</strong></span> <span class='ocrx_word' id='word_1_115' title='bbox 533 1749 677 1812; x_wconf 89' lang='lat' dir='ltr'><strong>biennii:</strong></span> <span class='ocrx_word' id='word_1_116' title='bbox 699 1753 733 1812; x_wconf 83' lang='lat' dir='ltr'><strong>L.</strong></span> <span class='ocrx_word' id='word_1_117' title='bbox 748 1751 779 1812; x_wconf 84' lang='grc'><strong>4.</strong></span> <span class='ocrx_word' id='word_1_118' title='bbox 797 1751 829 1810; x_wconf 83' lang='lat'><strong>0.</strong></span> <span class='ocrx_word' id='word_1_119' title='bbox 849 1751 888 1812; x_wconf 86' lang='lat' dir='ltr'><strong>dc</strong></span> <span class='ocrx_word' id='word_1_120' title='bbox 903 1754 984 1813; x_wconf 82' lang='lat' dir='ltr'><strong>Ds&#39;st.</strong></span> <span class='ocrx_word' id='word_1_121' title='bbox 995 1755 1084 1834; x_wconf 76' lang='lat' dir='ltr'><strong>pigra.</strong></span> <span class='ocrx_word' id='word_1_122' title='bbox 1099 1749 1136 1810; x_wconf 78' lang='lat' dir='ltr'><strong>L.</strong></span> <span class='ocrx_word' id='word_1_123' title='bbox 1153 1751 1208 1811; x_wconf 82' lang='lat' dir='ltr'><strong>ott.</strong></span> <span class='ocrx_word' id='word_1_124' title='bbox 1224 1749 1252 1828; x_wconf 83' lang='lat'><strong>§.</strong></span> <span class='ocrx_word' id='word_1_125' title='bbox 1269 1748 1298 1808; x_wconf 92' lang='lat'><strong>1.</strong></span> 
     </span>
     <span class='ocr_line' id='line_1_14' title="bbox 52 1855 1299 1941; baseline 0 -23"><span class='ocrx_word' id='word_1_126' title='bbox 52 1859 84 1918; x_wconf 81' lang='lat'><strong>0.</strong></span> <span class='ocrx_word' id='word_1_127' title='bbox 101 1857 221 1918; x_wconf 75' lang='lat' dir='ltr'><strong>detur.</strong></span> <span class='ocrx_word' id='word_1_128' title='bbox 240 1858 318 1917; x_wconf 85' lang='lat' dir='ltr'><strong>dom.</strong></span> <span class='ocrx_word' id='word_1_129' title='bbox 338 1857 408 1937; x_wconf 79' lang='lat' dir='ltr'><strong>einp.</strong></span> <span class='ocrx_word' id='word_1_130' title='bbox 430 1855 583 1939; x_wconf 88' lang='lat' dir='ltr'><strong>Reliquis</strong></span> <span class='ocrx_word' id='word_1_131' title='bbox 609 1857 734 1920; x_wconf 91' lang='lat' dir='ltr'><strong>casibus</strong></span> <span class='ocrx_word' id='word_1_132' title='bbox 757 1857 843 1920; x_wconf 90' lang='lat' dir='ltr'><strong>trina</strong></span> <span class='ocrx_word' id='word_1_133' title='bbox 864 1859 1095 1941; x_wconf 84' lang='lat' dir='ltr'><strong>requirebatur</strong></span> <span class='ocrx_word' id='word_1_134' title='bbox 1119 1855 1299 1918; x_wconf 88' lang='lat' dir='ltr'><strong>denuncio-</strong></span> 
     </span>
     <span class='ocr_line' id='line_1_15' title="bbox 47 1961 1298 2046; baseline -0.003 -19"><span class='ocrx_word' id='word_1_135' title='bbox 47 1966 105 2041; x_wconf 91' lang='lat' dir='ltr'><strong>tio,</strong></span> <span class='ocrx_word' id='word_1_136' title='bbox 129 1972 165 2027; x_wconf 93' lang='lat' dir='ltr'><strong>ut</strong></span> <span class='ocrx_word' id='word_1_137' title='bbox 187 1963 322 2026; x_wconf 91' lang='lat' dir='ltr'><strong>debitor</strong></span> <span class='ocrx_word' id='word_1_138' title='bbox 343 1962 398 2024; x_wconf 92' lang='lat' dir='ltr'><strong>vel</strong></span> <span class='ocrx_word' id='word_1_139' title='bbox 420 1963 539 2046; x_wconf 89' lang='lat' dir='ltr'><strong>pignus</strong></span> <span class='ocrx_word' id='word_1_140' title='bbox 560 1964 684 2046; x_wconf 90' lang='lat' dir='ltr'><strong>lueret,</strong></span> <span class='ocrx_word' id='word_1_141' title='bbox 707 1963 763 2028; x_wconf 90' lang='lat' dir='ltr'><strong>vel</strong></span> <span class='ocrx_word' id='word_1_142' title='bbox 782 1965 898 2046; x_wconf 86' lang='lat' dir='ltr'><strong>sciret,</strong></span> <span class='ocrx_word' id='word_1_143' title='bbox 919 1965 1003 2029; x_wconf 93' lang='lat' dir='ltr'><strong>illud</strong></span> <span class='ocrx_word' id='word_1_144' title='bbox 1030 1965 1218 2028; x_wconf 90' lang='lat' dir='ltr'><strong>distractum</strong></span> <span class='ocrx_word' id='word_1_145' title='bbox 1243 1961 1298 2026; x_wconf 91' lang='lat' dir='ltr'><strong>iri:</strong></span> 
     </span>
     <span class='ocr_line' id='line_1_16' title="bbox 48 2069 1300 2152; baseline -0.001 -19"><span class='ocrx_word' id='word_1_146' title='bbox 48 2070 171 2134; x_wconf 90' lang='lat' dir='ltr'><strong>Paulus</strong></span> <span class='ocrx_word' id='word_1_147' title='bbox 190 2071 345 2131; x_wconf 83' lang='lat' dir='ltr'><strong>Sententt.</strong></span> <span class='ocrx_word' id='word_1_148' title='bbox 365 2069 504 2152; x_wconf 75' lang='lat' dir='ltr'><strong>Recepit.</strong></span> <span class='ocrx_word' id='word_1_149' title='bbox 529 2073 570 2131; x_wconf 89' lang='lat' dir='ltr'><strong>II.</strong></span> <span class='ocrx_word' id='word_1_150' title='bbox 591 2073 620 2133; x_wconf 81' lang='lat'><strong>5.</strong></span> <span class='ocrx_word' id='word_1_151' title='bbox 635 2071 665 2134; x_wconf 92' lang='grc'><strong>1.</strong></span> <span class='ocrx_word' id='word_1_152' title='bbox 679 2072 722 2152; x_wconf 79' lang='lat' dir='ltr'><strong>i).</strong></span> <span class='ocrx_word' id='word_1_153' title='bbox 750 2073 953 2136; x_wconf 85' lang='lat' dir='ltr'><strong>Justinianus</strong></span> <span class='ocrx_word' id='word_1_154' title='bbox 973 2093 1054 2136; x_wconf 91' lang='lat' dir='ltr'><strong>vero</strong></span> <span class='ocrx_word' id='word_1_155' title='bbox 1077 2080 1206 2136; x_wconf 91' lang='lat' dir='ltr'><strong>veteres</strong></span> <span class='ocrx_word' id='word_1_156' title='bbox 1231 2092 1300 2134; x_wconf 90' lang='lat' dir='ltr'><strong>am-</strong></span> 
     </span>
     <span class='ocr_line' id='line_1_17' title="bbox 47 2175 1299 2262; baseline -0.003 -21"><span class='ocrx_word' id='word_1_157' title='bbox 47 2179 151 2262; x_wconf 85' lang='lat' dir='ltr'><strong>bages</strong></span> <span class='ocrx_word' id='word_1_158' title='bbox 162 2175 268 2257; x_wconf 89' lang='lat' dir='ltr'><strong>novis,</strong></span> <span class='ocrx_word' id='word_1_159' title='bbox 284 2176 391 2258; x_wconf 90' lang='lat' dir='ltr'><strong>iisque</strong></span> <span class='ocrx_word' id='word_1_160' title='bbox 405 2177 508 2240; x_wconf 91' lang='lat' dir='ltr'><strong>multo</strong></span> <span class='ocrx_word' id='word_1_161' title='bbox 523 2177 731 2262; x_wconf 84' lang='lat' dir='ltr'><strong>longioribus</strong></span> <span class='ocrx_word' id='word_1_162' title='bbox 742 2175 965 2260; x_wconf 86' lang='lat' dir='ltr'><strong>commutavit,</strong></span> <span class='ocrx_word' id='word_1_163' title='bbox 982 2187 1017 2242; x_wconf 90' lang='lat' dir='ltr'><strong>et</strong></span> <span class='ocrx_word' id='word_1_164' title='bbox 1031 2180 1148 2245; x_wconf 90' lang='lat' dir='ltr'><strong>trinam</strong></span> <span class='ocrx_word' id='word_1_165' title='bbox 1166 2177 1299 2262; x_wconf 89' lang='lat' dir='ltr'><strong>quidem</strong></span> 
     </span>
     <span class='ocr_line' id='line_1_18' title="bbox 48 2282 1301 2370; baseline -0.004 -21"><span class='ocrx_word' id='word_1_166' title='bbox 48 2283 340 2350; x_wconf 87' lang='lat' dir='ltr'><strong>denunciationem</strong></span> <span class='ocrx_word' id='word_1_167' title='bbox 357 2282 524 2369; x_wconf 89' lang='lat' dir='ltr'><strong>plerisque</strong></span> <span class='ocrx_word' id='word_1_168' title='bbox 541 2285 669 2348; x_wconf 88' lang='lat' dir='ltr'><strong>casibus</strong></span> <span class='ocrx_word' id='word_1_169' title='bbox 693 2285 840 2368; x_wconf 87' lang='lat' dir='ltr'><strong>sustulit,</strong></span> <span class='ocrx_word' id='word_1_170' title='bbox 856 2286 1052 2370; x_wconf 85' lang='lat' dir='ltr'><strong>unicamque</strong></span> <span class='ocrx_word' id='word_1_171' title='bbox 1069 2285 1216 2348; x_wconf 88' lang='lat' dir='ltr'><strong>sufficere</strong></span> <span class='ocrx_word' id='word_1_172' title='bbox 1242 2305 1301 2346; x_wconf 90' lang='lat' dir='ltr'><strong>vo·</strong></span> 
     </span>
     <span class='ocr_line' id='line_1_19' title="bbox 46 2389 1301 2478; baseline -0.001 -23"><span class='ocrx_word' id='word_1_173' title='bbox 46 2393 128 2456; x_wconf 84' lang='lat' dir='ltr'><strong>luit:</strong></span> <span class='ocrx_word' id='word_1_174' title='bbox 152 2389 426 2473; x_wconf 77' lang='lat' dir='ltr'><strong>addidittamen,</strong></span> <span class='ocrx_word' id='word_1_175' title='bbox 450 2401 501 2475; x_wconf 91' lang='lat' dir='ltr'><strong>ut,</strong></span> <span class='ocrx_word' id='word_1_176' title='bbox 525 2393 614 2456; x_wconf 85' lang='lat' dir='ltr'><strong>facta</strong></span> <span class='ocrx_word' id='word_1_177' title='bbox 634 2394 909 2476; x_wconf 85' lang='lat' dir='ltr'><strong>denunciatione,</strong></span> <span class='ocrx_word' id='word_1_178' title='bbox 933 2393 1115 2478; x_wconf 92' lang='lat' dir='ltr'><strong>elapsoque</strong></span> <span class='ocrx_word' id='word_1_179' title='bbox 1137 2400 1212 2477; x_wconf 89' lang='lat' dir='ltr'><strong>post</strong></span> <span class='ocrx_word' id='word_1_180' title='bbox 1227 2413 1301 2454; x_wconf 90' lang='lat' dir='ltr'><strong>eam</strong></span> 
     </span>
     <span class='ocr_line' id='line_1_20' title="bbox 48 2498 1302 2586; baseline -0.002 -23"><span class='ocrx_word' id='word_1_181' title='bbox 48 2498 202 2579; x_wconf 89' lang='lat' dir='ltr'><strong>biennio,</strong></span> <span class='ocrx_word' id='word_1_182' title='bbox 216 2499 333 2582; x_wconf 91' lang='lat' dir='ltr'><strong>pignus</strong></span> <span class='ocrx_word' id='word_1_183' title='bbox 351 2500 509 2564; x_wconf 86' lang='lat' dir='ltr'><strong>creditori</strong></span> <span class='ocrx_word' id='word_1_184' title='bbox 524 2500 780 2586; x_wconf 84' lang='lat' dir='ltr'><strong>adjudicaretur,</strong></span> <span class='ocrx_word' id='word_1_185' title='bbox 797 2501 876 2566; x_wconf 88' lang='lat' dir='ltr'><strong>dato</strong></span> <span class='ocrx_word' id='word_1_186' title='bbox 897 2503 1031 2586; x_wconf 88' lang='lat' dir='ltr'><strong>insuper</strong></span> <span class='ocrx_word' id='word_1_187' title='bbox 1046 2499 1190 2565; x_wconf 91' lang='lat' dir='ltr'><strong>debitori</strong></span> <span class='ocrx_word' id='word_1_188' title='bbox 1206 2499 1302 2563; x_wconf 87' lang='lat' dir='ltr'><strong>bien-</strong></span> 
     </span>
    </p>
   </div>
   <div class='ocr_carea' id='block_1_3' title="bbox 49 2607 1303 2797">
    <p class='ocr_par' dir='ltr' id='par_1_4' title="bbox 49 2607 1303 2797">
     <span class='ocr_line' id='line_1_21' title="bbox 49 2607 1303 2698; baseline -0.003 -26"><span class='ocrx_word' id='word_1_189' title='bbox 49 2611 119 2689; x_wconf 90' lang='lat' dir='ltr'><strong>nio,</strong></span> <span class='ocrx_word' id='word_1_190' title='bbox 137 2608 225 2670; x_wconf 88' lang='lat' dir='ltr'><strong>intra</strong></span> <span class='ocrx_word' id='word_1_191' title='bbox 240 2607 331 2690; x_wconf 92' lang='lat' dir='ltr'><strong>quod</strong></span> <span class='ocrx_word' id='word_1_192' title='bbox 351 2627 420 2672; x_wconf 89' lang='lat' dir='ltr'><strong>rem</strong></span> <span class='ocrx_word' id='word_1_193' title='bbox 437 2629 525 2672; x_wconf 91' lang='lat' dir='ltr'><strong>suam</strong></span> <span class='ocrx_word' id='word_1_194' title='bbox 545 2617 657 2692; x_wconf 89' lang='lat' dir='ltr'><strong>posset</strong></span> <span class='ocrx_word' id='word_1_195' title='bbox 677 2631 892 2692; x_wconf 82' lang='lat' dir='ltr'><strong>recuperare:</strong></span> <span class='ocrx_word' id='word_1_196' title='bbox 908 2611 945 2673; x_wconf 78' lang='lat' dir='ltr'><strong>L.</strong></span> <span class='ocrx_word' id='word_1_197' title='bbox 960 2612 1017 2672; x_wconf 81' lang='lat' dir='ltr'><strong>ult.</strong></span> <span class='ocrx_word' id='word_1_198' title='bbox 1032 2611 1060 2691; x_wconf 54' lang='grc'>9</span> <span class='ocrx_word' id='word_1_199' title='bbox 1075 2608 1106 2672; x_wconf 81' lang='grc'><strong>3.</strong></span> <span class='ocrx_word' id='word_1_200' title='bbox 1123 2609 1156 2672; x_wconf 75' lang='lat' dir='ltr'><strong>G.</strong></span> <span class='ocrx_word' id='word_1_201' title='bbox 1171 2610 1210 2672; x_wconf 80' lang='lat' dir='ltr'><strong>de</strong></span> <span class='ocrx_word' id='word_1_202' title='bbox 1224 2608 1303 2698; x_wconf 66' lang='lat' dir='ltr'><strong>Juce</strong></span> 
     </span>
     <span class='ocr_line' id='line_1_22' title="bbox 54 2718 359 2797; baseline -0.007 -19"><span class='ocrx_word' id='word_1_203' title='bbox 54 2719 161 2780; x_wconf 74' lang='lat' dir='ltr'><strong>dontio.</strong></span> <span class='ocrx_word' id='word_1_204' title='bbox 178 2718 300 2797; x_wconf 83' lang='lat' dir='ltr'><strong>impetr.</strong></span> <span class='ocrx_word' id='word_1_205' title='bbox 356 2745 359 2752; x_wconf 53' lang='lat'><strong><em>⁴</em></strong></span> 
     </span>
    </p>
   </div>
   <div class='ocr_carea' id='block_1_4' title="bbox 630 2857 731 2938">
    <p class='ocr_par' dir='ltr' id='par_1_5' title="bbox 630 2857 731 2938">
     <span class='ocr_line' id='line_1_23' title="bbox 630 2857 731 2938; baseline 0.03 -20"><span class='ocrx_word' id='word_1_206' title='bbox 630 2857 658 2938; x_wconf 68' lang='grc' dir='ltr'><strong>ς.</strong></span> <span class='ocrx_word' id='word_1_207' title='bbox 680 2857 731 2921; x_wconf 89' lang='lat'><strong>11.</strong></span> 
     </span>
    </p>
   </div>
   <div class='ocr_carea' id='block_1_5' title="bbox 341 2971 1009 3041">
    <p class='ocr_par' dir='ltr' id='par_1_6' title="bbox 341 2971 1009 3041">
     <span class='ocr_line' id='line_1_24' title="bbox 341 2971 1009 3041; baseline 0.004 -18"><span class='ocrx_word' id='word_1_208' title='bbox 341 2971 383 3023; x_wconf 91' lang='lat' dir='ltr'><strong>De</strong></span> <span class='ocrx_word' id='word_1_209' title='bbox 401 2971 557 3024; x_wconf 80' lang='lat' dir='ltr'><strong>alienatione</strong></span> <span class='ocrx_word' id='word_1_210' title='bbox 571 2989 662 3024; x_wconf 82' lang='lat' dir='ltr'><strong>rerum</strong></span> <span class='ocrx_word' id='word_1_211' title='bbox 678 2973 851 3041; x_wconf 82' lang='lat' dir='ltr'><strong>pupillarium</strong></span> <span class='ocrx_word' id='word_1_212' title='bbox 869 2975 1009 3026; x_wconf 78' lang='lat' dir='ltr'><strong>remissive.</strong></span> 
     </span>
    </p>
   </div>
   <div class='ocr_carea' id='block_1_6' title="bbox 134 3070 1306 3159">
    <p class='ocr_par' dir='ltr' id='par_1_7' title="bbox 134 3070 1306 3159">
     <span class='ocr_line' id='line_1_25' title="bbox 134 3070 1306 3159; baseline 0 -24"><span class='ocrx_word' id='word_1_213' title='bbox 134 3070 291 3156; x_wconf 89' lang='lat' dir='ltr'><strong>Pupillos</strong></span> <span class='ocrx_word' id='word_1_214' title='bbox 305 3072 490 3156; x_wconf 83' lang='lat' dir='ltr'><strong>pupillnsve</strong></span> <span class='ocrx_word' id='word_1_215' title='bbox 507 3072 653 3136; x_wconf 87' lang='lat' dir='ltr'><strong>alienare</strong></span> <span class='ocrx_word' id='word_1_216' title='bbox 668 3071 755 3137; x_wconf 87' lang='lat' dir='ltr'><strong>haud</strong></span> <span class='ocrx_word' id='word_1_217' title='bbox 773 3093 886 3159; x_wconf 88' lang='lat' dir='ltr'><strong>posse,</strong></span> <span class='ocrx_word' id='word_1_218' title='bbox 903 3073 965 3138; x_wconf 91' lang='lat' dir='ltr'><strong>nisi</strong></span> <span class='ocrx_word' id='word_1_219' title='bbox 985 3074 1170 3138; x_wconf 90' lang='lat' dir='ltr'><strong>auctoribus</strong></span> <span class='ocrx_word' id='word_1_220' title='bbox 1186 3071 1306 3137; x_wconf 57' lang='lat' dir='ltr'><strong>tutori:</strong></span> 
     </span>
    </p>
   </div>
   <div class='ocr_carea' id='block_1_7' title="bbox 56 3275 1365 4604">
    <p class='ocr_par' dir='ltr' id='par_1_8' title="bbox 56 3275 1365 4604">
     <span class='ocr_line' id='line_1_26' title="bbox 122 3275 1305 3346; baseline -0.004 -14"><span class='ocrx_word' id='word_1_221' title='bbox 122 3279 149 3346; x_wconf 86' lang='lat' dir='ltr'><strong>i)</strong></span> <span class='ocrx_word' id='word_1_222' title='bbox 168 3279 248 3332; x_wconf 85' lang='lat' dir='ltr'><strong>Male</strong></span> <span class='ocrx_word' id='word_1_223' title='bbox 263 3281 331 3332; x_wconf 86' lang='lat' dir='ltr'><strong>haec</strong></span> <span class='ocrx_word' id='word_1_224' title='bbox 355 3278 485 3344; x_wconf 85' lang='lat' dir='ltr'><strong>exposuit</strong></span> <span class='ocrx_word' id='word_1_225' title='bbox 501 3276 674 3332; x_wconf 86' lang='lat' dir='ltr'><strong>Heinccctus.</strong></span> <span class='ocrx_word' id='word_1_226' title='bbox 701 3279 731 3334; x_wconf 89' lang='lat' dir='ltr'><strong>Si</strong></span> <span class='ocrx_word' id='word_1_227' title='bbox 748 3279 918 3332; x_wconf 85' lang='lat' dir='ltr'><strong>convenisset</strong></span> <span class='ocrx_word' id='word_1_228' title='bbox 935 3278 970 3329; x_wconf 90' lang='lat' dir='ltr'><strong>de</strong></span> <span class='ocrx_word' id='word_1_229' title='bbox 992 3277 1166 3330; x_wconf 86' lang='lat' dir='ltr'><strong>distrahendo</strong></span> <span class='ocrx_word' id='word_1_230' title='bbox 1184 3275 1305 3343; x_wconf 75' lang='lat' dir='ltr'><strong>pignore,</strong></span> 
     </span>
     <span class='ocr_line' id='line_1_27' title="bbox 56 3361 1306 3431; baseline -0.002 -15"><span class='ocrx_word' id='word_1_231' title='bbox 56 3365 176 3418; x_wconf 83' lang='lat' dir='ltr'><strong>venditio</strong></span> <span class='ocrx_word' id='word_1_232' title='bbox 194 3363 328 3430; x_wconf 85' lang='lat' dir='ltr'><strong>permissa</strong></span> <span class='ocrx_word' id='word_1_233' title='bbox 345 3363 409 3426; x_wconf 82' lang='lat' dir='ltr'><strong>tuit,</strong></span> <span class='ocrx_word' id='word_1_234' title='bbox 427 3379 477 3416; x_wconf 88' lang='lat' dir='ltr'><strong>neo</strong></span> <span class='ocrx_word' id='word_1_235' title='bbox 495 3362 907 3428; x_wconf 80' lang='lat' dir='ltr'><strong>denunciatiodesidcrabatur,</strong></span> <span class='ocrx_word' id='word_1_236' title='bbox 920 3363 1008 3431; x_wconf 80' lang='lat' dir='ltr'><strong>&#39;quam</strong></span> <span class='ocrx_word' id='word_1_237' title='bbox 1025 3365 1095 3416; x_wconf 88' lang='lat' dir='ltr'><strong>male</strong></span> <span class='ocrx_word' id='word_1_238' title='bbox 1113 3361 1159 3416; x_wconf 87' lang='lat' dir='ltr'><strong>alii</strong></span> <span class='ocrx_word' id='word_1_239' title='bbox 1176 3377 1212 3414; x_wconf 85' lang='lat' dir='ltr'><strong>ex</strong></span> <span class='ocrx_word' id='word_1_240' title='bbox 1229 3363 1262 3412; x_wconf 89' lang='lat' dir='ltr'><strong>L.</strong></span> <span class='ocrx_word' id='word_1_241' title='bbox 1280 3365 1306 3414; x_wconf 80' lang='lat'><strong>4.</strong></span> 
     </span>
     <span class='ocr_line' id='line_1_28' title="bbox 57 3445 1306 3516; baseline -0.002 -16"><span class='ocrx_word' id='word_1_242' title='bbox 57 3451 86 3500; x_wconf 86' lang='lat' dir='ltr'><strong>dc</strong></span> <span class='ocrx_word' id='word_1_243' title='bbox 105 3451 193 3500; x_wconf 84' lang='lat' dir='ltr'><strong>Distr.</strong></span> <span class='ocrx_word' id='word_1_244' title='bbox 207 3449 283 3516; x_wconf 71' lang='lat' dir='ltr'><strong>pipo.</strong></span> <span class='ocrx_word' id='word_1_245' title='bbox 301 3448 452 3516; x_wconf 88' lang='lat' dir='ltr'><strong>requirnnt.</strong></span> <span class='ocrx_word' id='word_1_246' title='bbox 480 3447 510 3500; x_wconf 92' lang='lat' dir='ltr'><strong>Si</strong></span> <span class='ocrx_word' id='word_1_247' title='bbox 528 3446 595 3500; x_wconf 88' lang='lat' dir='ltr'><strong>nihil</strong></span> <span class='ocrx_word' id='word_1_248' title='bbox 620 3449 654 3500; x_wconf 90' lang='lat' dir='ltr'><strong>de</strong></span> <span class='ocrx_word' id='word_1_249' title='bbox 672 3448 846 3500; x_wconf 87' lang='lat' dir='ltr'><strong>distrahendo</strong></span> <span class='ocrx_word' id='word_1_250' title='bbox 863 3448 976 3515; x_wconf 82' lang='lat' dir='ltr'><strong>pignore</strong></span> <span class='ocrx_word' id='word_1_251' title='bbox 994 3447 1163 3511; x_wconf 88' lang='lat' dir='ltr'><strong>convenerit,</strong></span> <span class='ocrx_word' id='word_1_252' title='bbox 1181 3445 1306 3498; x_wconf 89' lang='lat' dir='ltr'><strong>Javoleni</strong></span> 
     </span>
     <span class='ocr_line' id='line_1_29' title="bbox 57 3529 1307 3600; baseline -0.002 -16"><span class='ocrx_word' id='word_1_253' title='bbox 57 3539 179 3600; x_wconf 88' lang='lat' dir='ltr'><strong>tempore</strong></span> <span class='ocrx_word' id='word_1_254' title='bbox 198 3531 318 3584; x_wconf 88' lang='lat' dir='ltr'><strong>venditio</strong></span> <span class='ocrx_word' id='word_1_255' title='bbox 336 3529 463 3584; x_wconf 85' lang='lat' dir='ltr'><strong>creditori</strong></span> <span class='ocrx_word' id='word_1_256' title='bbox 480 3547 536 3584; x_wconf 93' lang='lat' dir='ltr'><strong>non</strong></span> <span class='ocrx_word' id='word_1_257' title='bbox 553 3530 685 3597; x_wconf 87' lang='lat' dir='ltr'><strong>permissa</strong></span> <span class='ocrx_word' id='word_1_258' title='bbox 703 3530 755 3584; x_wconf 90' lang='lat' dir='ltr'><strong>fuit</strong></span> <span class='ocrx_word' id='word_1_259' title='bbox 772 3549 807 3584; x_wconf 85' lang='lat' dir='ltr'><strong>ex</strong></span> <span class='ocrx_word' id='word_1_260' title='bbox 821 3535 852 3585; x_wconf 93' lang='lat' dir='ltr'><strong>L.</strong></span> <span class='ocrx_word' id='word_1_261' title='bbox 864 3538 906 3587; x_wconf 82' lang='lat'><strong>7³.</strong></span> <span class='ocrx_word' id='word_1_262' title='bbox 923 3535 956 3586; x_wconf 90' lang='lat' dir='ltr'><strong>D.</strong></span> <span class='ocrx_word' id='word_1_263' title='bbox 970 3535 1001 3584; x_wconf 86' lang='lat' dir='ltr'><strong>de</strong></span> <span class='ocrx_word' id='word_1_264' title='bbox 1015 3535 1092 3588; x_wconf 76' lang='lat' dir='ltr'><strong>Fert</strong></span> <span class='ocrx_word' id='word_1_265' title='bbox 1111 3530 1201 3586; x_wconf 90' lang='lat' dir='ltr'><strong>Licuit</strong></span> <span class='ocrx_word' id='word_1_266' title='bbox 1217 3538 1307 3584; x_wconf 85' lang='lat' dir='ltr'><strong>tamen</strong></span> 
     </span>
     <span class='ocr_line' id='line_1_30' title="bbox 59 3616 1307 3684; baseline 0 -16"><span class='ocrx_word' id='word_1_267' title='bbox 59 3616 169 3682; x_wconf 89' lang='lat' dir='ltr'><strong>Ulpiani</strong></span> <span class='ocrx_word' id='word_1_268' title='bbox 188 3621 291 3680; x_wconf 87' lang='lat' dir='ltr'><strong>aetate,</strong></span> <span class='ocrx_word' id='word_1_269' title='bbox 310 3617 459 3669; x_wconf 86' lang='lat' dir='ltr'><strong>dnmmodo</strong></span> <span class='ocrx_word' id='word_1_270' title='bbox 482 3616 553 3669; x_wconf 88' lang='lat' dir='ltr'><strong>trina</strong></span> <span class='ocrx_word' id='word_1_271' title='bbox 574 3616 748 3670; x_wconf 88' lang='lat' dir='ltr'><strong>denunciatio</strong></span> <span class='ocrx_word' id='word_1_272' title='bbox 774 3617 914 3671; x_wconf 86' lang='lat' dir='ltr'><strong>creditoris</strong></span> <span class='ocrx_word' id='word_1_273' title='bbox 933 3619 1138 3684; x_wconf 83' lang='lat' dir='ltr'><strong>praecessisset,</strong></span> <span class='ocrx_word' id='word_1_274' title='bbox 1160 3623 1191 3670; x_wconf 89' lang='lat' dir='ltr'><strong>ut</strong></span> <span class='ocrx_word' id='word_1_275' title='bbox 1209 3618 1307 3682; x_wconf 77' lang='lat' dir='ltr'><strong>pignus</strong></span> 
     </span>
     <span class='ocr_line' id='line_1_31' title="bbox 58 3700 1308 3770; baseline -0.002 -16"><span class='ocrx_word' id='word_1_276' title='bbox 58 3705 143 3755; x_wconf 87' lang='lat' dir='ltr'><strong>lueret</strong></span> <span class='ocrx_word' id='word_1_277' title='bbox 160 3702 281 3755; x_wconf 87' lang='lat' dir='ltr'><strong>debitor:</strong></span> <span class='ocrx_word' id='word_1_278' title='bbox 299 3701 404 3752; x_wconf 86' lang='lat' dir='ltr'><strong>Paulus</strong></span> <span class='ocrx_word' id='word_1_279' title='bbox 424 3700 550 3753; x_wconf 82' lang='lat' dir='ltr'><strong>Sententt.</strong></span> <span class='ocrx_word' id='word_1_280' title='bbox 571 3703 693 3770; x_wconf 81' lang='lat' dir='ltr'><strong>Receptt.</strong></span> <span class='ocrx_word' id='word_1_281' title='bbox 712 3701 770 3756; x_wconf 82' lang='lat' dir='ltr'><strong>Lib.</strong></span> <span class='ocrx_word' id='word_1_282' title='bbox 785 3704 826 3756; x_wconf 91' lang='lat' dir='ltr'><strong>II.</strong></span> <span class='ocrx_word' id='word_1_283' title='bbox 844 3721 870 3756; x_wconf 85' lang='lat' dir='ltr'><strong>n.</strong></span> <span class='ocrx_word' id='word_1_284' title='bbox 884 3709 909 3756; x_wconf 84' lang='lat'><strong>5.</strong></span> <span class='ocrx_word' id='word_1_285' title='bbox 927 3705 948 3770; x_wconf 56' lang='grc' dir='ltr'><strong>ᾖ.</strong></span> <span class='ocrx_word' id='word_1_286' title='bbox 969 3711 991 3756; x_wconf 92' lang='lat' dir='ltr'><strong>l.</strong></span> <span class='ocrx_word' id='word_1_287' title='bbox 1010 3705 1034 3756; x_wconf 88' lang='lat' dir='ltr'><strong>si</strong></span> <span class='ocrx_word' id='word_1_288' title='bbox 1051 3710 1161 3770; x_wconf 87' lang='lat' dir='ltr'><strong>pactum</strong></span> <span class='ocrx_word' id='word_1_289' title='bbox 1179 3717 1308 3767; x_wconf 83' lang='lat' dir='ltr'><strong>expresse</strong></span> 
     </span>
     <span class='ocr_line' id='line_1_32' title="bbox 59 3784 1308 3852; baseline 0 -14"><span class='ocrx_word' id='word_1_290' title='bbox 59 3787 155 3851; x_wconf 81' lang='lat' dir='ltr'><strong>tuerit,</strong></span> <span class='ocrx_word' id='word_1_291' title='bbox 174 3802 210 3837; x_wconf 91' lang='lat' dir='ltr'><strong>ne</strong></span> <span class='ocrx_word' id='word_1_292' title='bbox 228 3785 361 3837; x_wconf 87' lang='lat' dir='ltr'><strong>vendatur</strong></span> <span class='ocrx_word' id='word_1_293' title='bbox 379 3784 494 3852; x_wconf 78' lang='lat' dir='ltr'><strong>pignus,</strong></span> <span class='ocrx_word' id='word_1_294' title='bbox 513 3785 715 3840; x_wconf 84' lang='lat' dir='ltr'><strong>distractionem</strong></span> <span class='ocrx_word' id='word_1_295' title='bbox 738 3788 913 3840; x_wconf 87' lang='lat' dir='ltr'><strong>nihilominus</strong></span> <span class='ocrx_word' id='word_1_296' title='bbox 932 3789 1031 3840; x_wconf 85' lang='lat' dir='ltr'><strong>licitam</strong></span> <span class='ocrx_word' id='word_1_297' title='bbox 1051 3794 1162 3840; x_wconf 87' lang='lat' dir='ltr'><strong>censent</strong></span> <span class='ocrx_word' id='word_1_298' title='bbox 1180 3803 1214 3838; x_wconf 88' lang='lat' dir='ltr'><strong>ex</strong></span> <span class='ocrx_word' id='word_1_299' title='bbox 1232 3789 1265 3838; x_wconf 90' lang='lat' dir='ltr'><strong>L.</strong></span> <span class='ocrx_word' id='word_1_300' title='bbox 1283 3791 1308 3839; x_wconf 87' lang='grc'><strong>4.</strong></span> 
     </span>
     <span class='ocr_line' id='line_1_33' title="bbox 62 3869 1365 3939; baseline -0.001 -17"><span class='ocrx_word' id='word_1_301' title='bbox 62 3873 96 3922; x_wconf 88' lang='lat' dir='ltr'><strong>D.</strong></span> <span class='ocrx_word' id='word_1_302' title='bbox 115 3873 146 3924; x_wconf 83' lang='lat' dir='ltr'><strong>dc</strong></span> <span class='ocrx_word' id='word_1_303' title='bbox 165 3871 249 3939; x_wconf 74' lang='lat' dir='ltr'><strong>Pipa.</strong></span> <span class='ocrx_word' id='word_1_304' title='bbox 269 3878 319 3922; x_wconf 86' lang='lat' dir='ltr'><strong>act.</strong></span> <span class='ocrx_word' id='word_1_305' title='bbox 338 3869 362 3921; x_wconf 90' lang='lat' dir='ltr'><strong>si</strong></span> <span class='ocrx_word' id='word_1_306' title='bbox 379 3869 496 3922; x_wconf 88' lang='lat' dir='ltr'><strong>creditor</strong></span> <span class='ocrx_word' id='word_1_307' title='bbox 514 3877 575 3924; x_wconf 86' lang='lat' dir='ltr'><strong>ante</strong></span> <span class='ocrx_word' id='word_1_308' title='bbox 599 3872 715 3925; x_wconf 90' lang='lat' dir='ltr'><strong>debitori</strong></span> <span class='ocrx_word' id='word_1_309' title='bbox 741 3879 781 3924; x_wconf 89' lang='lat' dir='ltr'><strong>ter</strong></span> <span class='ocrx_word' id='word_1_310' title='bbox 806 3871 1021 3938; x_wconf 84' lang='lat' dir='ltr'><strong>denunciaverit,</strong></span> <span class='ocrx_word' id='word_1_311' title='bbox 1045 3879 1076 3925; x_wconf 90' lang='lat' dir='ltr'><strong>ut</strong></span> <span class='ocrx_word' id='word_1_312' title='bbox 1093 3873 1191 3934; x_wconf 89' lang='lat' dir='ltr'><strong>solvat,</strong></span> <span class='ocrx_word' id='word_1_313' title='bbox 1216 3887 1266 3922; x_wconf 90' lang='lat' dir='ltr'><strong>nec</strong></span> <span class='ocrx_word' id='word_1_314' title='bbox 1283 3869 1308 3922; x_wconf 93' lang='lat' dir='ltr'><strong>ei</strong></span> <span class='ocrx_word' id='word_1_315' title='bbox 1361 3929 1365 3938; x_wconf 16' lang='lat' dir='ltr'><strong>p</strong></span> 
     </span>
     <span class='ocr_line' id='line_1_34' title="bbox 63 3947 1307 4023; baseline -0.002 -14"><span class='ocrx_word' id='word_1_316' title='bbox 63 3947 159 4020; x_wconf 83' lang='lat' dir='ltr'><strong>pa&#39;reat.</strong></span> <span class='ocrx_word' id='word_1_317' title='bbox 189 3955 261 4007; x_wconf 90' lang='lat' dir='ltr'><strong>Illud</strong></span> <span class='ocrx_word' id='word_1_318' title='bbox 284 3971 349 4006; x_wconf 87' lang='lat' dir='ltr'><strong>vero</strong></span> <span class='ocrx_word' id='word_1_319' title='bbox 374 3970 428 4006; x_wconf 90' lang='lat' dir='ltr'><strong>non</strong></span> <span class='ocrx_word' id='word_1_320' title='bbox 453 3963 519 4020; x_wconf 92' lang='lat' dir='ltr'><strong>puto</strong></span> <span class='ocrx_word' id='word_1_321' title='bbox 541 3957 599 4023; x_wconf 88' lang='lat' dir='ltr'><strong>juri</strong></span> <span class='ocrx_word' id='word_1_322' title='bbox 616 3963 841 4018; x_wconf 86' lang='lat' dir='ltr'><strong>consentaneum,</strong></span> <span class='ocrx_word' id='word_1_323' title='bbox 860 3962 891 4009; x_wconf 88' lang='lat' dir='ltr'><strong>ut</strong></span> <span class='ocrx_word' id='word_1_324' title='bbox 917 3959 997 4011; x_wconf 88' lang='lat' dir='ltr'><strong>docui</strong></span> <span class='ocrx_word' id='word_1_325' title='bbox 1019 3959 1099 4012; x_wconf 85' lang='lat' dir='ltr'><strong>latius</strong></span> <span class='ocrx_word' id='word_1_326' title='bbox 1122 3957 1198 4010; x_wconf 89' lang='lat' dir='ltr'><strong>alias.</strong></span> <span class='ocrx_word' id='word_1_327' title='bbox 1225 3956 1307 4014; x_wconf 79' lang='lat' dir='ltr'><strong>Cana.</strong></span> 
     </span>
     <span class='ocr_line' id='line_1_35' title="bbox 64 4041 1309 4111; baseline -0.002 -17"><span class='ocrx_word' id='word_1_328' title='bbox 64 4041 184 4108; x_wconf 80' lang='lat' dir='ltr'><strong>Respicit</strong></span> <span class='ocrx_word' id='word_1_329' title='bbox 201 4041 414 4106; x_wconf 75' lang='lat' dir='ltr'><strong>Cannegieterus</strong></span> <span class='ocrx_word' id='word_1_330' title='bbox 432 4057 497 4094; x_wconf 87' lang='lat' dir='ltr'><strong>suas</strong></span> <span class='ocrx_word' id='word_1_331' title='bbox 506 4043 581 4111; x_wconf 64' lang='lat' dir='ltr'><strong>jucis</strong></span> <span class='ocrx_word' id='word_1_332' title='bbox 600 4044 717 4096; x_wconf 83' lang='lat' dir='ltr'><strong>Romani</strong></span> <span class='ocrx_word' id='word_1_333' title='bbox 733 4041 925 4094; x_wconf 82' lang='lat' dir='ltr'><strong>observationes</strong></span> <span class='ocrx_word' id='word_1_334' title='bbox 942 4043 1002 4096; x_wconf 86' lang='lat' dir='ltr'><strong>Lib.</strong></span> <span class='ocrx_word' id='word_1_335' title='bbox 1020 4045 1056 4098; x_wconf 91' lang='grc' dir='ltr'><strong>ΙΙ.</strong></span> <span class='ocrx_word' id='word_1_336' title='bbox 1076 4061 1099 4096; x_wconf 90' lang='lat' dir='ltr'><strong>o.</strong></span> <span class='ocrx_word' id='word_1_337' title='bbox 1111 4047 1136 4096; x_wconf 83' lang='lat'><strong>⁷.</strong></span> <span class='ocrx_word' id='word_1_338' title='bbox 1148 4057 1174 4107; x_wconf 89' lang='lat' dir='ltr'><strong>p.</strong></span> <span class='ocrx_word' id='word_1_339' title='bbox 1189 4045 1245 4094; x_wconf 85' lang='grc'>171.</span> <span class='ocrx_word' id='word_1_340' title='bbox 1264 4042 1309 4105; x_wconf 79' lang='lat' dir='ltr'><strong>At,</strong></span> 
     </span>
     <span class='ocr_line' id='line_1_36' title="bbox 62 4125 1310 4195; baseline 0.001 -17"><span class='ocrx_word' id='word_1_341' title='bbox 62 4127 122 4180; x_wconf 88' lang='lat' dir='ltr'><strong>licet</strong></span> <span class='ocrx_word' id='word_1_342' title='bbox 146 4126 343 4190; x_wconf 85' lang='lat' dir='ltr'><strong>concedamus,</strong></span> <span class='ocrx_word' id='word_1_343' title='bbox 361 4125 553 4191; x_wconf 87' lang='lat' dir='ltr'><strong>interpolatum</strong></span> <span class='ocrx_word' id='word_1_344' title='bbox 579 4141 640 4178; x_wconf 90' lang='lat' dir='ltr'><strong>esse</strong></span> <span class='ocrx_word' id='word_1_345' title='bbox 665 4129 755 4180; x_wconf 91' lang='lat' dir='ltr'><strong>locum</strong></span> <span class='ocrx_word' id='word_1_346' title='bbox 773 4125 897 4192; x_wconf 84' lang='lat' dir='ltr'><strong>Ulpiani,</strong></span> <span class='ocrx_word' id='word_1_347' title='bbox 916 4125 964 4195; x_wconf 88' lang='lat' dir='ltr'><strong>qui</strong></span> <span class='ocrx_word' id='word_1_348' title='bbox 983 4133 1025 4180; x_wconf 89' lang='lat' dir='ltr'><strong>est</strong></span> <span class='ocrx_word' id='word_1_349' title='bbox 1041 4131 1074 4182; x_wconf 88' lang='lat' dir='ltr'><strong>L.</strong></span> <span class='ocrx_word' id='word_1_350' title='bbox 1092 4133 1118 4181; x_wconf 79' lang='lat' dir='ltr'><strong>t.</strong></span> <span class='ocrx_word' id='word_1_351' title='bbox 1137 4129 1172 4180; x_wconf 93' lang='lat' dir='ltr'><strong>D.</strong></span> <span class='ocrx_word' id='word_1_352' title='bbox 1191 4127 1222 4177; x_wconf 84' lang='lat' dir='ltr'><strong>dc</strong></span> <span class='ocrx_word' id='word_1_353' title='bbox 1235 4127 1310 4194; x_wconf 76' lang='lat' dir='ltr'><strong>pipat.</strong></span> 
     </span>
     <span class='ocr_line' id='line_1_37' title="bbox 62 4203 1311 4278; baseline 0 -14"><span class='ocrx_word' id='word_1_354' title='bbox 62 4221 125 4273; x_wconf 82' lang='lat' dir='ltr'><strong>act,</strong></span> <span class='ocrx_word' id='word_1_355' title='bbox 151 4218 244 4263; x_wconf 87' lang='lat' dir='ltr'><strong>tamen</strong></span> <span class='ocrx_word' id='word_1_356' title='bbox 268 4227 303 4262; x_wconf 89' lang='lat' dir='ltr'><strong>ex</strong></span> <span class='ocrx_word' id='word_1_357' title='bbox 327 4216 416 4262; x_wconf 90' lang='lat' dir='ltr'><strong>mente</strong></span> <span class='ocrx_word' id='word_1_358' title='bbox 437 4211 600 4262; x_wconf 88' lang='lat' dir='ltr'><strong>Justinianei</strong></span> <span class='ocrx_word' id='word_1_359' title='bbox 616 4203 935 4278; x_wconf 82' lang='lat' dir='ltr'><strong>juris&#39;concinnatorum</strong></span> <span class='ocrx_word' id='word_1_360' title='bbox 958 4218 1030 4264; x_wconf 80' lang='lat' dir='ltr'><strong>secte</strong></span> <span class='ocrx_word' id='word_1_361' title='bbox 1053 4213 1216 4266; x_wconf 86' lang='lat' dir='ltr'><strong>Heinecoius</strong></span> <span class='ocrx_word' id='word_1_362' title='bbox 1239 4212 1311 4264; x_wconf 87' lang='lat' dir='ltr'><strong>buno</strong></span> 
     </span>
     <span class='ocr_line' id='line_1_38' title="bbox 61 4295 1310 4364; baseline -0.002 -15"><span class='ocrx_word' id='word_1_363' title='bbox 61 4299 150 4349; x_wconf 88' lang='lat' dir='ltr'><strong>locum</strong></span> <span class='ocrx_word' id='word_1_364' title='bbox 166 4296 358 4359; x_wconf 81' lang='lat' dir='ltr'><strong>interpretatus</strong></span> <span class='ocrx_word' id='word_1_365' title='bbox 377 4301 426 4349; x_wconf 88' lang='lat' dir='ltr'><strong>est.</strong></span> <span class='ocrx_word' id='word_1_366' title='bbox 444 4299 587 4350; x_wconf 83' lang='lat' dir='ltr'><strong>Praeterea</strong></span> <span class='ocrx_word' id='word_1_367' title='bbox 605 4296 752 4350; x_wconf 78' lang='lat' dir='ltr'><strong>iustiniani</strong></span> <span class='ocrx_word' id='word_1_368' title='bbox 771 4298 888 4364; x_wconf 78' lang='lat' dir='ltr'><strong>quadam</strong></span> <span class='ocrx_word' id='word_1_369' title='bbox 903 4295 1094 4348; x_wconf 88' lang='lat' dir='ltr'><strong>constitutione</strong></span> <span class='ocrx_word' id='word_1_370' title='bbox 1108 4299 1154 4363; x_wconf 91' lang='lat' dir='ltr'><strong>(L.</strong></span> <span class='ocrx_word' id='word_1_371' title='bbox 1168 4302 1193 4350; x_wconf 85' lang='lat'><strong>3.</strong></span> <span class='ocrx_word' id='word_1_372' title='bbox 1207 4298 1229 4364; x_wconf 64' lang='lat' dir='ltr'><strong>t.</strong></span> <span class='ocrx_word' id='word_1_373' title='bbox 1243 4303 1265 4349; x_wconf 92' lang='lat' dir='ltr'><strong>l.</strong></span> <span class='ocrx_word' id='word_1_374' title='bbox 1281 4295 1310 4347; x_wconf 82' lang='lat'><strong>0.</strong></span> 
     </span>
     <span class='ocr_line' id='line_1_39' title="bbox 63 4366 1310 4450; baseline 0 -18"><span class='ocrx_word' id='word_1_375' title='bbox 63 4383 172 4450; x_wconf 79' lang='lat' dir='ltr'><strong>dejure</strong></span> <span class='ocrx_word' id='word_1_376' title='bbox 188 4381 284 4433; x_wconf 78' lang='lat' dir='ltr'><strong>domin.</strong></span> <span class='ocrx_word' id='word_1_377' title='bbox 302 4381 420 4449; x_wconf 77' lang='lat' dir='ltr'><strong>impete.)</strong></span> <span class='ocrx_word' id='word_1_378' title='bbox 441 4386 483 4432; x_wconf 81' lang='lat' dir='ltr'><strong>sat</strong></span> <span class='ocrx_word' id='word_1_379' title='bbox 494 4366 640 4435; x_wconf 79' lang='lat' dir='ltr'><strong>manifesto</strong></span> <span class='ocrx_word' id='word_1_380' title='bbox 658 4381 798 4444; x_wconf 82' lang='lat' dir='ltr'><strong>evincitur,</strong></span> <span class='ocrx_word' id='word_1_381' title='bbox 816 4397 849 4434; x_wconf 90' lang='lat' dir='ltr'><strong>eo</strong></span> <span class='ocrx_word' id='word_1_382' title='bbox 866 4381 896 4432; x_wconf 90' lang='lat' dir='ltr'><strong>in</strong></span> <span class='ocrx_word' id='word_1_383' title='bbox 915 4396 988 4443; x_wconf 86' lang='lat' dir='ltr'><strong>casu,</strong></span> <span class='ocrx_word' id='word_1_384' title='bbox 1001 4380 1048 4432; x_wconf 91' lang='lat' dir='ltr'><strong>nbi</strong></span> <span class='ocrx_word' id='word_1_385' title='bbox 1066 4379 1100 4432; x_wconf 88' lang='lat' dir='ltr'><strong>de</strong></span> <span class='ocrx_word' id='word_1_386' title='bbox 1114 4381 1234 4445; x_wconf 74' lang='lat' dir='ltr'><strong>pignoris</strong></span> <span class='ocrx_word' id='word_1_387' title='bbox 1246 4396 1310 4433; x_wconf 87' lang='lat' dir='ltr'><strong>ven-</strong></span> 
     </span>
     <span class='ocr_line' id='line_1_40' title="bbox 63 4463 1310 4532; baseline -0.002 -14"><span class='ocrx_word' id='word_1_388' title='bbox 63 4467 168 4518; x_wconf 87' lang='lat' dir='ltr'><strong>ditione</strong></span> <span class='ocrx_word' id='word_1_389' title='bbox 191 4465 231 4516; x_wconf 90' lang='lat' dir='ltr'><strong>nil</strong></span> <span class='ocrx_word' id='word_1_390' title='bbox 254 4465 422 4528; x_wconf 84' lang='lat' dir='ltr'><strong>convenerit,</strong></span> <span class='ocrx_word' id='word_1_391' title='bbox 447 4464 556 4520; x_wconf 87' lang='lat' dir='ltr'><strong>unicam</strong></span> <span class='ocrx_word' id='word_1_392' title='bbox 582 4465 817 4520; x_wconf 86' lang='lat' dir='ltr'><strong>denunciationem</strong></span> <span class='ocrx_word' id='word_1_393' title='bbox 843 4463 1003 4532; x_wconf 73' lang='lat' dir='ltr'><strong>pignoribus</strong></span> <span class='ocrx_word' id='word_1_394' title='bbox 1022 4463 1203 4518; x_wconf 84' lang='lat' dir='ltr'><strong>distrahendis</strong></span> <span class='ocrx_word' id='word_1_395' title='bbox 1230 4466 1310 4518; x_wconf 79' lang='lat' dir='ltr'><strong>suffe-</strong></span> 
     </span>
     <span class='ocr_line' id='line_1_41' title="bbox 63 4549 1307 4604; baseline -0.002 -3"><span class='ocrx_word' id='word_1_396' title='bbox 63 4551 140 4604; x_wconf 85' lang='lat' dir='ltr'><strong>cisse.</strong></span> <span class='ocrx_word' id='word_1_397' title='bbox 160 4549 248 4602; x_wconf 70' lang='lat' dir='ltr'><strong>Mittit.</strong></span> <span class='ocrx_word' id='word_1_398' title='bbox 290 4581 292 4588; x_wconf 42' lang='grc' dir='ltr'><strong>ν</strong></span> <span class='ocrx_word' id='word_1_399' title='bbox 1261 4571 1264 4578; x_wconf 93' lang='grc'><em>·</em></span> <span class='ocrx_word' id='word_1_400' title='bbox 1304 4559 1307 4566; x_wconf 87' lang='grc'><strong>’</strong></span> 
     </span>
    </p>
   </div>
   <div class='ocr_carea' id='block_1_8' title="bbox 0 0 1550 5164">
    <p class='ocr_par' dir='ltr' id='par_1_9' title="bbox 0 0 1550 5164">
     <span class='ocr_line' id='line_1_42' title="bbox 0 0 1550 5164; baseline 0 0"><span class='ocrx_word' id='word_1_401' title='bbox 0 0 1550 5164; x_wconf 95' lang='lat' dir='ltr'><strong> </strong></span> 
     </span>
    </p>
   </div>
  </div>
 </body>
</html>
