3062 5156
306 396 361 464 Du
384 395 542 464 Turnus
568 395 728 464 Tnsrnn.
756 395 882 464 Lnorr.
909 393 1001 464 nar.
1211 399 1278 465 171

57 579 167 640 madiam
185 575 306 646 hordei,
323 580 423 657 prout
437 577 601 634 testantur
616 569 684 633 Dio
703 569 869 654 Chrysost.
890 571 980 633 Orat.
993 569 1045 632 75.
1064 579 1099 635 et
1114 569 1171 634 alii
1186 579 1282 634 vete-

57 705 104 764 res,
118 703 192 766 quos
207 681 393 744 excitarunt
403 679 525 741 Meurs.
543 679 648 740 I'ltern.
662 681 730 740 Att.
744 679 786 739 II.
797 678 827 740 9.
845 685 879 740 et
894 677 1029 741 Salmas.
1046 680 1085 740 de
1096 679 1176 740 mad.
1191 698 1281 740 usar.

58 813 76 852 ι.
87 792 126 852 10.
135 811 166 871 p.
180 789 250 850 425.
273 787 346 850 Nec
367 801 468 870 agere
489 783 545 848 vel
561 785 732 848 conveniri
747 784 888 849 Athenis
911 792 1044 869 poterat
1068 785 1187 848 mulier
1210 786 1281 848 sine

58 905 158 977 tutore,
186 903 219 958 et
240 895 317 958 binc
338 894 396 956 illa
420 914 486 956 vox
508 893 682 976 praeconis
705 892 740 954 in
756 893 892 975 judiciis
910 892 1048 955 Atticis:
1066 890 1082 978 ἦ
1098 893 1182 957 δεῖνα
1199 891 1282 957 καὶὸ

58 1004 147 1084 κύριος,
162 1007 277 1065 citatm
297 1005 374 1064 baec
389 1003 512 1081 mulier,
528 1003 659 1082 ejusque
677 1009 770 1061 tutor.
787 999 831 1064 V.
847 999 884 1062 C.
899 1001 960 1062 Ev.
982 999 1064 1063 otto
1080 1001 1165 1061 Dies.
1183 999 1241 1061 IV.
1256 1021 1281 1061 c.

58 1110 154 1191 1.§.6.
175 1109 258 1174 Inde
281 1109 394 1192 itaque
417 1114 482 1187 est,
503 1106 592 1190 quod
614 1105 767 1169 nonnulli
786 1106 880 1170 istam
905 1105 1077 1170 mulierum
1102 1106 1239 1170 tutelam
1262 1127 1283 1168 e

53 1221 110 1302 jure
127 1217 234 1280 Attico
257 1218 293 1280 in
315 1215 502 1278 Romanum
524 1235 733 1298 permanasse
755 1214 964 1278 existimant:
988 1213 1140 1277 Scbilter.
1166 1215 1282 1276 Exere.

59 1329 90 1388 ad
101 1328 190 1388 Paad.
207 1325 401 1387 XXXVIII.
413 1323 485 1385 227.
498 1347 533 1407 p.
544 1321 617 1384 691.
636 1321 733 1385 Vinc.
752 1321 899 1384 Gravina
915 1323 955 1383 de
967 1323 1069 1403 Legg.
1083 1330 1116 1382 et
1130 1321 1283 1382 Senatus·

58 1455 120 1495 cons.
129 1455 160 1515 p.
174 1433 244 1494 550.
268 1431 338 1494 Sed
357 1439 588 1515 praeterquam
610 1429 700 1514 quod
726 1429 815 1492 illam
835 1429 974 1492 tutelam
998 1428 1099 1513 plane
1121 1426 1283 1489 diversam

61 1542 219 1604 aRomana
240 1540 359 1618 finisse,
383 1539 580 1623 probatura
601 1537 749 1600 Meursio
767 1540 864 1599 Alata.
880 1537 979 1599 Lean.
995 1537 1056 1597 III.
1076 1534 1128 1598 24.
1153 1533 1285 1597 videtur

61 1651 135 1713 ctiam
153 1650 304 1712 Romana
322 1656 461 1732 propter
477 1644 699 1708 infirmitatem
719 1644 849 1708 consilii
860 1644 931 1727 jam
946 1643 1025 1705 inde
1049 1643 1090 1706 ab
1107 1642 1180 1725 ipsa
1195 1640 1285 1703 urbis

62 1758 161 1840 origine
175 1766 322 1841 recepta.
345 1755 503 1836 Quamvis
525 1754 612 1816 enim
635 1753 671 1816 id
692 1773 760 1816 non
783 1759 939 1837 sequatur
962 1771 1005 1814 ex
1019 1751 1098 1814 loco
1116 1747 1285 1814 Plutarchi

62 1865 85 1927 in
96 1865 187 1928 Numa
200 1866 251 1928 10.
275 1865 335 1926 ubi
356 1863 547 1926 Vestalibus
568 1861 604 1924 id
625 1860 795 1946 privilegii
813 1861 1013 1924 concessisse
1030 1859 1139 1922 Numa
1154 1857 1285 1940 dicitur,

63 1980 87 2034 ut
99 1995 114 2033 a
128 1973 224 2035 tutela
246 1980 360 2035 essent
379 1971 557 2051 immunes,
577 1975 593 2051 (
602 1991 645 2033 ex
661 1971 727 2053 qu'o
743 1968 820 2032 loco
836 1968 917 2032 alias
934 1968 1113 2052 colligunt,
1130 1965 1285 2030 mulieres

58 2078 178 2160 jamtum
194 2081 234 2143 ab
251 2088 459 2164 cotempore
479 2079 538 2142 sub
560 2077 667 2141 tutela
681 2078 797 2157 fuisse)
816 2085 847 2158 ι’)
868 2076 987 2142 certius
1007 2085 1117 2138 tamen
1136 2073 1172 2136 id
1191 2072 1285 2136 colli-

63 2205 120 2267 gere
132 2186 205 2250 licet
219 2208 262 2250 ex
278 2188 357 2250 loco
375 2186 512 2250 Catonis
527 2185 614 2271 apud
631 2185 703 2248 niv.
718 2186 874 2249 XXXIV.
887 2185 918 2246 2.
944 2185 1082 2266 Majores
1096 2185 1201 2244 austri
1215 2181 1286 2242 nal-

62 2295 114 2366 lam,
127 2316 160 2356 ae
170 2300 328 2377 ριίιαίαιη
344 2296 466 2378 quadem
481 2315 563 2370 rem,
579 2315 677 2376 agere
684 2294 826 2372 samnitas
842 2297 909 2354 elne
923 2300 1052 2352 auclore
1065 2291 1240 2360 voluerunt,
1253 2291 1287 2348 a'a

62 2421 135 2462 mana
156 2425 218 2466 esee
235 2413 428 2486 parentum,
445 2402 611 2488 fratrum,
639 2406 787 2464 virorum.
822 2397 922 2464 Adde
954 2405 989 2460 et
1012 2396 1151 2459 alterum
1176 2393 1286 2458 locum

64 2506 182 2572 Ciceron.
196 2516 225 2592 s)
240 2531 307 2594 pro
326 2511 485 2572 Muraena
504 2509 555 2572 12.
1283 2493 1286 2498 Ι

115 2699 142 2764 ρ)
157 2701 185 2752 Id
201 2700 378 2767 privilegium
402 2699 560 2752 Vestalibus
585 2713 640 2751 non
660 2698 795 2750 concessit
811 2699 918 2762 Numa,
937 2694 1072 2766 quidquid
1090 2693 1162 2746 dicat
1179 2687 1287 2746 Plutar-

64 2781 123 2833 chus.
137 2784 177 2836 Jus
193 2785 264 2838 enim
286 2785 369 2838 trium
388 2785 544 2848 liberorum,
564 2784 639 2852 qnod
657 2782 759 2836 ibidem
776 2783 814 2835 ait
824 2781 983 2834 Vestalibus
999 2794 1167 2841 concessum,
1180 2777 1288 2830 Numae

64 2868 200 2932 tenporibus
220 2874 281 2923 eret
299 2870 476 2937 incognitum.
495 2873 641 2923 Praeterea
659 2869 695 2922 ad
708 2871 863 2935 Augustum
880 2869 933 2920 hoe
944 2867 1098 2920 Vestalium
1115 2861 1289 2930 privilegium

64 2952 125 3003 refert
144 2953 199 3008 nio'
216 2956 297 3008 Cass.
316 2955 375 3008 Lil.
393 2956 470 3022 LVI.
490 2959 530 3009 10.
549 2956 620 3008 Just.
638 2945 716 3020 Lips.
741 2955 773 3008 de
802 2953 878 3004 Vesta
902 2961 928 3004 et
957 2952 1050 3004 Vestal.
1070 2956 1110 3004 la.
1138 2949 1194 3002 Sed
1217 2947 1289 3000 adde

64 3039 144 3101 nmen,
160 3057 226 3108 quae
248 3041 412 3106 scripsimus
437 3042 466 3094 in
487 3041 628 3093 Commeat.
647 3041 683 3092 ad
698 3042 731 3092 L.
750 3039 807 3091 Jal.
825 3047 852 3089 et
869 3039 942 3106 Pap.
960 3039 992 3090 L.
1010 3035 1035 3088 1.
1054 3053 1075 3086 c.
1092 3039 1118 3087 2.
1132 3051 1162 3102 p.
1180 3033 1223 3086 27.
1241 3031 1289 3084 ubi

64 3119 173 3176 Plutarchi
186 3127 277 3196 locum
290 3143 345 3179 una
357 3128 446 3179 littera
456 3131 559 3177 mutata
576 3125 614 3181 ita
629 3124 847 3176 emendavimus:
870 3118 954 3184 Τιμάς
966 3121 995 3170 δὲ
1008 3116 1130 3182 μεγάλας
1146 3112 1290 3168 ἀπέδωκαν

66 3205 113 3269 (pro
128 3203 269 3280 ιῖπέδωκιν)
286 3209 370 3277 ἱεραῖς
382 3192 540 3277 παρθένοις,
560 3199 595 3262 ὧν
609 3207 665 3262 ἐστι
679 3211 724 3260 καὶ
741 3209 770 3260 τό
785 3205 939 3258 διαθέσθαι
952 3201 1049 3270 ζῶνιος
1061 3201 1160 3256 ἐξεῖναι
1178 3199 1290 3264 nevolt,

63 3293 97 3339 καὶ
112 3287 184 3346 τᾶλλα
200 3297 325 3362 πράττειν
348 3290 412 3346 ἄνευ
430 3295 597 3362 προστάτου,
615 3293 779 3360 διαγούσας,
802 3287 891 3358 ὥσπερ
909 3287 940 3340 al
957 3288 1101 3355 τρίπαιδας.
1128 3282 1291 3336 Iuturnae

66 3373 116 3440 (³⁰²²
132 3380 218 3445 Νιιιιιι,
235 3383 287 3434 sed
304 3382 434 3448 Romam]
461 3380 604 3433 Vestalibus
620 3380 740 3448 tepentes
758 3379 885 3442 Ιιαιιιιιι,
902 3376 973 3428 inter
995 3389 1059 3443 quos
1078 3378 1232 3423 testamenta
1250 3367 1292 3420 ael

65 3467 176 3527 martia
194 3475 277 3534 patre
297 3467 468 3534 nuncupandi
476 3468 535 3536 jae,
554 3475 578 3518 el
595 3467 651 3518 siae
669 3473 756 3516 halare
777 3462 887 3516 liberam
904 3477 1014 3513 suarum
1033 3473 1124 3510 rerum
1142 3453 1291 3518 arbitrium,

64 3551 91 3602 tl,
105 3547 182 3614 pallus
198 3561 253 3604 tres
271 3560 334 3603 auat
353 3550 437 3605 liberi.
454 3551 546 3605 Multa
563 3550 635 3603 eninr
653 3550 833 3602 Plutarchum
847 3548 912 3600 data
926 3542 1070 3597 occasione
1087 3559 1136 3609 per
1154 3539 1293 3608 πρόληψιν

64 3629 141 3684 reterre
157 3638 250 3700 solere,
273 3636 377 3690 ibidem
394 3637 574 3690 ostendimus.
594 3637 675 3689 Heia.

117 3719 143 3784 q)
162 3722 249 3774 Verba
266 3721 407 3775 Ciceronis
426 3727 502 3774 eunt:
523 3722 593 3774 Nam
611 3739 691 3790 prtum
706 3718 842 3788 permulta
855 3716 999 3785 praeclare
1015 3713 1114 3783 lapibus
1128 3719 1213 3763 essent
1230 3727 1293 3762 aaa·

64 3800 140 3867 ebba,
156 3823 185 3857 ea
201 3807 452 3859 Jarecoasulteram
470 3807 579 3874 ιάριιιιϊι
591 3807 720 3874 pleraque
732 3810 859 3871 corrupta
874 3819 905 3854 ae
918 3803 1063 3870 depravata
1077 3805 1145 3851 sunt.
1164 3794 1294 3847 Mulieres

65 3896 133 3936 anses
143 3899 253 3958 propter
271 3891 450 3958 infirmitatem
471 3891 573 3942 annulli
589 3890 704 3959 sapores
725 3892 752 3941 ιἰι
770 3903 908 3952 ruronun
916 3894 1047 3956 potestate
1066 3901 1120 3937 esre
1139 3881 1292 3933 voluerunlt

64 3961 235 4026 liusena-ant
249 3993 351 4043 penora
370 3984 501 4037 hetorum,
517 3993 584 4046 quae
598 3983 728 4043 potestate
746 3975 887 4026 mediarum
905 3972 1109 4023 scanderentur.
1139 3967 1229 4018 Locus
1248 3965 1293 4016 hic

65 4049 90 4099 ab
105 4052 162 4118 ipsis
178 4056 370 4123 interpretibus
397 4075 495 4125 parum
516 4060 667 4112 intellectus
687 4065 736 4112 est.
758 4061 803 4112 Fr.
823 4057 896 4124 Sylv.
914 4075 942 4125 p.
961 4074 995 4108 m.
1013 4059 1072 4107 635.
1091 4053 1142 4116 ait,
1160 4052 1294 4102 Jurecon-

64 4136 133 4189 tultos
148 4140 280 4196 invenisse
299 4146 405 4209 tutelas,
424 4145 525 4212 quibus
543 4160 599 4196 non
616 4144 745 4196 mulieres
764 4143 815 4195 sub
833 4147 963 4204 tutorum,
982 4139 1031 4192 sed
1043 4139 1071 4189 hi
1085 4138 1137 4190 sub
1149 4135 1294 4188 mulierum

64 4225 174 4280 potestate
185 4235 284 4281 essent.
303 4231 357 4282 Sed
370 4231 437 4281 baec
448 4230 569 4282 numeris
582 4228 731 4282 Platonicis
744 4228 910 4280 obscuriora.
928 4224 998 4278 Phil.
1012 4223 1178 4276 Melanchth.
1191 4239 1220 4288 p.
1234 4222 1293 4272 672.

65 4307 85 4352 et
98 4306 135 4360 lo.
151 4311 288 4380 Benignus
302 4332 331 4382 p.
348 4319 408 4368 744.
426 4316 581 4382 intelligunt
597 4317 711 4367 tutelam
728 4321 878 4366 maternam
896 4309 1052 4364 liberorum.
1072 4306 1127 4360 Sed
1139 4321 1171 4357 ea
1185 4319 1241 4358 non
1252 4307 1295 4354 est

65 4383 154 4445 illorum
169 4401 330 4465 temporum,
348 4406 380 4452 nt
396 4405 472 4466 patet
486 4418 521 4454 cx
535 4403 600 4454 Noa.
617 4399 756 4452 CXVIII
769 4405 794 4452 5.
806 4398 902 4449 Joach.
915 4391 1087 4447 Camerarius
1097 4409 1127 4459 p.
1142 4393 1201 4444 ⁷00.
1214 4391 1295 4460 plane

66 4466 144 4537 talpa..
163 4481 216 4533 Sed
234 4484 413 4536 certissimum
431 4493 481 4550 est,
498 4486 615 4551 intelligi
632 4488 755 4548 tutores,
773 4484 808 4535 ab
827 4483 894 4547 ipsis
913 4478 1073 4532 mulieribus
1091 4477 1200 4527 electos.
1228 4473 1294 4526 Mu-

66 4552 129 4612 hcres
145 4568 318 4622 conventione
334 4571 363 4625 in
381 4587 492 4626 manum
511 4570 695 4624 liberabantur
712 4583 730 4623 a
747 4571 839 4634 tutela,
857 4573 885 4620 et
899 4565 1017 4621 filiarum
1034 4560 1150 4618 familias
1169 4559 1230 4612 loco
1247 4559 1296 4611 ha·
