3062 5156
233 379 305 448 uls
680 371 755 440 Lrn.
780 372 808 440 Ι.
833 371 913 442 Tm.
938 371 1046 442 XXV.

236 574 262 612 c.
276 549 327 612 89.
356 549 433 614 Vid.
450 571 548 633 supra
565 550 706 612 Prooem.
725 568 757 610 u.
771 545 822 608 42.
841 547 892 635 43.
914 547 1035 632 Neque
1052 557 1163 612 tamen
1181 548 1264 614 certi
1284 548 1415 633 quidam
1435 557 1478 613 at-

236 679 302 744 que
327 656 486 720 ordinarii
508 665 603 720 erant
621 656 706 739 juris
729 655 950 738 professores,
974 655 1051 736 sed,
1077 665 1114 722 ut
1141 657 1281 742 quisque
1307 657 1476 720 studiorum

237 787 367 830 suorum
384 765 532 830 habebat
548 763 717 840 fiduciam,
737 763 785 826 ita
808 763 1054 828 consulentibus
1076 785 1201 849 aeque,
1219 788 1258 828 ac
1277 765 1478 844 discentibus,

239 895 274 938 se
290 873 422 938 videtur
438 872 579 936 dedisse.
600 873 775 934 Postremo
791 879 826 935 et
843 871 1069 952 Jureconsulti
1086 871 1219 955 publice
1228 919 1238 954 ,
1255 879 1346 936 certo
1365 872 1478 954 stipen-

213 1007 215 1014 ’
238 981 294 1044 dio
314 980 486 1061 conducti,
500 979 630 1042 Romae
653 980 775 1044 docere
792 987 989 1063 coeperunt,
1005 996 1111 1064 eaque
1128 979 1242 1044 schola
1257 979 1405 1064 juridica
1418 978 1478 1041 Ro-

238 1111 352 1172 mana,
367 1089 401 1151 iu
418 1087 592 1150 occidente
612 1087 728 1167 unica,
743 1095 810 1150 tam
826 1085 982 1171 frequens
1003 1086 1081 1169 fuit,
1098 1097 1135 1152 ut
1149 1110 1193 1150 ex
1208 1089 1298 1152 omni
1313 1087 1478 1151 occidente
1518 1110 1519 1158 l

238 1219 280 1260 eo
293 1199 436 1282 juvenes
451 1193 666 1258 confluerent.
688 1194 744 1257 Sic
757 1194 878 1258 Rutilii
895 1195 1028 1258 Numat.
1044 1197 1191 1257 Itinerur.
1206 1196 1273 1259 Lib.
1289 1195 1478 1277 Lo.209.rq.

315 1313 318 1319 ’
431 1303 605 1366 Facundus
612 1305 741 1383 juvenis
759 1305 922 1366 Gallorum
937 1322 1038 1382 nuper
1053 1303 1092 1364 od
1107 1307 1193 1366 aruis
1303 1317 1306 1332 ¹

515 1412 634 1472 Missus
652 1411 788 1472 Romam·
798 1412 918 1472 ducere
927 1410 1092 1490 jurasors’.

238 1518 449 1584 Constantius
470 1518 504 1580 in
526 1524 590 1580 uita
609 1518 642 1578 S.
661 1519 815 1580 Germani
832 1539 858 1579 c.
872 1516 903 1580 3.
931 1516 971 1577 m
995 1520 1027 1577 in
1049 1537 1121 1580 eum
1137 1520 1289 1599 profectio
1310 1517 1478 1578 futurorum

230 1631 329 1711 plena
347 1629 534 1704 conflueret:
551 1633 624 1706 post
646 1622 805 1700 auditoria
823 1627 989 1704 Gallicana
1009 1628 1095 1686 iutra
1116 1627 1222 1688 urbem
1243 1627 1375 1686 Romam
1390 1642 1478 1684 suam
1519 1607 1520 1616 ἵ

235 1739 398 1798 scientiam
407 1733 805 1815 plenitudr'm‘perseetr‘om's
822 1734 944 1813 arljecr't.
960 1731 1063 1800 Plura
1078 1731 1121 1794 de
1136 1731 1198 1796 hac
1213 1730 1324 1796 schola
1339 1730 1479 1794 Romana

111 1895 115 1900 .
230 1842 377 1928 juridica
396 1840 522 1904 dabunt
544 1840 599 1902 Jo.
621 1838 745 1903 Savaro
769 1841 814 1906 ad
835 1840 942 1901 Sation.
961 1841 1097 1920 Apollr'u.
1112 1840 1298 1921 epacte.
1320 1840 1378 1902 ubi
1394 1838 1479 1901 Sido

237 1951 310 2014 nius
335 1948 477 2012 Romam
502 1949 689 2009 domicilium
710 1951 815 2028 legum
839 1954 953 2028 vocat,
976 1947 1093 2010 Franc.
1117 1946 1224 2010 Juret.
1250 1951 1294 2009 ad
1316 1947 1478 2029 Symmacl.

239 2059 339 2138 Epist.
356 2055 414 2115 IX.
428 2053 478 2120 83.
499 2062 533 2118 et
546 2053 668 2118 Dedin.
684 2053 857 2117 Alteserra
874 2055 946 2116 Rcr.
962 2057 1070 2150 Aquit.
1086 2058 1151 2116 111.
1165 2056 1195 2116 5.
1210 2059 1254 2137 t).
1272 2069 1275 2074 '

816 2233 845 2315 §-
865 2231 916 2294 21.
1013 2221 1024 2232 ·

515 2318 531 2371 Ι·
586 2349 681 2408 Qualis
689 2350 783 2417 fucrit
801 2350 904 2402 Romae
922 2347 1012 2400 ecbola
1026 2347 1142 2418 publica.

283 2439 290 2448 ⁸
319 2449 569 2514 Florentissima
585 2471 665 2534 ergo
681 2451 811 2514 Romae
828 2453 891 2514 fuit
907 2449 1036 2532 schola,
1051 2450 1086 2514 in
1102 2448 1269 2512 auditorio
1287 2449 1479 2533 Capitolino,

238 2559 271 2620 in
294 2579 358 2642 qua
381 2557 566 2620 Theodosii
594 2566 627 2621 et
642 2559 870 2623 Valentiniani
896 2579 979 2622 aevo
1002 2559 1186 2622 docuerunt
1206 2555 1358 2620 rhetores
1381 2555 1479 2620 Latini
1521 2578 1522 2640 l

237 2673 320 2747 tres,
343 2666 546 2750 grammatici
567 2666 677 2730 Latini
701 2667 837 2748 decem,
862 2666 1028 2750 sophistae
1054 2665 1175 2730 Graeci
1196 2666 1360 2750 quinque,
1384 2685 1479 2750 gram·

237 2775 349 2837 matici
372 2774 494 2837 Graeci
518 2774 649 2863 decem,
675 2776 891 2860 philosophus
917 2797 1016 2857 uuus,
1033 2774 1158 2860 jurium
1182 2773 1387 2858 professores
1408 2772 1479 2835 duo:
1520 2807 1522 2890 p

189 2957 194 2968 .
239 2881 397 2964 Conring.
414 2884 519 2964 Autr‘q.
536 2885 635 2945 Acad.
650 2885 785 2948 Dissert.
802 2887 872 2966 ap.
887 2883 938 2947 22.

692 3104 695 3110 -
812 3059 840 3140 ἓ.
862 3059 914 3122 22.

634 3175 734 3234 Quales
751 3175 856 3227 scholae
871 3193 923 3244 per
937 3175 1098 3244 prouincias.

321 3276 361 3338 In
378 3275 555 3360 provinciis
570 3295 703 3361 quoque
727 3275 909 3340 floruerunt
924 3275 1076 3356 scholae,
1096 3270 1347 3358 Augustoduui,
1364 3269 1480 3335 Burde-

240 3383 326 3468 gali,
343 3382 530 3465 Tholosae,
546 3383 744 3468 Narbonae,
760 3383 963 3466 Mediolani,
985 3383 1205 3466 Carthagine,
1221 3389 1256 3442 et
1272 3380 1306 3441 in
1323 3378 1479 3462 plerisque

240 3492 428 3554 civitatibus
456 3492 740 3574 honoratioribus,
771 3494 804 3554 iu
838 3493 956 3576 quibus
984 3499 1094 3554 tamen
1125 3488 1256 3554 nonnisi
1280 3486 1429 3550 rhetores
1455 3491 1480 3543 et

240 3600 444 3684 grammatici
472 3601 641 3684 utriusque
663 3598 799 3684 linguae
824 3601 974 3663 docuisse
1000 3599 1172 3672 videntur:
1195 3595 1354 3678 Conring.
1376 3598 1396 3655 l.
1418 3615 1440 3654 c.
1455 3612 1480 3672 p.

239 3707 290 3769 16.
308 3729 352 3790 sq.
375 3709 414 3772 In
435 3708 564 3770 oriente
580 3706 646 3771 alia
662 3708 905 3805 quodammodo
922 3708 985 3770 fuit
1000 3706 1182 3770 scholarum
1199 3703 1360 3768 conditio.
1385 3701 1480 3764 Alex-

241 3814 377 3878 andriae
399 3815 486 3878 enim
501 3817 572 3899 jam
589 3815 668 3878 inde
685 3816 726 3879 ab
743 3816 987 3879 Antoninorum
1008 3823 1118 3878 aetate
1133 3815 1244 3877 floruit
1259 3809 1374 3874 schola
1390 3816 1481 3890 ἰατρο-

242 3928 409 4002 σοφιστών,
425 3923 460 3985 id
482 3931 548 4004 est,
564 3924 781 4007 medicorum,
802 3932 914 3989 tantae
936 3923 1153 4004 celebritatis,
1169 3928 1206 3985 ut
1221 3921 1264 3984 ad
1283 3916 1482 3981 commenda-

164 4109 169 4117 Χ
241 4030 366 4094 tionem
397 4031 518 4095 medici
540 4031 624 4097 illud
649 4034 726 4098 satis
752 4054 822 4096 esse
851 4033 1040 4114 videretur,
1067 4032 1093 4094 si
1124 4029 1240 4092 fuisset
1263 4024 1481 4091 Alexandriae

240 4138 442 4222 aliquamdiu
466 4149 700 4205 commoratus:
720 4140 882 4204 Ammian.
899 4140 1085 4204 Marcellin.
1099 4139 1185 4200 Hs'st.
1202 4136 1311 4198 XXII.
1327 4134 1378 4197 16.
1404 4133 1483 4196 Cou-

240 4247 324 4332 ring.
340 4247 485 4309 Medrbr‘u.
500 4249 642 4311 Hermet.
658 4251 688 4310 9.
710 4249 826 4332 Beryti
842 4270 921 4312 vero
941 4231 1233 4328 Constantinopoli
1256 4242 1355 4305 etiam
1374 4241 1429 4325 jus
1445 4235 1483 4298 ci·

240 4329 310 4417 iile
330 4354 494 4420 traditum.
517 4359 562 4420 Et
582 4357 698 4440 Beryti
721 4357 854 4441 quidem
870 4358 940 4440 jam
963 4355 1074 4419 seculo
1096 4353 1195 4416 tertio
1220 4357 1364 4413 exeunte
1387 4344 1483 4411 studia

308 4562 333 4629 t)
354 4562 395 4616 cl.
409 4563 444 4615 dc
459 4562 579 4630 Savigny
596 4563 691 4618 esset.
710 4565 734 4616 d.
747 4563 826 4617 R'o'm.
840 4564 876 4617 R.
888 4563 924 4616 im
937 4561 1103 4618 muletatur.
1115 4561 1137 4614 1.
1149 4559 1217 4626 Cep.
1229 4559 1278 4610 VI.
1297 4555 1384 4610 Multi.
