3062 5164
383 357 440 431 lin
463 357 559 428 June
585 357 725 442 Qurrur.
748 358 805 426 Er
829 355 940 426 Crvrr.
1029 445 1031 449 ι
1222 363 1292 430 stt
1377 387 1384 394 ·

13 517 14 520 Ἴ
50 537 83 600 iis
99 534 207 598 relicti
223 532 404 618 vectigalia
418 551 478 617 pro
498 533 538 596 iis
556 531 761 616 penderent,
781 553 888 618 eaque
907 532 1049 617 pecunia
1070 531 1163 616 plebi
1187 533 1296 596 distri·

50 643 205 706 bueretur.
234 641 334 726 Cujus
358 640 444 724 legis
470 638 656 723 fragmenta
682 661 726 703 ex
755 641 890 725 antiqua
918 639 1032 704 tabula
1059 659 1165 702 aenea
1189 641 1297 706 edidit
1361 717 1367 726 ,

52 751 114 814 Car.
129 750 244 832 Sigon.
259 749 299 810 de
315 751 443 829 antiquo
455 750 534 830 jure
546 750 618 810 Ital.
634 748 677 810 ΙΙ.
688 747 718 810 2.
728 770 761 829 p.
773 747 848 811 638.
856 752 933 838 (ap.
948 748 1200 831 spangenberg.
1210 753 1297 812 outt-

53 861 114 939 quit.
127 857 218 916 Itum.
232 876 365 918 monum.
384 856 478 936 tegat.
494 876 529 936 p.
548 854 599 916 10.
614 857 707 936 squ).
729 853 887 939 Denique
908 854 990 918 nlius
1007 854 1174 919 Tribunus
1191 864 1296 932 totum

52 962 122 1026 illud
146 962 295 1047 vectigal
314 983 400 1026 nova
415 961 494 1045 lege
512 959 656 1025 sustulit:
670 962 814 1046 Appian.
830 963 869 1024 de
885 964 972 1025 deltis
986 966 1041 1024 crit.
1056 965 1081 1024 I.
1097 963 1148 1028 27.
1169 962 1295 1041 Quum-

54 1092 107 1156 que
121 1069 210 1133 solus
227 1078 413 1152 superesset
433 1091 515 1154 ager
536 1068 736 1154 Campanus:
754 1089 826 1131 eum
847 1090 981 1154 quoque
999 1069 1112 1134 divisit
1125 1070 1192 1135 Jul.
1210 1071 1297 1136 Cae-

54 1199 95 1239 sar
108 1177 247 1240 Consul:
264 1176 400 1238 Sueton.
415 1176 477 1240 rut.
490 1200 516 1240 e.
530 1176 581 1240 20.
608 1165 771 1240 Unde'ex
791 1198 833 1240 eo
853 1187 1004 1262 tempore
1027 1186 1225 1263 conquestus
1246 1187 1297 1242 est

56 1283 158 1347 Cicero
174 1287 278 1366 Εφίετ.
297 1285 341 1345 ud
357 1285 549 1346 Au.11.16.
577 1285 732 1348 Portorr'r‘s
745 1287 862 1348 Italiae
883 1287 1023 1358 sublatas,
1046 1306 1126 1368 agro
1138 1288 1298 1368 Campano

56 1392 145 1465 duno,
163 1395 302 1474 vectr‘gul
314 1395 434 1454 nullum
450 1373 615 1474 superesse
628 1392 839 1466 amasinum,
851 1401 982 1474 praeter
998 1396 1172 1456 uuesrnrom
1186 1397 1229 1475 ¹).

613 1559 642 1641 s.
664 1559 716 1622 61.

533 1677 663 1728 Assume
680 1675 805 1729 sulam.

127 1776 277 1864 Tertium
305 1774 479 1858 vectigalis
502 1796 606 1859 genus
633 1797 677 1838 ex
702 1775 770 1838 sale
796 1776 938 1842 redibat.
966 1777 1183 1840 Instituerunt
1210 1778 1297 1840 enim

61 1882 183 1947 Romani
199 1890 278 1966 post
294 1890 429 1947 exactos
447 1882 555 1947 statim
573 1903 681 1966 reges,
697 1892 733 1947 ut
749 1883 797 1948 sal
813 1906 878 1948 uon
897 1907 917 1948 a
933 1883 1070 1968 privatis
1086 1881 1298 1968 venderetur,

61 1990 108 2052 sed
122 1987 255 2053 'minoris
276 2011 295 2050 e
317 1990 454 2073 publico
474 1990 696 2073 acciperetur:
718 1993 790 2057 Liv.
810 1994 853 2054 II.
867 1993 898 2054 9.
925 1991 1024 2056 Bello
1040 2000 1150 2056 autem
1170 1993 1298 2056 Punico

61 2097 186 2161 secundo
214 2097 360 2182 vectigal
390 2119 510 2161 novum
532 2121 552 2160 a
575 2097 776 2162 Censoribus
809 2097 951 2162 Claudio
977 2099 1114 2164 Nerone
1139 2110 1174 2165 et
1200 2101 1299 2166 Livio

61 2205 249 2286 Salinatore,
266 2205 409 2268 maxime
426 2214 535 2268 tamen
554 2209 595 2269 ab
612 2205 688 2285 hoc,
706 2206 888 2268 institutum
911 2227 954 2268 ex
972 2205 1092 2270 salaria
1105 2228 1237 2272 annona
1252 2215 1299 2290 r),

61 2321 89 2376 ut
106 2315 239 2378 testatur
253 2313 326 2377 Liv.
340 2314 463 2376 XXIX.
479 2313 530 2380 37.
557 2313 614 2376 Sal
636 2312 723 2375 enirn
743 2313 779 2375 hi
797 2312 960 2375 Censores
981 2322 1133 2378 sextante
1152 2315 1299 2392 Romae;

61 2422 147 2503 pluris
162 2423 197 2484 in
219 2419 464 2496 conciliabulis;
489 2429 524 2484 et
541 2420 622 2484 alibi
642 2419 709 2484 alio
723 2421 833 2504 pretio
850 2420 1076 2504 praebendum
1092 2421 1299 2505 locaverunt,

63 2549 155 2612 eoque
175 2551 265 2594 novo
285 2527 443 2612 vectigali
464 2527 710 2612 locupletarunt
732 2529 903 2593 aerarium.
933 2528 1001 2592 Sed
1020 2535 1055 2592 et
1074 2529 1137 2594 hoc
1155 2531 1300 2617 vectigal

64 2635 175 2699 demum
198 2638 240 2700 ab
265 2658 325 2700 usu
350 2637 500 2714 recessit,
524 2644 560 2699 ut
582 2644 676 2720 patet
698 2657 742 2700 ex
769 2637 876 2700 verbis
896 2637 1066 2702 Ciceronis
1089 2639 1203 2722 paullo
1223 2649 1301 2708 ante

65 2742 175 2825 relatis,
194 2744 358 2828 quamvis,
378 2766 444 2828 quo
464 2751 615 2826 tempore
633 2743 667 2806 id
687 2744 826 2825 factum,
847 2745 936 2809 haud
956 2745 1042 2810 adeo
1059 2746 1222 2830 liquidum
1242 2747 1300 2812 sit:

65 2848 160 2932 Sigon.
174 2853 213 2914 de
228 2856 357 2935 ontrpuo
363 2855 443 2934 jure
456 2857 512 2918 civ.
528 2853 617 2914 Rom.
632 2854 657 2914 Ι.
673 2851 722 2914 16.
738 2873 771 2934 p.
788 2851 861 2914 207.

623 3000 651 3081 §.
672 2997 723 3062 62.

530 3151 533 3156 ·
600 3115 748 3168 Vicesimus.

134 3215 262 3280 Diutius
276 3215 405 3279 Romae
425 3214 457 3278 iu
479 3235 538 3276 usu
553 3213 615 3277 fuit
630 3221 781 3297 quartum
797 3235 900 3298 genus
921 3213 1106 3298 vectigalis,
1118 3215 1208 3300 quod
1224 3221 1301 3279 ur‘ce-

64 3323 130 3382 sina
150 3323 279 3388 dictum.
309 3323 389 3406 Ejus
413 3323 508 3407 origo
529 3321 708 3385 referenda
731 3321 764 3384 in
784 3344 903 3385 annum
923 3323 965 3386 U.
988 3317 1024 3386 C.
1042 3339 1216 3385 cccxcviii.
1233 3347 1300 3408 quo

67 3427 266 3493 Cn'Muutr'us
289 3433 389 3513 legem
409 3451 487 3492 novo
512 3431 651 3511 exemplo
674 3430 718 3491 od
742 3429 886 3492 Sutrium
908 3435 941 3493 r‘u
965 3434 1078 3493 castris
1100 3433 1238 3494 tributim
1263 3434 1303 3494 de

64 3536 188 3598 uicesimo
203 3559 327 3609 eorum,
346 3541 402 3619 qui
415 3541 719 3608 manumitterentur,
737 3538 816 3597 tulit.
840 3538 972 3610 Patres,
992 3542 1065 3617 quio
1079 3559 1118 3599 ea
1133 3541 1202 3622 lege
1215 3541 1306 3602 lroud

60 3661 178 3719 paruum
199 3646 337 3726 vectigal
361 3648 448 3725 inope·
467 3647 594 3707 aerario
615 3646 755 3719 additum
777 3653 875 3718 esset,
898 3652 1042 3706 erectores
1058 3648 1207 3724 suerunt.
1229 3648 1302 3711 Liv.

69 3747 129 3810 VII.
143 3751 188 3814 16.
219 3750 361 3829 Quoties
382 3771 462 3834 ergo
479 3772 591 3814 servus
608 3752 909 3827 manumittebatur‚
930 3751 987 3814 vel
1000 3751 1109 3831 herus,
1125 3752 1181 3815 vel
1198 3753 1302 3817 liber-

65 3863 108 3916 tus
121 3859 285 3940 pendebat
301 3858 504 3922 vicesimam:
519 3857 649 3920 Arrian.
665 3861 751 3920 Dr'ss.
769 3861 901 3941 Epr'ctet.
916 3859 957 3919 ῙῙ.
979 3859 1009 3920 1.
1025 3859 1053 3939 §.
1067 3858 1119 3921 26.
1137 3855 1231 3924 Ὅταν
1246 3853 1302 3926 οὖν

66 3967 165 4054 στρέφῃ
182 3995 227 4042 τις
246 3969 297 4030 e'ni
317 3971 490 4057 στρατηγοῦ
507 3963 560 4030 τὸν
575 3963 670 4030 αὐτοῦ
686 3965 807 4039 δοῦλον,
827 3965 918 4031 οῦδὲν
932 3952 1088 4051 desinon,-
1104 3969 1238 4052 ἐποίησε.
1255 3976 1284 4033 τί
1289 3999 1301 4047 ,·

65 4069 173 4153 ἔστρεψε
189 4073 243 4138 τὸν
261 4072 358 4137 αὐτοῦ
374 4072 487 4136 δοῦλον
504 4073 553 4135 ἐπὶ
572 4075 753 4154 στρατηγοῦ.
770 4067 860 4137 ’Άλλο
881 4071 984 4151 οὐδέν,·
1006 4079 1077 4139 Ναί.
1094 4075 1147 4138 καὶ
1163 4074 1302 4158 εἰκοστὴν

125 4269 155 4334 x)
173 4269 213 4322 Cf.
232 4269 345 4324 Schultz
364 4267 381 4319 t.
400 4266 417 4320 t.
436 4282 462 4331 p·
481 4269 540 4318 433.
560 4263 647 4318 Miilet.

125 4351 153 4416 y)
173 4353 209 4404 Et
225 4352 289 4405 inde
307 4350 385 4409 alteri
403 4350 518 4404 Censori
533 4349 693 4404 Salinatoris
709 4365 859 4416 cognomen
871 4350 967 4404 haesit.
981 4351 1063 4403 Errat
1075 4367 1139 4418 ergo
1157 4353 1302 4420 Bulenger.

67 4431 92 4482 de
109 4438 218 4504 nunu.
236 4439 273 4490 P.
292 4437 329 4492 R.
349 4455 371 4490 c.
392 4439 433 4488 15.
452 4433 499 4502 qui
518 4433 700 4488 Salinatorem
718 4450 774 4486 non
791 4434 986 4499 introduxisse,
1005 4436 1054 4488 sed
1081 4435 1233 4490 restituisse
1250 4439 1304 4490 hoc

67 4515 165 4582 vectigal
182 4520 326 4574 erfistimat.
345 4519 408 4572 Vid.
428 4519 462 4572 V.
481 4518 512 4571 C.
530 4521 679 4572 Burmann.
699 4521 730 4570 de
755 4519 873 4586 rectinet.
890 4521 924 4572 P.
952 4521 990 4572 R.
1009 4540 1031 4574 c.
1049 4525 1074 4574 6.
1089 4537 1119 4589 p.
1140 4525 1198 4575 116.
1223 4525 1303 4576 Heia.

67 4594 182 4654 Duksrus
199 4607 234 4656 ad
246 4607 304 4658 Liu.
323 4604 440 4658 XXIX.
458 4620 481 4654 c.
499 4607 542 4655 37.
562 4603 583 4668 ξ.
601 4607 626 4655 4.
644 4605 676 4655 Τ.
694 4603 743 4654 IV.
762 4618 788 4667 p.
806 4607 865 4655 391.
884 4619 925 4671 sq.
945 4604 1035 4658 Haut.
