3030 5160
191 369 317 454 'm
702 365 1205 454 mfflfflst,⁴

245 566 355 622 tamen
378 556 412 618 in
433 555 564 641 legibus
579 555 654 619 XII
669 552 874 620 Tabularum
896 554 939 618 ab
961 545 1113 639 adgnatis
1135 555 1340 640 sejunguntur.
1358 557 1436 635 Quare

244 663 358 750 paullo
374 662 560 738 adcuratius
576 683 619 727 cx
639 663 889 747 antiquitatibus
903 663 1081 745 Romanis,
1103 663 1232 746 quinam
1248 663 1377 749 adgnati,
1390 670 1437 750 qui·
1469 658 1474 680 ⁴

245 795 320 836 nam
337 771 499 855 gentiles,
516 771 649 857 quinam
669 771 804 856 cognati
820 771 965 856 denique
982 760 1169 853 tricassina,
1186 769 1438 856 erit-indagandum.
1476 795 1477 804 ¹

834 948 863 1029 §-
884 947 914 1010 a.

214 1115 216 1124 ,
306 1039 490 1118 Romanorum
507 1072 605 1132 pentes,
615 1064 750 1131 familiae,
768 1063 884 1116 nombre.
908 1065 1023 1123 Quium
1040 1065 1165 1133 adquae?
1184 1065 1283 1134 quinam
1297 1065 1397 1134 perutiles?

326 1165 551 1228 Romanorum
573 1164 697 1229 multae
714 1173 809 1229 erant
828 1181 969 1247 onnrns,
979 1170 1136 1246 patriotae
1151 1165 1275 1248 partim,
1289 1165 1385 1248 partin
1395 1167 1438 1246 ple·
1477 1145 1478 1191 l

245 1276 332 1356 bejoe
346 1279 389 1355 ⁰),
417 1295 497 1359 quas
523 1273 679 1338 adcurate
704 1273 948 1357 descripserunt
970 1271 1212 1356 GlandorpiuS,
1233 1271 1305 1336 Ant.
1326 1271 1439 1356 Augusti-

247 1399 323 1463 nus,
343 1378 480 1445 Fulvius
500 1381 656 1463 Ursinus,
674 1388 708 1443 et
728 1381 785 1464 qui
804 1379 899 1463 hujus
917 1402 998 1465 opus
1020 1380 1130 1443 multis
1149 1376 1360 1444 additamentis
1378 1379 1438 1441 locu·

220 1467 429 1574 spletarunt,
453 1489 526 1552 Car.
541 1489 678 1555 Petinus
700 1496 735 1552 et
755 1487 967 1556 Vaillantius.
990 1488 1150 1573 Singulae
1172 1496 1284 1574 gentes
1302 1487 1437 1552 nominibus

246 1599 311 1664 suis
327 1597 626 1681 distinguebantur,
646 1605 681 1661 et
697 1596 775 1660 hinc
793 1617 875 1680 gens
894 1597 962 1660 alia
979 1583 1068 1661 dicta
1089 1603 1139 1660 est
1157 1597 1303 1670 Cornelia,
1319 1595 1436 1660 aliaSea·

243 1711 372 1790 monio,
393 1707 459 1772 alia
487 1705 692 1779 1blIa'o,alia
714 1706 833 1778 Cincio,
854 1711 888 1768 et
905 1703 952 1768 sic
971 1727 1086 1792 porro.
1107 1699 1368 1782 Quemadmodum
1386 1721 1432 1764 rere

245 1817 318 1881 fieri
338 1813 441 1894 solet,
463 1821 499 1877 ut
521 1833 603 1896 gens
622 1835 688 1876 una
708 1813 743 1876 in
765 1813 871 1876 varias
896 1814 1013 1898 stirpes
1033 1835 1076 1878 ,ac
1095 1813 1236 1878 familias
1255 1813 1352 1876 abeatr
1369 1810 1401 1872 ita
1413 1815 1435 1870 et

244 1923 374 1987 Romae
394 1922 488 1984 unius
508 1920 617 2004 gentis
635 1921 746 2006 plures
766 1922 859 1984 fuere
878 1920 1041 2003 familiae,
1062 1943 1148 2006 quae
1167 1931 1201 1985 et
1218 1922 1304 2006 ipsae
1321 1913 1433 2000 cognoni-
1479 1897 1480 1981 i

245 2031 341 2094 nibus
367 2029 430 2092 suis
449 2027 734 2092 discernebantur:
759 2029 876 2092 Festus
886 2051 920 2112 p.
943 2029 1014 2092 16].
1036 2029 1077 2116 [*
1091 2049 1135 2091 ex
1154 2032 1225 2092 edit.
1240 2028 1333 2092 Andr.
1344 2019 1436 2087 bacerii

246 2139 474 2201 Amstelodomi
487 2135 580 2198 1699.
596 2135 641 2222 4.]
670 2138 769 2198 Gaurus
788 2139 977 2218 adpellotur,
995 2159 1076 2220 qnae
1096 2159 1133 2198 ea·
1156 2139 1260 2199 multis
1272 2135 1378 2216 familiis
1391 2148 1437 2189 aaa·
1480 2181 1481 2188 ,

235 2249 359 2327 ficator.
382 2244 437 2306 Sic
457 2266 476 2307 e
493 2243 649 2309 Cornelia
664 2252 767 2328 gente
786 2251 883 2308 natae
905 2252 977 2308 sunt
999 2244 1148 2308 familiae
1171 2245 1348 2326 Scipionum,
1361 2239 1437 2300 leotr-
1480 2299 1481 2302 ,

246 2357 357 2429 loram,
372 2354 545 2426 saltarum,
564 2353 746 2426 Cianorum,
768 2354 942 2424 Cossorum,
958 2353 1202 2416 Dolabellorum.
1222 2350 1367 2434 Denique,
1376 2361 1437 2427 quum

246 2470 281 2526 et
300 2460 447 2525 familiae
467 2460 576 2524 denuo
596 2461 631 2522 in
656 2481 758 2524 novas
780 2460 898 2543 stirpes
918 2459 1066 2542 abirent,
1089 2460 1214 2524 factum
1235 2467 1298 2540 est,
1317 2464 1347 2520 ut
1364 2463 1387 2515 et
1401 2449 1436 2510 lue

246 2571 484 2652 adgnomr‘rribns
512 2571 772 2631 secernerentur.
802 2567 859 2628 Sic
887 2587 968 2649 gens
998 2567 1149 2650 Vr'rgirria
1169 2569 1203 2632 in
1224 2568 1326 2654 plures
1346 2553 1436 2626 familia!

247 2676 347 2758 abiit,
368 2675 446 2738 hinc
464 2675 665 2758 cognomina
689 2677 913 2750 ffiioostorum,
930 2676 1112 2758 Rofforum,
1131 2683 1196 2740 etc.
1222 2677 1349 2740 necaro
1363 2670 1433 2732 iterun

247 2767 448 2850 indiversus
468 2783 586 2866 stirpes
605 2783 731 2866 divisis,
753 2791 831 2848 nata
850 2783 929 2850 inde
954 2791 1030 2847 sunt
1049 2783 1251 2870 adgnomina
1267 2775 1436 2844 narravisset

250 2894 561 2956 Caelimontonomm.
584 2891 628 2955 Et
647 2892 725 2956 inde
745 2900 804 2973 est,
821 2892 911 2977 quod
925 2890 1069 2956 Romani
1085 2899 1136 2958 tot
1156 2894 1206 2957 usi
1220 2892 1281 2956 sint
1298 2883 1437 2954 nominibus,

248 3022 383 3086 quorum
406 2999 562 3085 primum,
584 3000 674 3084 quod
692 3021 855 3086 personae
877 3000 1045 3085 proprium
1067 3011 1156 3085 erat,
1170 3017 1349 3084 praenomen
1360 2991 1393 3071 ‘¹);
1408 3005 1439 3048 ⁵⁸·

247 3108 402 3186 cundum,
418 3108 506 3192 quod
525 3109 697 3174 universae
716 3111 811 3193 genti
827 3131 1015 3192 commune,
1031 3131 1144 3185 nomen
1151 3135 1162 3182 ,-
1177 3109 1321 3186 tertium,
1334 3096 1398 3186 quod
1408 3093 1439 3154 i-

247 3217 371 3298 nrjliam
394 3239 437 3281 ex
459 3237 500 3280 ea
515 3225 616 3300 gente
632 3219 782 3298 notabat,
799 3238 984 3298 cognomene
1002 3225 1037 3281 et
1058 3225 1210 3301 quartum
1230 3195 1437 3295 deniquaeod

247 3325 380 3408 stirpem
407 3325 600 3410 plerumque
630 3328 700 3410 ejus
724 3324 889 3407 familiae,
918 3325 974 3389 vel
1003 3325 1147 3410 aliquam
1178 3346 1247 3388 rem
1275 3300 1440 3405 gestan,vel

316 3544 345 3611 c)
366 3544 573 3612 Antiquissimis
591 3544 702 3613 quidem
719 3544 883 3610 reipublicae
902 3546 1069 3611 temporibus
1088 3545 1140 3598 soli
1153 3545 1260 3612 panicii
1276 3544 1367 3610 genbm
1379 3527 1442 3583 blm

248 3629 413 3684 dicebantur.
438 3632 470 3682 P.
485 3630 586 3684 Decius
614 3631 688 3696 apud
706 3629 813 3682 Livium
838 3631 875 3683 X.
896 3635 920 3683 8.
949 3631 1057 3700 Semper
1079 3632 1129 3682 ista
1152 3632 1243 3684 andito
1260 3633 1316 3684 sunt
1330 3621 1441 3702 audeam

247 3715 317 3769 solos
331 3723 434 3784 pentem
455 3713 754 3767 habere.·1lincetiam
772 3714 879 3781 patricii
897 3715 1099 3784 alilmajornm,
1117 3716 1164 3769 alii
1181 3718 1306 3768 minorum
1321 3705 1409 3778 pentius
1419 3693 1442 3744 ll

247 3801 394 3854 cebantur:
417 3799 545 3868 Sigonius
564 3801 596 3851 de
616 3802 723 3870 antiquo
732 3802 800 3870 jure
823 3802 869 3852 civ.
889 3789 967 3852 Rom.
986 3801 1009 3853 I.
1027 3805 1052 3854 7.
1073 3819 1103 3869 p.
1121 3803 1180 3854 109.
1205 3803 1241 3853 At
1258 3800 1377 3863 postremo
1390 3789 1444 3876 W

248 3887 373 3951 honores,
397 3885 526 3952 auspicia,
549 3885 685 3939 connubia
708 3901 771 3938 oum
795 3885 874 3951 plebe
898 3887 1178 3939 communicarentnr:
1201 3885 1280 3937 etiam
1301 3873 1392 3947 gentilis
1405 3875 1444 3933 ΙΝ*

247 3975 409 4037 acceperunt
425 3971 531 4039 plebeji.
559 3973 639 4025 Unde
656 3972 726 4024 aliae
742 3977 835 4038 gentes
854 3971 992 4037 patriciae,
1010 3971 1080 4026 aliae
1097 3971 1227 4037 plebejae.
1246 3968 1320 4022 Hein-

239 4107 242 4114 ,
317 4057 351 4123 d)
372 4055 514 4122 singulare
530 4055 559 4109 id
580 4057 631 4110 fuit
648 4057 676 4109 in
694 4061 773 4124 gente
792 4055 920 4122 Sulpicia,
940 4058 1014 4125 quod
1032 4056 1135 4123 duplici
1157 4071 1238 4121 saepe
1254 4042 1446 4132 praenominare

248 4144 292 4209 sit,
309 4145 394 4194 altero
412 4143 550 4194 communi
570 4143 691 4204 Servom
709 4144 794 4194 altero
811 4141 924 4207 proprio
942 4143 1071 4210 singulis:
1090 4159 1113 4194 e.
1127 4159 1153 4208 g.
1175 4142 1271 4211 Cep'us:
1287 4136 1354 4188 Folv.
1367 4127 1447 4179 Ur³¹ffl¹⁵

248 4230 280 4279 de
289 4227 383 4294 famil.
402 4228 481 4280 Rom.
497 4245 524 4296 p.
540 4233 600 4282 268.
619 4228 743 4298 quamvis
756 4243 847 4280 errare
859 4227 983 4281 videntur
998 4229 1039 4282 vir
1052 4226 1233 4288 doctissimus,
1252 4236 1329 4290 quum
1339 4215 1364 4268 id
1375 4213 1447 4267 ΜΨ

247 4313 276 4366 in
293 4317 373 4379 gente
392 4311 512 4378 Sulpicia
536 4314 709 4366 observatum
734 4327 795 4364 esse
809 4313 965 4366 ‘existimat
989 4314 1061 4365 Nam
1083 4312 1271 4364 celeberrimus
1287 4291 1447 4358 lures⁰¹¹³¹¹¹¹¹¹⁵

248 4413 304 4450 uno
322 4399 484 4467 plerumque
503 4397 590 4451 Servii
603 4398 764 4465 cognomine
782 4413 849 4452 usus
868 4405 917 4464 est,
934 4417 985 4452 neo
1003 4399 1058 4450 dno
1078 4395 1206 4450 habuisse
1224 4393 1323 4446 videmr
1339 4379 1391 4434 riuis
1406 4372 1447 4461 itt:

248 4482 369 4546 lissinis,
389 4490 416 4535 et
433 4484 551 4537 maxime
569 4482 603 4535 V.
617 4484 646 4535 C.
664 4484 743 4535 nver.
762 4485 857 4536 Ottoni
875 4485 902 4536 in
922 4486 974 4536 vito
988 4483 1075 4538 Servii
1087 4481 1198 4550 Srclpieia‘
1219 4496 1241 4530 e.
1256 4484 1278 4529 l.
1295 4475 1314 4540 ἓ·
1326 4474 1346 4522 4·
1362 4463 1421 4516 Tm
1431 4451 1447 4500 l·

252 4568 378 4621 Tuccam.
388 4569 448 4636 jur.
465 4588 493 4636 p.
514 4574 588 4622 1561.
607 4569 689 4626 Heio.¹
