3062 5156
193 392 266 460 246
571 381 753 448 Aurarnrx
778 379 853 446 Lm.
880 377 906 445 l.
932 376 1019 446 Car.
1047 377 1072 444 1.

202 557 408 643 consequuti,
424 561 541 641 postea
552 555 682 619 demum
694 551 920 638 impetrarunt,
934 561 970 615 ut
983 553 1044 616 atta·
1053 571 1157 616 orm
1170 552 1334 613 Romanos
1347 549 1463 610 ducere

167 697 171 710 ·
204 687 319 732 accras
337 668 461 737 lisera,-
479 673 526 737 et,
548 668 580 726 st
594 667 650 744 pus·
666 666 758 743 prius
778 661 960 736 amsans,
978 668 1015 722 ut
1034 661 1151 722 habers
1165 680 1229 731 aas,
1247 665 1279 720 et
1299 664 1377 717 aare
1394 675 1463 716 earn

206 776 285 838 dcem
311 775 393 844 nott,
411 776 462 834 uti
477 774 564 853 justi
582 771 644 832 sthi
662 770 752 830 libert
768 768 957 849 heredesque
976 776 1097 828 essent:
1115 766 1188 829 Liv.
1201 763 1394 826 XXXVIII.
1412 760 1462 823 36.

206 879 281 957 Qua
298 879 340 942 de
355 897 391 942 re
411 879 508 962 plura
521 876 652 940 disserit
662 876 721 940 Ez.
736 873 858 968 Spanh.
874 875 946 936 urs.
958 874 1045 936 Rom.
1060 874 1177 936 IIaera.
1193 874 1235 933 II.
1246 893 1272 932 o.
1282 868 1333 932 22.
1346 890 1380 950 p.
1391 867 1461 930 357.

779 1057 808 1138 §-
829 1054 880 1120 aa.

477 1172 542 1226 cam
556 1173 708 1242 pereprinr's
725 1181 751 1222 et
769 1171 890 1224 barbaris
907 1170 1009 1224 nullum
1028 1170 1192 1224 conuulsum.

291 1284 400 1362 Quum
418 1284 532 1367 itaque
547 1303 589 1344 ne
604 1281 693 1344 inter
708 1303 821 1344 omnes
843 1279 977 1364 quidem
998 1280 1143 1365 ejusdem
1160 1278 1303 1343 civitatis
1312 1278 1368 1361 jus
1385 1299 1463 1340 con·

207 1391 301 1454 nubii
324 1399 427 1453 esset:
449 1389 554 1452 multo
575 1389 679 1471 magis
701 1410 775 1450 cum
800 1387 892 1469 aliis,
915 1387 1057 1450 civitatis
1072 1387 1245 1450 Romanae
1264 1385 1463 1466 exsortibus,

209 1498 374 1560 connubia
395 1506 489 1562 erant
508 1496 695 1559 interdicta.
718 1493 818 1557 Unde
840 1494 969 1557 Seneca
992 1496 1030 1556 de
1048 1496 1157 1573 Bonos.
1180 1493 1235 1554 IV.·
1248 1491 1301 1556 35.
1325 1494 1467 1554 Promisi

207 1605 376 1682 tibistls'nm
391 1609 423 1665 in
441 1608 681 1666 matrimonium.
702 1603 819 1664 Postea
829 1606 1024 1683 peregrinus
1041 1602 1236 1682 adparuistr':
1251 1620 1313 1661 non
1327 1609 1376 1660 est
1391 1601 1467 1660 mitt

208 1733 279 1774 cum
301 1719 429 1772 esterno
447 1712 642 1772 connubium.
668 1707 808 1772 Solebat
831 1717 940 1772 tamen
964 1707 1063 1770 etiam
1087 1707 1271 1792 peregrinis
1287 1707 1463 1790 primuma

209 1817 352 1902 populo;
368 1825 485 1900 postea
507 1816 666 1879 aSenatu
691 1837 729 1878 ac
744 1815 874 1878 demum
891 1839 910 1879 a
925 1815 1083 1899 Principe
1104 1813 1242 1877 concedi
1259 1815 1314 1898 jus
1339 1836 1463 1878 connu-

209 1925 267 2005 bii,
284 1944 344 2008 per
359 1922 491 1986 modum
506 1923 584 2007 lege
600 1923 773 1987 solutionis
790 1923 845 1987 vel
859 1922 1036 2007 privilegii.
1058 1922 1134 2000 Qua
1149 1922 1192 1985 de
1208 1944 1244 1986 re
1261 1922 1362 1985 fusius
1379 1922 1463 1984 dixi-

210 2054 280 2094 mus
302 2030 337 2092 in
362 2031 529 2092 Commeat.
553 2032 597 2092 nd
617 2033 654 2092 L.
676 2031 738 2093 Jut.
760 2039 793 2092 et
814 2031 893 2112 Pop.
918 2032 1017 2113 Pappa
1039 2032 1107 2093 Lib.
1123 2033 1164 2092 II.
1180 2053 1205 2092 c.
1222 2029 1272 2092 18.
1284 2051 1316 2110 p.
1331 2028 1406 2091 321.
1422 2051 1462 2110 sq.

209 2138 310 2203 Adde
326 2158 424 2220 supra
439 2139 532 2198 Libro
547 2141 572 2200 I.
591 2137 647 2200 Ii‘t.
664 2139 704 2200 X.
723 2139 751 2218 §.
767 2139 817 2198 15.
852 2137 887 2199 Si
903 2127 979 2222 quis*
998 2159 1095 2220 vero,
1111 2161 1178 2200 non
1201 2138 1380 2220 impetrato
1406 2135 1462 2198 illo

210 2246 385 2325 beneficio,
400 2243 608 2327 peregrinam
626 2244 787 2308 duxisset:
803 2245 872 2308 nati
889 2266 932 2306 ex
948 2245 1109 2328 ejusmodi
1121 2244 1243 2328 nuptiis
1254 2243 1366 2325 liberi,
1382 2252 1463 2307 tam-

210 2357 306 2439 quam
319 2351 490 2436 hybridae,
503 2373 541 2415 ac
555 2373 676 2414 novum
694 2374 798 2436 genus
814 2351 992 2434 hominum,
1003 2353 1220 2430 habebantur,
1234 2372 1344 2435 neque
1361 2351 1463 2414 multo
1526 2389 1527 2404 κ

209 2461 372 2541 melioris,
388 2480 484 2542 quam
505 2458 607 2538 servi,
625 2469 719 2524 erant
744 2459 961 2540 conditionis,
978 2460 1027 2523 uti
1043 2467 1137 2544 patet
1153 2457 1307 2543 exemplo
1324 2457 1462 2522 militum
1526 2439 1527 2524 l

208 2567 451 2646 Romanorum,
468 2566 524 2648 qui
543 2565 709 2650 Hispanas
727 2566 882 2630 mulieres
907 2566 1071 2630 duxerant
1078 2613 1087 2648 ,
1104 2565 1191 2650 apud
1208 2566 1280 2630 Liv.
1297 2567 1420 2628 XLIII
1435 2567 1462 2629 3.

209 2675 263 2737 Ex
285 2695 349 2757 quo
371 2693 451 2734 vero
469 2694 540 2734 cum
563 2673 712 2736 omnibus
736 2674 768 2736 in
793 2676 874 2739 orbe
890 2675 1042 2738 Romano
1065 2675 1180 2738 civitas
1202 2675 1310 2736 fuerat
1325 2696 1345 2736 a
1363 2673 1463 2739 Cara-

211 2780 296 2844 calla
312 2779 567 2842 communicata:
585 2782 767 2862 promiscua
780 2781 912 2866 quidem
930 2783 1016 2846 inter
1031 2805 1089 2845 eos
1104 2804 1174 2846 esse
1190 2790 1374 2867 coeperunt
1385 2804 1462 2844 con·

209 2889 308 2952 nubia
325 2893 370 2967 s),
394 2885 452 2948 sed
475 2886 644 2969 prohibita
667 2897 778 2950 tamen
804 2891 1007 2953 matrimonia
1032 2913 1103 2953 cum
1127 2889 1274 2952 barbaris
1289 2889 1342 2970 ¹¹):
1358 2889 1396 2950 L.
1413 2911 1463 2951 un.

212 2997 244 3057 0.
265 2995 376 3056 Theoti.
392 2993 431 3055 de
446 2993 545 3075 Nupt.
559 3000 666 3077 gestit.
682 2996 750 3058 La.
762 2997 820 3057 III.
839 2997 897 3059 tn.
913 2997 963 3059 14.
984 2996 1091 3074 Quam
1108 3006 1217 3060 tamen
1234 2995 1461 3060 Valentiniani

211 3101 357 3165 Senioris
377 3084 488 3184 legem
512 3123 578 3165 non
600 3102 657 3165 diu
676 3102 834 3184 valuisse,
851 3102 960 3165 multis
980 3103 1141 3189 exemplis
1160 3103 1283 3168 docent
1303 3103 1374 3168 Jac.
1394 3104 1461 3168 Go-

210 3209 382 3274 thofredus
395 3213 428 3270 tn
442 3211 671 3272 Commentario
684 3211 728 3271 od
741 3213 828 3271 illam
840 3212 950 3291 legem,
958 3233 991 3293 p.
1003 3211 1073 3274 306.
1090 3213 1171 3274 Tem.
1190 3213 1216 3272 I.
1233 3220 1278 3293 et,
1297 3212 1354 3298 qui
1370 3211 1462 3296 plura

212 3316 350 3398 addidit,
367 3317 426 3378 Ez.
442 3316 564 3400 Spanh.
585 3318 657 3378 Orb.
672 3317 761 3379 Rom.
777 3318 892 3379 Enerc.
909 3318 951 3378 II.
967 3337 992 3378 c.
1007 3317 1058 3380 22.
1070 3341 1102 3400 p.
1116 3319 1189 3382 368.
1204 3341 1249 3402 aq.

788 3502 817 3582 §-
838 3501 889 3564 as.

376 3615 435 3665 Lea
453 3615 542 3684 Papia
565 3616 692 3684 Poppaea
712 3615 889 3668 detonantia
909 3616 1067 3670 Senatorum
1085 3633 1144 3668 cum
1163 3615 1298 3671 libertinis.

295 3721 376 3785 Alia
394 3722 613 3818 quaedamde
631 3722 806 3806 prohibitis
820 3724 908 3787 inter
927 3724 1015 3787 cives
1031 3723 1154 3807 nuptiis
1168 3725 1282 3788 statuit
1296 3725 1460 3810 Augustus

213 3829 291 3913 lege
313 3830 420 3914 Papia
438 3829 616 3914 Poppaea,
639 3832 729 3916 cujus
749 3832 854 3915 primo
876 3833 985 3916 capite
1010 3830 1200 3916 prohibitae
1220 3832 1358 3916 nuptiae
1381 3833 1462 3895 inter

281 4037 314 4102 g)
336 4035 480 4088 Caeterum
498 4038 551 4090 vid.
571 4055 641 4107 quae
659 4040 694 4091 ad
713 4039 758 4091 Tit
776 4039 824 4090 IV.
843 4040 877 4092 V.
896 4039 916 4105 ξ.
942 4043 982 4092 16.
1001 4043 1057 4091 not.
1083 4039 1108 4092 b.
1126 4040 1271 4092 observata
1289 4047 1362 4094 sant
1384 4038 1462 4092 uati.

282 4121 315 4184 h)
339 4119 409 4172 Cum
422 4121 571 4186 peregrinis
590 4123 699 4175 demum
717 4122 820 4175 civibus
840 4123 1006 4176 connubium
1023 4123 1087 4189 tuit,
1113 4121 1138 4176 si
1156 4123 1184 4176 id
1200 4139 1362 4178 eoncessum
1381 4129 1461 4177 esset:
1524 4111 1525 4114 ¹

214 4203 300 4256 valuit
316 4205 388 4257 idem
402 4205 449 4271 jus
468 4211 597 4272 regnante
615 4208 744 4272 Philippo
761 4209 859 4262 Arabe.
883 4208 1091 4260 Valentinianus
1116 4213 1143 4260 et
1159 4211 1262 4264 Valens
1286 4211 1385 4276 capitis
1403 4222 1461 4270 sup·

213 4287 324 4353 plicium
344 4297 545 4354 proposuerunt
556 4292 677 4344 barbaris
690 4291 802 4357 nuptiis,
815 4291 872 4345 sive
883 4295 1024 4346 Romanas
1039 4294 1182 4346 barbaram
1194 4295 1314 4358 duceret,
1329 4295 1388 4347 sire
1407 4293 1462 4343 bar·

213 4374 296 4426 barus
314 4377 475 4428 Romanam.
495 4377 554 4429 Lex
572 4378 618 4429 illa
639 4377 822 4428 Valentiniani
836 4393 892 4430 non
910 4378 1041 4443 abrogata
1063 4386 1104 4430 est
1123 4395 1139 4430 a
1156 4379 1322 4442 Iustiniano,
1342 4385 1373 4431 at
1390 4379 1462 4443 putat

213 4473 276 4510 cam
294 4459 463 4512 Gothotredo
480 4458 653 4524 Heineccius,
672 4460 721 4512 sed
732 4461 824 4514 omisit
841 4462 992 4527 Imperator
1003 4461 1049 4514 ille
1065 4463 1136 4516 hanc
1152 4463 1181 4516 in
1199 4462 1309 4526 Codice
1324 4475 1380 4514 nou
1392 4459 1461 4527 qaod

215 4544 324 4610 nuptias
342 4546 478 4612 probaret,
496 4545 545 4598 sed
564 4546 638 4615 qaod
657 4562 773 4613 poenam
791 4552 819 4600 et
835 4545 1022 4602 crudelitatem
1039 4548 1107 4615 legis
1124 4547 1300 4618 improbaret.
1318 4547 1402 4601 Gaas.
