3056 5154
323 361 798 434 processissemus.
825 363 919 444 Ena.
946 376 1014 436 eto.
1131 369 1135 379 '
1222 373 1296 440 577

40 561 156 624 quum,
172 546 259 604 teste
274 538 420 604 Publica
438 537 535 621 Syro,
543 560 645 620 paras
661 547 718 602 aut
735 543 882 622 accipiat,
899 550 958 604 aut
968 543 1073 619 saciat
1088 542 1135 622 ι).·
1154 561 1294 628 aequum

41 649 77 712 iis
99 647 204 710 visum
224 656 283 725 est,
300 647 389 710 inter
408 646 516 710 socios
534 647 643 711 omnia
664 667 734 708 esse
756 649 950 710 communia.
971 648 1020 711 At
1034 645 1166 732 poterat
1183 638 1294 714 umen

41 757 127 816 inter.
148 753 257 817 socios
283 754 381 818 aliter
404 748 590 834 conveniri,
610 762 787 838 partesque
817 755 996 818 communis
1017 753 1100 818 lucri
1122 762 1157 818 et
1184 757 1295 820 damni

42 882 151 924 eorum
178 861 358 944 aliquando
382 860 519 926 arbitrio
546 860 788 924 statuebantur:
816 861 855 924 L.
875 862 927 926 29.
949 863 990 922 D.
1009 864 1074 925 eod.
1096 863 1175 946 quin
1196 883 1295 946 saepe

43 972 80 1032 ab
97 967 232 1032 arbitris
248 990 292 1030 ex
308 969 397 1030 bono
413 975 449 1030 et
463 985 570 1050 aequo
585 975 696 1051 partes
720 968 840 1051 cuique
858 987 919 1051 pro
934 975 1008 1033 rata
1023 967 1294 1052 adsignabantur:

43 1076 76 1138 L.
90 1075 120 1138 6.
136 1083 174 1138 et
189 1077 229 1138 L.
243 1075 294 1138 80.
310 1077 351 1150 Ι).
366 1077 431 1136 eod.
451 1073 519 1153 (cf.
536 1073 610 1158 Gaj.
626 1074 689 1138 lll.
704 1073 775 1135 149.
790 1073 878 1154 150.)

639 1297 645 1312 .
667 1251 717 1313 18.

456 1366 572 1419 Societas
592 1251 720 1438 adamato
738 1367 879 1421 dissoluta?

123 1463 413 1558 Quemadmodum
439 1476 548 1530 autem
570 1467 655 1530 inita
673 1467 813 1530 societas
839 1489 1000 1532 consensu
1021 1479 1229 1553 perseverat:
1251 1472 1299 1536 ita

46 1578 157 1641 eadem
187 1577 335 1640 dissensu
354 1572 560 1655 dissolvitur,
589 1581 624 1636 et
648 1574 800 1660 quidem,
822 1583 857 1639 ut
878 1575 1059 1658 periculum
1081 1577 1190 1641 litium
1210 1577 1298 1642 inter

48 1685 146 1746 socios
164 1680 400 1768 pullulantium
421 1680 575 1762 evitetur,
597 1681 695 1743 etiam
716 1679 863 1745 dissensu
882 1683 985 1746 unius.
1008 1683 1108 1767 Cujus
1122 1686 1171 1748 rei
1185 1707 1298 1751 exem-

48 1791 97 1874 pla
115 1789 207 1874 apud
223 1789 416 1874 Petronium
436 1785 605 1852 Arbitrum
627 1791 750 1851 Satiris.
767 1787 841 1876 [*c.
859 1788 910 1852 10.
925 1813 959 1872 p.
974 1789 1024 1852 57.
1045 1812 1087 1854 ex
1106 1794 1176 1854 edit.
1192 1793 1299 1858 altera

48 1899 135 1960 Petri
155 1896 356 1978 Burmanni,
380 1895 571 1960 Amateloed.
592 1895 684 1958 1743.
705 1895 756 1982 4.]
778 1899 920 1977 [melligo
946 1899 1031 1960 nodia
1053 1905 1216 1962 conuenire
1237 1924 1299 1964 aaa

45 2028 140 2087 posse,
158 2009 267 2085 itaque
284 2019 459 2064 communes
472 2003 649 2064 sarcinulas
662 2007 855 2084 partiamur,
871 2025 908 2064 oc
918 2015 1141 2086 paupertatem
1158 2016 1299 2070 nostram

45 2115 174 2193 privatio
195 2113 372 2194 quaestibus
392 2117 547 2171 tentemus
565 2111 734 2189 expellere,
752 2117 786 2171 et
802 2111 889 2193 apud
907 2111 1109 2195 Appulejum
1129 2114 1300 2178 Metamor-

47 2221 128 2308 pbos.
146 2219 161 2305 [
173 2220 266 2279 *Lib
289 2217 328 2278 X.
345 2217 373 2298 §.
393 2215 465 2277 220.
483 2237 515 2297 p.
536 2214 608 2277 704.
635 2218 769 2278 exedit.
791 2217 1035 2299 Oudendorpii,
1058 2218 1162 2299 Lugd.
1182 2221 1299 2283 Batao.

51 2326 135 2388 1786.
150 2323 201 2410 4.]
216 2324 274 2386 ubi
292 2333 327 2389 et
346 2322 486 2387 formula
500 2321 716 2386 renunciandi
733 2323 885 2386 societati
907 2317 1065 2387 occurrit:
1085 2324 1124 2384 sa·
1135 2327 1191 2385 titi
1209 2328 1299 2389 deai-

53 2455 105 2515 qae
119 2439 252 2496 societas
269 2435 330 2494 ista
352 2433 507 2512 displicet:
518 2451 688 2512 poscumus
709 2436 811 2493 amaia
828 2432 949 2513 quidem
971 2439 1076 2493 cetera
1085 2433 1212 2509 fratres
1232 2455 1300 2495 ma-

53 2561 134 2613 nere,
161 2541 203 2602 ab
226 2543 286 2600 isto
311 2549 415 2600 tamea
430 2559 515 2600 aera
537 2543 758 2601 cmamuaionia
777 2540 942 2601 discedere.
970 2535 1020 2600 Cf.
1039 2537 1232 2604 Wouwerus
1257 2543 1302 2604 ad

54 2650 235 2710 Petronium
246 2666 278 2726 p.
290 2643 360 2707 118.
381 2643 470 2722 Quin
483 2653 517 2708 et
532 2652 637 2708 morte
650 2653 717 2709 tum
730 2645 882 2728 naturali,
902 2653 970 2708 tum
986 2644 1076 2708 civili
1092 2645 1186 2710 unius
1205 2649 1298 2732 socii,
1372 2704 1378 2712 ,

55 2752 292 2817 dissolvebatur
318 2751 473 2814 societas:
494 2749 571 2834 Gaji
595 2752 672 2814 laet.
699 2751 740 2812 ΙΙ.
766 2751 795 2814 9.
818 2751 869 2813 17.
889 2771 998 2837 neque
1022 2773 1175 2837 umquam
1203 2754 1299 2820 heres

54 2862 117 2944 ipso
129 2863 212 2948 jure
237 2866 308 2922 erat
324 2859 445 2938 socius,
461 2879 504 2920 ne
523 2859 557 2920 in
574 2847 734 2920 societate
749 2858 961 2941 vectigalium
985 2859 1137 2945 quidem,
1159 2859 1222 2923 nisi
1240 2861 1300 2925 ad-

56 2970 143 3033 scitus
167 2991 188 3031 a
203 2966 340 3051 reliquis
361 2973 464 3028 esset:
484 2963 522 3025 L.
538 2963 588 3026 59.
601 2985 653 3045 pr.
673 2972 706 3026 et
725 2964 763 3025 L.
779 2963 829 3026 63.
849 2965 877 3045 §.
894 2963 922 3026 8.
940 2965 981 3026 1).
1001 2967 1068 3028 Pro
1089 2988 1148 3030 soc.
1172 2969 1300 3053 Cujacii

59 3079 231 3139 Observata
249 3074 289 3136 X.
305 3073 356 3136 25.
377 3075 558 3137 Praeterea
578 3079 728 3155 egestate
750 3069 940 3133 solvebatur
958 3073 1111 3136 societas:
1130 3075 1167 3136 L.
1180 3079 1209 3136 4.
1226 3077 1256 3158 §.
1270 3077 1299 3138 1.

56 3186 92 3244 D.
106 3186 173 3246 eod.
194 3188 230 3244 ut
253 3190 303 3262 et,
325 3181 350 3243 si
374 3181 445 3264 quis
464 3178 627 3242 sociorum
646 3178 741 3240 bonis
763 3179 925 3242 cessisset:
944 3179 980 3239 L.
1003 3179 1053 3240 65.
1075 3179 1211 3260 §.1.D.
1233 3183 1263 3243 b.
1278 3192 1299 3244 t.

56 3287 208 3375 Denique
231 3290 257 3352 si
281 3289 375 3351 unius
393 3285 629 3371 negotiationis
655 3307 766 3351 caussa
786 3285 869 3350 inita
890 3285 1000 3347 fuerat
1023 3286 1179 3366 societas,
1206 3286 1300 3351 finito

57 3399 204 3482 negotio,
216 3399 288 3481 ipsa
307 3415 439 3480 quoque
458 3395 598 3458 societas
616 3397 780 3458 cessabat:
797 3393 835 3456 L.
851 3391 901 3456 63.
918 3394 946 3476 §.
962 3395 1017 3454 ult.
1033 3392 1070 3454 L.
1087 3391 1139 3454 65.
1152 3391 1180 3475 §.
1194 3393 1245 3457 10.
1258 3396 1299 3456 D.
1371 3437 1376 3442 -
1419 3365 1425 3380 ⁹

57 3508 117 3568 eod.
139 3503 532 3588 (Gaj.lll.151-154.)
623 3555 626 3559 .

141 3617 149 3629 “
630 3617 659 3699 §.
680 3617 730 3682 19.

486 3731 643 3786 Contractus
660 3733 779 3786 mandati
795 3734 875 3802 oripo.

118 3801 193 3898 'De
207 3850 374 3898 malumno
387 3833 438 3916 iis,
454 3855 539 3917 quae
555 3834 709 3897 doctores
724 3833 889 3897 inculcare
906 3833 1025 3914 solent,
1041 3831 1124 3896 nihil
1140 3840 1199 3914 est,
1215 3831 1305 3917 quod

60 3923 230 4021 addamus,
246 3949 379 4025 praeter
393 3940 429 4003 id
451 3943 598 4023 unicum,
615 3942 705 4025 quod
724 3941 751 4004 is
776 3950 962 4005 contractus
981 3963 1047 4004 non
1071 3938 1202 4002 videtur
1218 3937 1304 4001 anti-

61 4049 238 4129 quissimus.
261 4049 347 4112 Sane
361 4037 458 4129 enim,
475 4069 574 4131 quum
590 4060 763 4112 censerent
780 4057 919 4128 veteres,
936 4047 1122 4111 mandatum
1139 4065 1182 4105 ex
1196 4043 1304 4106 officio

60 4162 157 4240 atque
174 4156 318 4220 amicitia
333 4151 511 4240 proficisci:
525 4157 563 4218 L.
576 4157 606 4217 1.
620 4157 648 4238 §.
660 4155 739 4217 41).
751 4157 902 4218 Mandati
915 4158 965 4217 uel
979 4160 1098 4224 contra,
1110 4171 1177 4213 non
1189 4149 1306 4213 viden·

127 4361 162 4427 k)
181 4362 225 4414 De
242 4361 293 4413 hac
311 4361 427 4426 paritate
444 4361 513 4414 inter
529 4360 632 4414 amieos
650 4358 774 4412 videatur
792 4358 887 4412 Cicero
906 4359 937 4409 de
955 4358 1035 4425 Lapa.
1048 4356 1071 4408 Ι.
1089 4359 1129 4407 12.
1149 4353 1307 4406 Lactantius

62 4444 321 4498 Diuinar.1astitutt.
342 4445 369 4497 V.
389 4451 428 4499 14.
442 4447 462 4513 ξ.
478 4451 602 4501 15-20,
621 4442 694 4498 Hinc
710 4450 737 4496 et
746 4444 855 4510 fratres
871 4443 998 4494 dicuutur
1021 4440 1085 4491 socii
1101 4436 1173 4503 apud
1188 4438 1308 4504 Appule-

62 4527 118 4593 jum
137 4513 345 4600 Metamorphosss
363 4529 421 4585 Lib.
437 4527 473 4583 X.
492 4531 514 4597 §-
529 4533 588 4583 220.
603 4547 633 4598 p.
645 4532 704 4582 704.
728 4527 807 4580 Heia.
1072 4607 1114 4670 37
