3062 5164
339 413 393 484 ns
420 414 519 486 Mon.
545 413 629 484 Con.
654 405 788 486 Pns'ur.
814 413 889 488 Cn.
916 417 1026 487 Foru.
1238 425 1309 494 325

620 593 650 674 ς.
671 590 751 656 130.-

504 707 577 766 Quid
592 708 709 762 coloniae
727 709 870 764 militares?

136 823 306 888 Coloniae
317 841 501 889 nrurrsnns
513 845 557 888 ex
570 824 729 890 militibus
738 829 920 904 veteranis3
936 789 1209 912 quemadmodum
1227 847 1307 893 rnn-

46 947 154 1019 smne
172 954 219 994 ex
236 933 372 1016 civibus,
387 933 453 1015 vel,
469 941 505 996 ut
521 934 706 1018 posteriore
722 955 807 998 aevo
822 934 1027 1018 dicebantur,
1045 957 1087 1000 ex
1099 941 1238 1020 paganis
1251 937 1306 1000 vel

45 1045 202 1121 privatis,
224 1043 314 1120 (nam
332 1042 414 1104 ethi
431 1040 590 1104 militibus
604 1041 730 1125 opponi
746 1043 914 1130 solebant:
936 1044 974 1106 L.
990 1043 1040 1108 19.
1058 1045 1091 1108 (l.
1106 1045 1145 1108 da
1160 1048 1251 1106 Pact.
1269 1045 1306 1106 L.

47 1148 74 1209 2.
94 1148 129 1208 0.
155 1149 273 1210 vueod.
295 1157 328 1210 et
342 1149 380 1210 L.
399 1149 428 1211 1.
451 1149 484 1211 0.
500 1150 614 1212 Justr'n.
635 1149 674 1211 de
694 1150 778 1212 Fals.
797 1171 877 1213 mon.
893 1150 932 1214 L.
949 1153 978 1212 5.
989 1151 1029 1213 ,0.
1049 1154 1093 1214 ud
1110 1152 1147 1214 L.
1163 1152 1226 1214 Jul.
1241 1173 1308 1214 ma·
1330 1158 1341 1172 '

43 1257 134 1337 jest.)
154 1255 376 1318 ducebantur.
397 1255 482 1320 Illae
503 1255 583 1319 ideo
604 1256 778 1340 inventae,
800 1265 836 1322 nt
856 1259 1007 1322 veterani
1029 1258 1164 1342 milites,
1181 1259 1307 1343 stipen-

50 1362 183 1426 diorum
205 1363 421 1427 diuturnitate
448 1365 544 1447 fessi,
565 1363 743 1448 praemium
766 1363 946 1450 aliquando
964 1365 1113 1430 laborum
1138 1373 1307 1452 caperent.

51 1469 183 1535 ductor
197 1470 294 1555 hujus
308 1471 450 1536 instituti
470 1471 508 1535 L.
524 1471 633 1554 Sulla,
659 1492 756 1556 quem
780 1472 903 1537 deinde
916 1472 1025 1538 Julius
1041 1474 1174 1556 Caesar,
1189 1474 1307 1558 Augu-

53 1587 135 1661 stus,
164 1578 292 1663 aliique
316 1587 390 1643 sunt
411 1580 540 1645 imitati.
561 1580 615 1644 De
640 1565 780 1643 coloniis
799 1579 994 1645 militaribus
1017 1605 1035 1646 a
1057 1581 1150 1646 Sulla
1167 1589 1201 1644 et
1221 1578 1308 1645 (laess

55 1709 124 1750 sare
147 1687 302 1751 deductis
324 1695 463 1752 testatur
484 1688 627 1772 Appian.
647 1689 686 1750 de
711 1690 796 1750 bellis
820 1691 897 1752 aiod.
920 1690 963 1752 II.
978 1689 1048 1752 119.
1065 1711 1110 1772 sq.
1132 1691 1216 1772 Epic
1238 1689 1307 1752 Lia.

58 1796 240 1857 LXXXIX.
259 1795 301 1858 de
318 1794 391 1859 aliis
407 1795 449 1859 ab
470 1793 623 1880 Augusto
642 1795 744 1859 missis
757 1796 912 1880 Hyginus
930 1799 968 1859 de
986 1799 1172 1860 Gastramet.
1186 1805 1231 1878 et,
1249 1797 1306 1880 qni

56 1902 107 1964 hic
128 1902 431 1988 intelligentissime
456 1903 564 1967 omnia
586 1912 786 1988 exsequutus
809 1913 875 1987 est,
896 1904 1010 1988 Sigon.
1032 1905 1072 1967 de
1085 1907 1212 1985 antiquo
1226 1907 1306 1986 jure

55 2013 122 2073 Ital.
133 2013 196 2072 III.
206 2011 238 2072 4.
251 2033 283 2094 p.
293 2010 366 2073 776.
376 2033 419 2092 sq.
436 2011 591 2075 Ceterum
602 2010 637 2074 in
652 2011 813 2097 ejusmodi
824 2012 971 2076 colonias
985 2012 1138 2096 integrae
1151 2011 1304 2095 legiones

55 2141 121 2182 cum
141 2118 402 2190 Centurionibus
419 2141 457 2182 aa
476 2117 632 2182 Tribunis
648 2119 712 2182 suis
728 2119 987 2183 deducebantur.
1009 2119 1176 2204 Hyginus:
1192 2119 1305 2180 Multis

53 2229 226 2310 legionibus
249 2231 376 2308 contigit
394 2227 504 2288 bellum
521 2227 661 2305 feliciter
682 2231 875 2308 transigere,
899 2237 931 2288 et
951 2229 995 2288 ad
1012 2229 1195 2289 laboriosam
1216 2231 1305 2308 agri-

52 2339 202 2396 culturae
222 2339 356 2415 requiem
370 2339 473 2416 primo
493 2336 629 2396 tirocinii
638 2335 745 2414 gradu
763 2337 937 2416 pervem're.
964 2335 1049 2394 Num
1064 2355 1134 2394 cum
1155 2337 1254 2414 signis
1275 2343 1306 2394 et

52 2444 167 2523 aquila
182 2451 214 2503 et
228 2445 337 2523 prims's
356 2443 516 2504 ordinibus
534 2461 572 2503 ac
590 2441 734 2502 ilibunis
754 2441 997 2502 deducebantur.
1025 2439 1093 2502 Sed
1111 2442 1153 2502 ab
1175 2459 1235 2502 usu
1252 2459 1306 2500 re-

55 2549 152 2611 cessit
169 2548 223 2611 hic
237 2571 305 2612 mos
323 2557 474 2633 tempore
489 2549 644 2628 Neronis,
661 2547 704 2610 de
721 2568 787 2631 quo
803 2545 910 2611 Tacit.
927 2549 1044 2611 Annal.
1061 2545 1151 2609 XIV.
1166 2543 1217 2608 27.
1231 2545 1305 2608 Nan

56 2661 141 2730 enim,
158 2665 198 2718 ut
214 2659 294 2731 olim,
312 2663 476 2720 anabusne
493 2659 629 2738 legiones
645 2655 881 2716 deducebantur
894 2675 965 2717 oum
984 2653 1128 2718 lbrbunis
1141 2664 1174 2718 at
1190 2655 1305 2718 Centu-

60 2767 206 2848 rioaibus,
222 2774 255 2827 et
268 2767 483 2846 unicujusque
496 2765 615 2826 arcisisis
628 2761 790 2835 militibus,
807 2771 842 2823 ut
857 2783 1011 2825 consensu
1029 2771 1060 2825 et
1075 2768 1208 2825 caritate
1226 2783 1305 2825 rem·

54 2875 204 2952 publicam
219 2873 379 2954 efficerent
384 2894 395 2943 ,·
409 2871 467 2932 sed
483 2873 584 2952 ignoti
594 2873 676 2931 mter
690 2889 733 2942 se,
756 2870 886 2930 diversis
901 2871 1077 2951 manipulis,
1096 2875 1164 2933 sine
1177 2881 1306 2949 rectore,

57 2982 120 3041 siae
133 2980 309 3058 adfectibus
324 2982 450 3050 mutuis,
464 2980 559 3058 quasi
572 2997 609 3038 ex
623 2979 683 3037 aiio
696 2996 814 3056 genere
825 2978 1002 3038 mortalium
1018 2987 1146 3058 repente
1158 2981 1192 3043 in
1206 2999 1305 3042 unum

60 3089 185 3160 collecti,
204 3105 356 3148 numeras
370 3087 486 3165 magis,
504 3104 598 3165 quam
610 3084 739 3148 colonia.

617 3263 647 3344 s.
668 3261 740 3328 rar.

505 3376 667 3448 Respublica
684 3377 855 3432 coloniarum.

133 3497 193 3561 Ad
214 3493 451 3578 rempublicam
473 3493 677 3557 coloniarum
704 3494 794 3579 quod
821 3494 958 3576 attinet,
980 3495 1015 3557 in
1038 3515 1080 3556 eo
1102 3491 1304 3576 potissimum

57 3605 138 3669 inter
160 3605 312 3668 colonias
328 3609 362 3664 et
382 3601 560 3686 municipia
576 3610 647 3666 erat
668 3602 862 3684 discrimen,
885 3602 975 3686 quod
990 3601 1073 3665 haec
1096 3601 1160 3664 suis
1175 3599 1306 3684 legibus
1397 3581 1402 3592 ⁸

57 3721 150 3798 atque
173 3711 345 3786 institutis;
366 3710 446 3774 illae
469 3710 548 3774 dato
571 3710 769 3800 aRomanis,
778 3712 854 3795 jure
877 3710 1072 3774 utebantur:
1094 3707 1183 3772 Gell.
1201 3708 1307 3772 Nun.

59 3824 148 3883 Attio.
157 3820 197 3881 X
198 3820 251 3881 VI.
259 3818 310 3882 13.
332 3818 531 3881 Coloniarum
549 3818 613 3881 aliu
625 3820 818 3882 necessitudo
837 3824 884 3881 asl
901 3821 1014 3902 (quam
1026 3815 1308 3900 municipiorum),

59 3947 116 3988 nan
133 3931 218 3990 enim
235 3930 366 3988 consuat
379 3930 575 3988 eatrr'rneous
591 3931 626 3988 in
643 3929 807 4002 orbitatem,
826 3947 884 3988 nea
898 3929 964 3986 sub
982 3925 1138 3986 radicibus
1151 3928 1307 3996 adeatur,

60 4037 113 4096 scd
125 4058 165 4098 eu
184 4036 312 4097 ciuitate
328 4037 421 4114 quasi
431 4016 631 4116 propagatae
650 4043 742 4106 ssent,
762 4044 795 4096 et
807 4036 888 4116 juro
905 4035 1111 4111 institutaque
1130 4034 1233 4092 omnia
1250 4049 1308 4110 po-

53 4146 122 4221 puli
135 4144 287 4211 Romani,
301 4147 371 4202 'non
387 4143 442 4202 sui
461 4143 594 4214 arbitrii,
609 4141 732 4203 babent.
758 4141 803 4204 lis
824 4161 904 4225 ergo
926 4138 1057 4222 legibus
1072 4136 1230 4200 vivebant
1251 4156 1308 4198 co·
1370 4165 1377 4188 ι

57 4245 134 4331 loni,
152 4269 236 4333 quas
257 4245 421 4310 dederant
434 4246 589 4328 Romani,
610 4247 693 4310 etin
708 4248 821 4330 primis
837 4245 1039 4325 Decemviri,
1055 4242 1110 4308 vel
1129 4242 1307 4306 Triumviri

58 4356 261 4419 coloniarum
291 4354 566 4419 deducendarum.
597 4354 710 4434 Quare
733 4356 851 4419 merito
874 4353 961 4438 apud
986 4352 1137 4416 eumdem
1160 4350 1308 4416 Gellium

57 4465 192 4528 miratur
206 4462 396 4526 Hadrianus
419 4462 621 4546 Imperator,
647 4461 737 4548 quod
758 4462 966 4544 Italicenses,
989 4469 1024 4524 et
1044 4459 1206 4547 quaedam
1228 4459 1307 4521 item

59 4570 121 4636 alia
137 4570 319 4655 municipia
339 4570 493 4654 antiqua,
509 4589 607 4655 quum
632 4569 697 4636 suis
720 4572 864 4635 moribus
879 4570 1077 4655 legibusque
1099 4566 1147 4632 uti
1161 4575 1307 4652 possent,
