3056 5154
344 431 347 438 ,
449 351 455 368 Ι
496 384 558 458 ,Du
583 385 808 456 Amerinus.
1209 397 1281 464 655

18 561 227 628 Transactio
241 557 325 625 haec
346 577 390 624 ex
411 559 545 646 legibus
557 555 679 626 ¹Atticis
695 561 882 644 descendit,
898 569 935 628 ut
955 562 1095 648 adparet
1109 586 1152 629 ex
1166 566 1282 632 Petito

17 673 128 754 segg..
144 673 240 736 Attio.
249 691 284 752 p·
300 665 373 734 339·
464 727 468 734 .

604 777 633 858 S.
655 777 707 842 19.

444 889 565 946 Aedonia
583 893 661 946 editio
679 902 706 946 et
716 893 868 963 postulatio.

112 989 243 1070 Qttodsi
258 1011 321 1056 nec
342 989 491 1056 vindices
514 991 601 1076 dati,
616 1015 679 1058 neo
695 993 737 1058 de
757 993 819 1057 lite
840 993 875 1058 in
890 994 945 1058 via
960 1002 1048 1058 esset
1068 1001 1284 1061 transactum

20 1101 56 1162 in
75 1100 135 1184 jus
152 1097 258 1161 veniri
273 1097 420 1180 solebat,
435 1100 492 1164 ubi
513 1110 616 1183 actor,
632 1101 809 1186 impetrata
823 1100 984 1186 loquendi
999 1109 1186 1186 potestate,
1201 1123 1285 1168 snu-

20 1225 94 1270 ω
112 1222 299 1288 sessorum,
321 1206 357 1270 id
374 1215 434 1288 est,
450 1204 631 1290 indicabat,
647 1231 712 1294 qua
728 1209 858 1273 demum
875 1209 1006 1274 actione
1022 1209 1177 1276 adversus
1192 1233 1282 1276 reum
1372 1193 1378 1205 ’

21 1428 119 1466 sorem
137 1427 159 1463 s.
178 1426 347 1478 sponsorem.
369 1409 522 1478 (Zimmern
540 1411 557 1464 l.
576 1411 593 1466 l.
611 1427 639 1480 p.
658 1411 732 1478 341.)
761 1414 893 1476 Alterum,
912 1411 986 1480 quod
1005 1412 1078 1477 apud
1096 1410 1285 1479 magistratum

22 1514 45 1550 s.
75 1497 106 1549 in
128 1497 192 1564 jure
217 1496 431 1548 constituebatur
438 1514 446 1557 ;
469 1497 489 1564 ξ.
508 1499 550 1550 29.
583 1497 645 1559 Quo
670 1494 810 1547 reserenda
828 1495 962 1554 videntur,
988 1513 1057 1563 quae
1086 1497 1159 1561 apud
1185 1497 1285 1565 Gajnm

25 1583 94 1650 (IV.
112 1583 134 1648 l.
154 1585 211 1633 184.
229 1581 273 1648 h.)
293 1581 419 1647 leguntur
443 1579 486 1632 bis
504 1579 607 1632 verbis:
634 1579 727 1644 „Quis
745 1583 836 1632 autem
858 1580 887 1632 in
902 1580 950 1647 jus
968 1585 1080 1633 vocatus
1099 1580 1192 1645 luerit,
1206 1610 1238 1620 -
1256 1583 1285 1637 ni

23 1683 59 1720 eo
77 1666 124 1719 die
138 1665 257 1720 inirem
271 1665 420 1732 negotium,
437 1665 623 1720 testimonium
641 1665 666 1718 ei
683 1665 838 1718 laciendum
856 1671 906 1732 est,
924 1666 954 1718 id
973 1671 1023 1730 est,
1041 1672 1072 1718 ut
1087 1665 1237 1732 promittat,
1255 1683 1286 1720 se

23 1757 103 1806 certo
121 1751 167 1806 die
185 1749 254 1806 sisti.
279 1751 362 1804 Fiunt
386 1755 478 1802 autem
496 1749 650 1804 vadimonia
668 1750 831 1818 quibusdam
849 1750 877 1802 iu
895 1750 986 1804 causis
1004 1766 1088 1816 pura,
1105 1751 1135 1804 id
1154 1758 1208 1818 est,
1227 1753 1286 1806 sine

24 1836 225 1900 satisdatione,
243 1834 407 1906 quibusdam
421 1833 612 1902 jurejurando,
631 1833 795 1903 quibusdam
812 1836 1047 1902 recuperatoribus
1066 1837 1231 1903 suppositis,
1257 1839 1286 1892 id

25 1928 86 1987 est,
104 1926 137 1973 ut
161 1920 210 1989 qui
225 1936 282 1973 non
301 1919 419 1985 steterit,
442 1918 465 1971 is
488 1919 613 1984 protinus
631 1933 647 1970 a
665 1919 900 1985 recuperatoribus
924 1921 952 1972 in
979 1937 1114 1974 summam
1137 1923 1286 1976 vadimonii

25 2008 237 2069 condemnatum
256 2019 343 2073 eaque
367 2005 474 2070 singula
491 2005 636 2070 diligenter
653 2003 793 2056 Praetoris
816 2005 905 2058 edicto
920 2004 1132 2072 rignincmtnrs’
1151 2035 1185 2046 -
1205 2007 1286 2060 Unde

28 2097 155 2158 apparet,
170 2090 326 2144 vadimonia
342 2091 410 2142 lianc
426 2095 486 2142 tum
503 2104 556 2142 usu
575 2088 691 2153 venisse,
705 2102 791 2158 quum
807 2103 863 2142 non
875 2095 983 2144 vacaret
999 2091 1170 2158 magistratui
1184 2109 1286 2159 cogno·

28 2193 111 2230 scere
129 2175 266 2228 decausis
290 2173 343 2226 sibi
365 2173 514 2238 propositis
542 2174 666 2240 adeoque
692 2173 915 2238 procrastinanda
941 2181 1014 2227 esset
1036 2176 1199 2242 cognitionis
1219 2178 1285 2230 dies.

27 2260 182 2329 Utriusque
198 2266 289 2312 autem
307 2256 459 2312 vadimonii
478 2256 580 2310 deserti
603 2273 699 2320 causa,
717 2257 736 2308 i.
755 2275 778 2308 e.
796 2257 928 2326 sineque
946 2264 1107 2323 potestatem
1126 2263 1169 2314 sui
1187 2264 1287 2314 laceret

28 2363 104 2412 reus,
122 2363 210 2414 neque
227 2343 427 2408 defenderetur,
444 2342 602 2396 missionem
620 2342 649 2395 in
668 2341 741 2393 bona
758 2340 902 2408 impetrare
920 2347 1027 2407 poterat
1044 2349 1119 2396 actor
1139 2347 1186 2412 (Ι.
1204 2351 1229 2396 2.
1241 2365 1286 2414 pr.

28 2434 66 2486 D.
92 2433 162 2501 quit.
180 2447 213 2482 eu
230 2446 315 2483 sauss.
342 2429 370 2480 iu
388 2429 579 2498 possessiouem
598 2428 710 2494 ectum).
740 2429 782 2480 st
798 2425 1020 2494 antiquissimum
1043 2427 1112 2481 illud
1138 2430 1287 2484 vadimonii

28 2533 134 2586 genus,
152 2516 228 2585 qnod
249 2512 349 2580 judicii
366 2512 481 2568 sistendi
498 2528 583 2566 causa
602 2513 696 2578 fiebat,
714 2527 781 2567 mox
799 2511 828 2566 iu
845 2512 1051 2566 desuetudinem
1069 2514 1150 2578 abiit;
1169 2517 1244 2584 quod
1263 2516 1287 2569 si

29 2602 104 2656 enim
121 2601 170 2654 lite
186 2605 337 2654 contestata
359 2616 422 2653 reus
440 2615 495 2652 non
522 2599 631 2652 adesset
648 2599 692 2652 die
713 2599 839 2652 condicto
864 2597 939 2664 apud
960 2598 1100 2665 judicem,
1124 2617 1214 2669 neque
1240 2606 1288 2655 aut

30 2687 128 2740 edictis
155 2691 203 2738 aut
230 2683 479 2738 denuntiationibus
503 2682 659 2738 admonitus
685 2687 868 2751 compareret:
892 2683 920 2736 in
945 2688 1131 2738 contumacem
1154 2669 1306 2740 sententia¹

30 2771 97 2826 terri
120 2774 228 2837 poterat
252 2771 300 2838 (ct.
322 2772 422 2824 Ascon.
440 2767 553 2822 Pedias.
571 2770 697 2821 iu'Verr.
717 2770 738 2822 Ι.
757 2773 788 2831 9,
802 2767 883 2822 Pauli
901 2786 954 2820 rac.
971 2777 1036 2822 seut.
1055 2771 1090 2824 V.
1109 2772 1142 2822 Τ.
1160 2772 1200 2824 Χ.
1218 2775 1244 2824 5.
1262 2789 1287 2826 a.

30 2862 52 2928 t.
71 2862 98 2911 7.
113 2858 147 2908 L.
164 2860 189 2910 2.
207 2859 232 2908 8.
250 2859 276 2908 9.
298 2853 327 2908 0.
352 2853 479 2924 quomodo
503 2862 529 2906 et
551 2854 657 2922 quaudo
672 2854 788 2922 judex).
814 2855 897 2916 Post,
923 2870 1008 2920 qnam
1027 2853 1196 2920 judiciorum
1218 2857 1287 2910 ordo

30 2947 181 2997 evanuerat
203 2946 231 2992 et
256 2939 285 2994 in
305 2940 354 3008 jus
373 2937 531 2992 vocationes
547 2936 651 3005 judicis
673 2938 756 3004 jussu
778 2953 827 3002 per
849 2935 938 2990 litium
956 2947 1154 3008 exsequutores
1179 2942 1287 3007 fiebant,

31 3029 107 3082 stetit
125 3033 215 3080 tamen
238 3040 314 3090 mes,
332 3031 364 3078 ut
380 3041 398 3078 a
414 3024 468 3078 reis
486 3024 537 3078 rite
554 3023 670 3090 pulsatis
693 3023 826 3076 cautiones
848 3025 876 3074 tu
893 3023 999 3091 judicio
1023 3026 1131 3080 uitandi
1152 3045 1246 3088 ceusu,
1264 3042 1287 3082 s.

21 3113 130 3184 judicic
148 3113 204 3164 sisti
227 3111 438 3176 interponendae
456 3115 559 3172 essent;
578 3111 630 3162 hoc
653 3106 726 3160 euim
743 3122 842 3160 nomen
860 3122 893 3160 ea
909 3115 997 3162 aetate
1015 3111 1228 3178 frequentatum,
1245 3112 1288 3166 id·
1334 3143 1339 3156 ι

32 3217 88 3268 que
111 3197 185 3266 juris
202 3194 366 3250 Justinianei
391 3197 587 3262 compositores
606 3209 657 3261 pro
675 3192 759 3246 veteri
785 3191 833 3246 illo
851 3192 1068 3248 vadimoniorum
1090 3202 1287 3261 reposueruntr

34 3283 107 3353 (vid.
120 3283 141 3350 l.
152 3286 194 3336 20.
206 3287 262 3335 not.
278 3283 320 3350 k.)
331 3309 362 3322 -
373 3281 526 3346 Caeterum,
544 3296 627 3348 quam
645 3279 737 3334 variae
754 3279 809 3332 siut
827 3278 870 3332 his
889 3278 923 3330 de
940 3280 1022 3332 rebus
1040 3280 1183 3335 doctorum
1200 3282 1288 3336 homi-

32 3387 102 3424 num
121 3367 283 3430 sententiae,
302 3365 380 3420 laeile
403 3365 492 3434 quivis
515 3364 660 3432 intelliget,
679 3365 727 3433 qui
750 3361 929 3432 paucissimos
954 3365 1004 3416 hos
1023 3364 1166 3430 evolverit,
1185 3381 1255 3432 qnos
1273 3383 1289 3417 e

32 3469 136 3522 magna
152 3453 316 3519 scriptorum
335 3450 416 3519 copia
432 3468 504 3504 nuuc
522 3452 657 3504 adieram:
675 3452 744 3502 Bav.
757 3449 885 3502 Voordae
901 3449 971 3500 Disr.
990 3450 1021 3500 de
1038 3450 1185 3502 vadimonio
1200 3452 1288 3519 (Traj.

33 3543 71 3596 ad
89 3542 144 3596 Rb.
164 3544 239 3594 1751.
255 3543 281 3590 4.
301 3543 329 3590 et
345 3537 375 3589 in
392 3537 570 3604 Fellenbergii
587 3535 786 3604 Jurisprudeut.
805 3534 912 3603 antiqua
923 3535 972 3586 Nr.
985 3535 1037 3588 Xl.
1056 3536 1134 3588 Tem.
1149 3537 1199 3604 11.)
1220 3538 1286 3604 Cap.

33 3629 72 3682 Π.
90 3625 141 3678 lv,
159 3623 194 3678 V.
214 3623 245 3679 O.
262 3624 292 3678 F.
311 3623 401 3676 Gldck
419 3621 448 3674 in
470 3639 573 3690 optasse.
590 3637 618 3687 p.
636 3624 794 3674 337—367.
812 3621 834 3688 ᾗ.
853 3623 979 3674 13-16.
996 3621 1026 3672 F.
1046 3620 1084 3672 X.
1103 3622 1207 3688 Zeuger
1223 3621 1289 3676 tiber

34 3714 85 3766 das
111 3710 290 3764 Vadimonium
314 3709 363 3760 der
380 3707 483 3760 Rb'mer
509 3707 642 3774 (Landsb.
664 3709 739 3759 1826.
757 3706 797 3770 8.)
817 3705 839 3770 l.
856 3709 964 3758 5—10.
982 3705 1003 3772 ξ.
1019 3710 1062 3758 21.
1081 3709 1123 3760 22.
1148 3708 1168 3774 ξ.
1186 3712 1228 3762 31.
1246 3714 1289 3762 32.

35 3799 59 3865 §.
71 3800 117 3850 35.
130 3795 163 3847 F.
175 3794 206 3848 C.
219 3794 252 3848 G.
264 3793 369 3848 Stieber
382 3793 413 3846 de
426 3790 553 3845 bonorum
571 3794 680 3844 emtione
699 3792 772 3860 apud
788 3798 889 3842 ueteres
904 3791 1039 3844 Romanos
1054 3790 1143 3858 (Lips.
1162 3798 1237 3847 1821.
1247 3795 1287 3862 8.)

35 3884 58 3950 a
78 3887 120 3934 11.
140 3884 181 3937 ia
197 3881 218 3947 §-
234 3883 347 3933 ca-aa
365 3877 505 3931 zimmem
521 3877 538 3928 t
557 3877 575 3928 ι.
592 3878 613 3944 s.
633 3881 691 3930 112.
706 3878 727 3945 s.
747 3877 999 3943 1144128136.
1017 3877 1037 3944 t.
1058 3881 1115 3930 145.
1132 3893 1158 3942 ρ.
1176 3883 1236 3932 440.
1248 3894 1289 3946 sq.

36 3968 167 4031 Hollueg
188 3961 466 4032 Gerielttsuersnsauuq
485 3966 535 4013 etc.
552 3962 573 4028 t.
588 3966 630 4014 21.
648 3978 675 4027 p.
687 3966 746 4017 253.
759 3967 785 4014 et
803 3963 823 4029 t.
838 3965 880 4014 22.
893 3964 989 4026 [8256.
1004 3975 1045 4030 sq.
1060 3961 1123 4028 (Νι.
1135 3962 1185 4029 3.).
1201 3963 1288 4016 Miibl.

110 4052 139 4118 f)
158 4051 197 4104 Et
212 4050 275 4104 binc
292 4051 381 4102 lucem
395 4046 510 4114 capiunt
527 4046 574 4100 illa
591 4046 743 4102 servatoris
762 4046 843 4098 verba
860 4045 986 4115 anuqat.
1004 4046 1104 4099 Matth.
1122 4064 1144 4098 c.
1162 4051 1187 4100 ta
1210 4065 1234 4100 ν.
1247 4051 1289 4100 25.

30 4133 108 4190 'luet
126 4130 224 4186 ω’νοών
243 4131 279 4202 τῷ
297 4127 419 4200 ἀντιδίκῳ
437 4145 488 4184 σου
508 4131 588 4196 ταχύ,
606 4133 657 4190 ἕως
677 4125 741 4182 ὅτου
760 4127 784 4180 el
799 4130 828 4184 ἐν
842 4131 872 4200 τῇ
891 4127 944 4201 o'dqi
961 4131 1016 4193 μετ’
1035 4126 1128 4182 αὐτοῦ·
1144 4130 1249 4197 μήποτέ
1261 4145 1291 4184 σε

36 4218 155 4289 παραδῷ
173 4213 189 4270 d
208 4215 342 4278 ἀντίδικος
361 4216 396 4288 τῷ
413 4220 499 4286 κριτῇ,
516 4219 563 4268 καὶ
582 4214 597 4267 ὁ
614 4215 703 4282 κριτής
723 4229 751 4266 σε
764 4217 878 4286 παραδῷ
898 4215 931 4286 rqi
950 4205 1073 4282 ὑπηρέτῃ,
1088 4216 1134 4264 καὶ
1152 4211 1189 4274 εἰς
1202 4216 1291 4280 pata-

37 4307 87 4374 κήν
105 4303 247 4372 βληθήσῃ.
278 4304 345 4358 Cede
364 4304 556 4375 quamprimum
575 4299 727 4356 aduersario
745 4309 798 4362 tuo,
813 4303 917 4369 quuudo
935 4320 994 4354 eum
1011 4301 1056 4354 illo
1074 4302 1101 4353 iu
1109 4301 1159 4370 jur
1177 4299 1240 4362 nbis,
1257 4319 1290 4354 aa

28 4395 112 4462 forta
136 4390 305 4444 aduersarius
329 4397 353 4442 te
371 4388 475 4458 judici,
493 4390 535 4445 lu'e
559 4388 678 4440 ministro
696 4387 799 4446 tradat,
817 4387 933 4453 adaequa
956 4389 984 4439 iu
1008 4387 1110 4442 utriculo
1135 4387 1291 4457 conjicias-ir.

39 4480 83 4530 cf.
102 4475 231 4545 Euangel.
248 4476 340 4528 Lucae
358 4493 383 4528 e.
400 4478 440 4528 12.
458 4493 481 4527 u.
498 4479 541 4528 58.
559 4475 600 4528 Ea
618 4488 684 4524 saue
700 4470 781 4538 pauci
796 4475 867 4522 recte
884 4467 1043 4537 intelligunt,
1056 4489 1140 4542 quum
1155 4491 1170 4524 c
1188 4471 1292 4539 legibus

38 4564 83 4616 his
96 4563 158 4616 ΧΠ
169 4561 344 4625 Tabularum,
357 4565 384 4612 et
401 4577 436 4612 ex
448 4558 654 4629 antiquitatibus
663 4555 795 4610 Romanis
810 4553 942 4621 insignem
962 4557 1049 4608 lucem
1060 4559 1200 4626 accipiant
1213 4560 1293 4614 Helu.
