<?xml version="1.0" encoding="UTF-8"?>
<!DOCTYPE html PUBLIC "-//W3C//DTD XHTML 1.0 Transitional//EN"
    "http://www.w3.org/TR/xhtml1/DTD/xhtml1-transitional.dtd">
<html xmlns="http://www.w3.org/1999/xhtml" xml:lang="en" lang="en">
 <head>
  <title>
</title>
<meta http-equiv="Content-Type" content="text/html;charset=utf-8" />
  <meta name='ocr-system' content='tesseract 3.04.00' />
  <meta name='ocr-capabilities' content='ocr_page ocr_carea ocr_par ocr_line ocrx_word'/>
</head>
<body>
  <div class='ocr_page' id='page_1' title='image "./jogottliebheine00haubgoog_0396.png"; bbox 0 0 3040 5164; ppageno 0'>
   <div class='ocr_carea' id='block_1_1' title="bbox 282 363 1311 452">
    <p class='ocr_par' dir='ltr' id='par_1_1' title="bbox 282 363 1311 452">
     <span class='ocr_line' id='line_1_1' title="bbox 282 363 1311 452; baseline 0.014 -20"><span class='ocrx_word' id='word_1_1' title='bbox 282 364 336 432; x_wconf 82' lang='lat' dir='ltr'><strong>Do</strong></span> <span class='ocrx_word' id='word_1_2' title='bbox 363 365 452 431; x_wconf 74' lang='lat' dir='ltr'><strong>lton,</strong></span> <span class='ocrx_word' id='word_1_3' title='bbox 477 363 585 431; x_wconf 72' lang='lat' dir='ltr'><strong>Dura.</strong></span> <span class='ocrx_word' id='word_1_4' title='bbox 612 365 666 432; x_wconf 85' lang='lat' dir='ltr'><strong>Er</strong></span> <span class='ocrx_word' id='word_1_5' title='bbox 691 366 838 452; x_wconf 67' lang='lat' dir='ltr'><strong>Anemo.</strong></span> <span class='ocrx_word' id='word_1_6' title='bbox 866 367 979 436; x_wconf 70' lang='lat' dir='ltr'><strong>lesan.</strong></span> <span class='ocrx_word' id='word_1_7' title='bbox 1004 369 1095 438; x_wconf 86' lang='lat' dir='ltr'><strong>Don.</strong></span> <span class='ocrx_word' id='word_1_8' title='bbox 1239 377 1311 446; x_wconf 78' lang='lat'><strong>355</strong></span> 
     </span>
    </p>
   </div>
   <div class='ocr_carea' id='block_1_2' title="bbox 13 539 1312 1491">
    <p class='ocr_par' dir='ltr' id='par_1_2' title="bbox 13 539 1312 1491">
     <span class='ocr_line' id='line_1_2' title="bbox 639 539 739 622; baseline 0 -19"><span class='ocrx_word' id='word_1_9' title='bbox 639 541 669 622; x_wconf 68' lang='lat'><strong>5.</strong></span> <span class='ocrx_word' id='word_1_10' title='bbox 688 539 739 604; x_wconf 81' lang='lat'><strong>21.</strong></span> 
     </span>
     <span class='ocr_line' id='line_1_3' title="bbox 450 657 923 728; baseline 0.013 -21"><span class='ocrx_word' id='word_1_11' title='bbox 450 657 527 708; x_wconf 82' lang='lat' dir='ltr'><strong>Medi</strong></span> <span class='ocrx_word' id='word_1_12' title='bbox 543 657 701 726; x_wconf 79' lang='lat' dir='ltr'><strong>adquirendi</strong></span> <span class='ocrx_word' id='word_1_13' title='bbox 708 659 784 728; x_wconf 80' lang='lat' dir='ltr'><strong>juria</strong></span> <span class='ocrx_word' id='word_1_14' title='bbox 799 661 923 728; x_wconf 70' lang='lat' dir='ltr'><strong>pannon.</strong></span> 
     </span>
     <span class='ocr_line' id='line_1_4' title="bbox 127 755 1310 848; baseline 0.009 -29"><span class='ocrx_word' id='word_1_15' title='bbox 127 756 428 834; x_wconf 83' lang='lat' dir='ltr'><strong>Quemadmodum</strong></span> <span class='ocrx_word' id='word_1_16' title='bbox 452 779 531 821; x_wconf 89' lang='lat' dir='ltr'><strong>vero</strong></span> <span class='ocrx_word' id='word_1_17' title='bbox 553 759 752 844; x_wconf 84' lang='lat' dir='ltr'><strong>mancipatio</strong></span> <span class='ocrx_word' id='word_1_18' title='bbox 779 763 914 845; x_wconf 87' lang='lat' dir='ltr'><strong>propria</strong></span> <span class='ocrx_word' id='word_1_19' title='bbox 937 755 1043 826; x_wconf 84' lang='lat' dir='ltr'><strong>rerum</strong></span> <span class='ocrx_word' id='word_1_20' title='bbox 1065 764 1207 848; x_wconf 82' lang='lat' dir='ltr'><strong>mancipi</strong></span> <span class='ocrx_word' id='word_1_21' title='bbox 1226 775 1310 830; x_wconf 85' lang='lat' dir='ltr'><strong>erat:</strong></span> 
     </span>
     <span class='ocr_line' id='line_1_5' title="bbox 13 864 1310 957; baseline 0.009 -31"><span class='ocrx_word' id='word_1_22' title='bbox 13 895 18 904; x_wconf 80' lang='lat'><em>,</em></span> <span class='ocrx_word' id='word_1_23' title='bbox 40 864 86 928; x_wconf 86' lang='lat' dir='ltr'><strong>ita</strong></span> <span class='ocrx_word' id='word_1_24' title='bbox 103 871 142 926; x_wconf 92' lang='lat' dir='ltr'><strong>et</strong></span> <span class='ocrx_word' id='word_1_25' title='bbox 169 864 238 927; x_wconf 88' lang='lat' dir='ltr'><strong>alii</strong></span> <span class='ocrx_word' id='word_1_26' title='bbox 260 874 355 930; x_wconf 84' lang='lat' dir='ltr'><strong>eraut</strong></span> <span class='ocrx_word' id='word_1_27' title='bbox 371 865 569 950; x_wconf 88' lang='lat' dir='ltr'><strong>adquirendi</strong></span> <span class='ocrx_word' id='word_1_28' title='bbox 584 867 690 949; x_wconf 89' lang='lat' dir='ltr'><strong>modi,</strong></span> <span class='ocrx_word' id='word_1_29' title='bbox 707 889 845 954; x_wconf 90' lang='lat' dir='ltr'><strong>quorum</strong></span> <span class='ocrx_word' id='word_1_30' title='bbox 859 869 992 954; x_wconf 90' lang='lat' dir='ltr'><strong>quidam</strong></span> <span class='ocrx_word' id='word_1_31' title='bbox 1011 891 1030 932; x_wconf 91' lang='lat' dir='ltr'><strong>e</strong></span> <span class='ocrx_word' id='word_1_32' title='bbox 1044 887 1128 936; x_wconf 75' lang='lat' dir='ltr'><strong>sunu</strong></span> <span class='ocrx_word' id='word_1_33' title='bbox 1145 889 1310 957; x_wconf 71' lang='lat' dir='ltr'><strong>curruum,</strong></span> 
     </span>
     <span class='ocr_line' id='line_1_6' title="bbox 41 971 1311 1062; baseline 0.009 -29"><span class='ocrx_word' id='word_1_34' title='bbox 41 971 185 1055; x_wconf 85' lang='lat' dir='ltr'><strong>quidam</strong></span> <span class='ocrx_word' id='word_1_35' title='bbox 208 994 230 1035; x_wconf 96' lang='lat' dir='ltr'><strong>e</strong></span> <span class='ocrx_word' id='word_1_36' title='bbox 245 991 329 1037; x_wconf 75' lang='lat' dir='ltr'><strong>sunu</strong></span> <span class='ocrx_word' id='word_1_37' title='bbox 341 992 443 1038; x_wconf 80' lang='lat' dir='ltr'><strong>orvrrn</strong></span> <span class='ocrx_word' id='word_1_38' title='bbox 458 975 715 1040; x_wconf 81' lang='lat' dir='ltr'><strong>descendebant.</strong></span> <span class='ocrx_word' id='word_1_39' title='bbox 737 976 794 1040; x_wconf 87' lang='lat' dir='ltr'><strong>Ad</strong></span> <span class='ocrx_word' id='word_1_40' title='bbox 807 977 895 1062; x_wconf 86' lang='lat' dir='ltr'><strong>prius</strong></span> <span class='ocrx_word' id='word_1_41' title='bbox 911 997 1013 1058; x_wconf 83' lang='lat' dir='ltr'><strong>genus</strong></span> <span class='ocrx_word' id='word_1_42' title='bbox 1029 979 1197 1062; x_wconf 84' lang='lat' dir='ltr'><strong>pertinent</strong></span> <span class='ocrx_word' id='word_1_43' title='bbox 1209 998 1311 1044; x_wconf 79' lang='lat' dir='ltr'><strong>occu-</strong></span> 
     </span>
     <span class='ocr_line' id='line_1_7' title="bbox 41 1084 1312 1171; baseline 0.007 -30"><span class='ocrx_word' id='word_1_44' title='bbox 41 1097 160 1158; x_wconf 71' lang='lat' dir='ltr'><strong>rram,</strong></span> <span class='ocrx_word' id='word_1_45' title='bbox 184 1097 366 1162; x_wconf 77' lang='lat' dir='ltr'><strong>Ancnssro,</strong></span> <span class='ocrx_word' id='word_1_46' title='bbox 390 1099 565 1164; x_wconf 79' lang='lat' dir='ltr'><strong>rnnmrro,</strong></span> <span class='ocrx_word' id='word_1_47' title='bbox 585 1084 627 1146; x_wconf 89' lang='lat' dir='ltr'><strong>da</strong></span> <span class='ocrx_word' id='word_1_48' title='bbox 654 1085 771 1168; x_wconf 84' lang='lat' dir='ltr'><strong>quibus</strong></span> <span class='ocrx_word' id='word_1_49' title='bbox 794 1087 929 1169; x_wconf 87' lang='lat' dir='ltr'><strong>copiose</strong></span> <span class='ocrx_word' id='word_1_50' title='bbox 951 1085 1014 1148; x_wconf 91' lang='lat' dir='ltr'><strong>hoc</strong></span> <span class='ocrx_word' id='word_1_51' title='bbox 1034 1086 1132 1150; x_wconf 91' lang='lat' dir='ltr'><strong>titulo</strong></span> <span class='ocrx_word' id='word_1_52' title='bbox 1154 1087 1223 1171; x_wconf 87' lang='lat' dir='ltr'><strong>agit</strong></span> <span class='ocrx_word' id='word_1_53' title='bbox 1244 1088 1312 1150; x_wconf 88' lang='lat' dir='ltr'><strong>lm-</strong></span> 
     </span>
     <span class='ocr_line' id='line_1_8' title="bbox 42 1188 1312 1279; baseline 0.006 -29"><span class='ocrx_word' id='word_1_54' title='bbox 42 1196 197 1272; x_wconf 87' lang='lat' dir='ltr'><strong>perator.</strong></span> <span class='ocrx_word' id='word_1_55' title='bbox 223 1188 295 1251; x_wconf 88' lang='lat' dir='ltr'><strong>Nos</strong></span> <span class='ocrx_word' id='word_1_56' title='bbox 314 1189 348 1252; x_wconf 93' lang='lat' dir='ltr'><strong>id</strong></span> <span class='ocrx_word' id='word_1_57' title='bbox 364 1188 463 1252; x_wconf 91' lang='lat' dir='ltr'><strong>modo</strong></span> <span class='ocrx_word' id='word_1_58' title='bbox 478 1188 636 1272; x_wconf 83' lang='lat' dir='ltr'><strong>addimus,</strong></span> <span class='ocrx_word' id='word_1_59' title='bbox 654 1192 679 1253; x_wconf 81' lang='lat' dir='ltr'><strong>si</strong></span> <span class='ocrx_word' id='word_1_60' title='bbox 692 1192 758 1256; x_wconf 90' lang='lat' dir='ltr'><strong>duo</strong></span> <span class='ocrx_word' id='word_1_61' title='bbox 774 1213 842 1255; x_wconf 89' lang='lat' dir='ltr'><strong>rem</strong></span> <span class='ocrx_word' id='word_1_62' title='bbox 858 1195 1064 1275; x_wconf 85' lang='lat' dir='ltr'><strong>invenerant,</strong></span> <span class='ocrx_word' id='word_1_63' title='bbox 1077 1214 1213 1279; x_wconf 91' lang='lat' dir='ltr'><strong>quorum</strong></span> <span class='ocrx_word' id='word_1_64' title='bbox 1226 1193 1312 1258; x_wconf 90' lang='lat' dir='ltr'><strong>alter</strong></span> 
     </span>
     <span class='ocr_line' id='line_1_9' title="bbox 44 1295 1311 1382; baseline 0.005 -24"><span class='ocrx_word' id='word_1_65' title='bbox 44 1295 344 1380; x_wconf 83' lang='lat' dir='ltr'><strong>adprehenderat,</strong></span> <span class='ocrx_word' id='word_1_66' title='bbox 360 1296 445 1361; x_wconf 88' lang='lat' dir='ltr'><strong>alter</strong></span> <span class='ocrx_word' id='word_1_67' title='bbox 459 1319 530 1362; x_wconf 87' lang='lat' dir='ltr'><strong>eam</strong></span> <span class='ocrx_word' id='word_1_68' title='bbox 547 1298 753 1382; x_wconf 88' lang='lat' dir='ltr'><strong>adprehendi</strong></span> <span class='ocrx_word' id='word_1_69' title='bbox 768 1299 912 1382; x_wconf 90' lang='lat' dir='ltr'><strong>viderat,</strong></span> <span class='ocrx_word' id='word_1_70' title='bbox 933 1321 1137 1365; x_wconf 89' lang='lat' dir='ltr'><strong>communem</strong></span> <span class='ocrx_word' id='word_1_71' title='bbox 1154 1322 1226 1366; x_wconf 87' lang='lat' dir='ltr'><strong>eam</strong></span> <span class='ocrx_word' id='word_1_72' title='bbox 1242 1323 1311 1364; x_wconf 87' lang='lat' dir='ltr'><strong>rem</strong></span> 
     </span>
     <span class='ocr_line' id='line_1_10' title="bbox 44 1404 1312 1491; baseline 0.004 -24"><span class='ocrx_word' id='word_1_73' title='bbox 44 1407 230 1490; x_wconf 81' lang='lat' dir='ltr'><strong>utriusque</strong></span> <span class='ocrx_word' id='word_1_74' title='bbox 256 1426 327 1468; x_wconf 85' lang='lat' dir='ltr'><strong>esse</strong></span> <span class='ocrx_word' id='word_1_75' title='bbox 343 1404 454 1469; x_wconf 89' lang='lat' dir='ltr'><strong>visam.</strong></span> <span class='ocrx_word' id='word_1_76' title='bbox 477 1405 576 1470; x_wconf 88' lang='lat' dir='ltr'><strong>Unde</strong></span> <span class='ocrx_word' id='word_1_77' title='bbox 597 1406 764 1471; x_wconf 85' lang='lat' dir='ltr'><strong>sollemnis</strong></span> <span class='ocrx_word' id='word_1_78' title='bbox 787 1408 943 1472; x_wconf 86' lang='lat' dir='ltr'><strong>formula:</strong></span> <span class='ocrx_word' id='word_1_79' title='bbox 964 1415 1248 1491; x_wconf 73' lang='lat' dir='ltr'>1NO0MMUNB⁰)‚</span> <span class='ocrx_word' id='word_1_80' title='bbox 1269 1411 1312 1472; x_wconf 89' lang='lat' dir='ltr'><strong>si-</strong></span> 
     </span>
    </p>
   </div>
   <div class='ocr_carea' id='block_1_3' title="bbox 47 1493 1430 1599">
    <p class='ocr_par' dir='ltr' id='par_1_3' title="bbox 47 1493 1430 1599">
     <span class='ocr_line' id='line_1_11' title="bbox 47 1493 1430 1599; baseline 0.004 -25"><span class='ocrx_word' id='word_1_81' title='bbox 47 1513 131 1576; x_wconf 88' lang='lat' dir='ltr'><strong>milis</strong></span> <span class='ocrx_word' id='word_1_82' title='bbox 154 1513 410 1599; x_wconf 90' lang='lat' dir='ltr'><strong>quodammodo</strong></span> <span class='ocrx_word' id='word_1_83' title='bbox 426 1514 626 1578; x_wconf 67' lang='lat' dir='ltr'><strong>hodiernam</strong></span> <span class='ocrx_word' id='word_1_84' title='bbox 639 1517 725 1581; x_wconf 82' lang='lat' dir='ltr'><strong>Hnlb</strong></span> <span class='ocrx_word' id='word_1_85' title='bbox 738 1525 824 1597; x_wconf 85' lang='lat' dir='ltr'><strong>port.</strong></span> <span class='ocrx_word' id='word_1_86' title='bbox 837 1517 966 1581; x_wconf 88' lang='lat' dir='ltr'><strong>Seneca</strong></span> <span class='ocrx_word' id='word_1_87' title='bbox 977 1518 1078 1599; x_wconf 69' lang='lat' dir='ltr'><strong>Epist.</strong></span> <span class='ocrx_word' id='word_1_88' title='bbox 1089 1515 1159 1577; x_wconf 89' lang='lat'>119.</span> <span class='ocrx_word' id='word_1_89' title='bbox 1186 1517 1313 1593; x_wconf 64' lang='lat' dir='ltr'><strong>Quoties</strong></span> <span class='ocrx_word' id='word_1_90' title='bbox 1422 1493 1430 1512; x_wconf 60' lang='grc'><em>’</em></span> 
     </span>
    </p>
   </div>
   <div class='ocr_carea' id='block_1_4' title="bbox 50 1605 1340 2884">
    <p class='ocr_par' dir='ltr' id='par_1_4' title="bbox 50 1605 1340 2884">
     <span class='ocr_line' id='line_1_12' title="bbox 50 1605 1311 1706; baseline 0.003 -25"><span class='ocrx_word' id='word_1_91' title='bbox 50 1623 168 1702; x_wconf 77' lang='lat' dir='ltr'><strong>aliquid</strong></span> <span class='ocrx_word' id='word_1_92' title='bbox 185 1625 307 1696; x_wconf 79' lang='lat' dir='ltr'><strong>inveni,</strong></span> <span class='ocrx_word' id='word_1_93' title='bbox 320 1643 382 1684; x_wconf 89' lang='lat' dir='ltr'><strong>non</strong></span> <span class='ocrx_word' id='word_1_94' title='bbox 403 1633 555 1706; x_wconf 73' lang='lat' dir='ltr'><strong>exspecto,</strong></span> <span class='ocrx_word' id='word_1_95' title='bbox 568 1605 664 1686; x_wconf 82' lang='lat' dir='ltr'><strong>donec</strong></span> <span class='ocrx_word' id='word_1_96' title='bbox 678 1625 778 1686; x_wconf 79' lang='lat' dir='ltr'><strong>dicae:</strong></span> <span class='ocrx_word' id='word_1_97' title='bbox 797 1645 839 1686; x_wconf 68' lang='grc' dir='ltr'><strong>ην</strong></span> <span class='ocrx_word' id='word_1_98' title='bbox 858 1644 1046 1697; x_wconf 64' lang='lat' dir='ltr'><strong>communim-</strong></span> <span class='ocrx_word' id='word_1_99' title='bbox 1062 1629 1128 1706; x_wconf 74' lang='lat' dir='ltr'><strong>ipae</strong></span> <span class='ocrx_word' id='word_1_100' title='bbox 1142 1625 1220 1686; x_wconf 62' lang='lat' dir='ltr'><strong>nabi</strong></span> <span class='ocrx_word' id='word_1_101' title='bbox 1236 1624 1311 1686; x_wconf 75' lang='lat' dir='ltr'><strong>dcco.</strong></span> 
     </span>
     <span class='ocr_line' id='line_1_13' title="bbox 52 1727 468 1794; baseline 0.005 -6"><span class='ocrx_word' id='word_1_102' title='bbox 52 1727 197 1794; x_wconf 84' lang='lat' dir='ltr'><strong>Phaedr.</strong></span> <span class='ocrx_word' id='word_1_103' title='bbox 218 1729 298 1789; x_wconf 75' lang='lat' dir='ltr'><strong>Fut.</strong></span> <span class='ocrx_word' id='word_1_104' title='bbox 322 1727 355 1789; x_wconf 89' lang='lat' dir='ltr'><strong>V.</strong></span> <span class='ocrx_word' id='word_1_105' title='bbox 370 1727 400 1790; x_wconf 88' lang='grc'><strong>6.</strong></span> <span class='ocrx_word' id='word_1_106' title='bbox 465 1768 468 1773; x_wconf 90' lang='lat'>-</span> 
     </span>
     <span class='ocr_line' id='line_1_14' title="bbox 228 1838 897 1920; baseline 0.003 -25"><span class='ocrx_word' id='word_1_107' title='bbox 228 1838 350 1898; x_wconf 78' lang='lat' dir='ltr'><strong>Invenit</strong></span> <span class='ocrx_word' id='word_1_108' title='bbox 368 1838 476 1899; x_wconf 82' lang='lat' dir='ltr'><strong>colona</strong></span> <span class='ocrx_word' id='word_1_109' title='bbox 483 1839 571 1916; x_wconf 83' lang='lat' dir='ltr'><strong>sorte</strong></span> <span class='ocrx_word' id='word_1_110' title='bbox 586 1842 618 1898; x_wconf 83' lang='lat' dir='ltr'><strong>in</strong></span> <span class='ocrx_word' id='word_1_111' title='bbox 635 1842 724 1900; x_wconf 87' lang='lat' dir='ltr'><strong>trivio</strong></span> <span class='ocrx_word' id='word_1_112' title='bbox 733 1842 897 1920; x_wconf 79' lang='lat' dir='ltr'><strong>pectinem.</strong></span> 
     </span>
     <span class='ocr_line' id='line_1_15' title="bbox 225 1945 838 2027; baseline 0.003 -23"><span class='ocrx_word' id='word_1_113' title='bbox 225 1945 371 2006; x_wconf 83' lang='lat' dir='ltr'><strong>Adceesit</strong></span> <span class='ocrx_word' id='word_1_114' title='bbox 386 1948 476 2016; x_wconf 83' lang='lat' dir='ltr'><strong>alter,</strong></span> <span class='ocrx_word' id='word_1_115' title='bbox 493 1966 589 2027; x_wconf 81' lang='lat' dir='ltr'><strong>aeque</strong></span> <span class='ocrx_word' id='word_1_116' title='bbox 605 1945 743 2024; x_wconf 74' lang='lat' dir='ltr'><strong>defectus</strong></span> <span class='ocrx_word' id='word_1_117' title='bbox 754 1946 838 2027; x_wconf 81' lang='lat' dir='ltr'><strong>pilia,</strong></span> 
     </span>
     <span class='ocr_line' id='line_1_16' title="bbox 185 2051 1340 2134; baseline 0.002 -23"><span class='ocrx_word' id='word_1_118' title='bbox 185 2055 190 2060; x_wconf 88' lang='lat'>&#39;</span> <span class='ocrx_word' id='word_1_119' title='bbox 226 2051 324 2132; x_wconf 82' lang='lat' dir='ltr'><strong>Heja,</strong></span> <span class='ocrx_word' id='word_1_120' title='bbox 341 2056 448 2132; x_wconf 80' lang='lat' dir='ltr'><strong>inquit,</strong></span> <span class='ocrx_word' id='word_1_121' title='bbox 464 2073 528 2113; x_wconf 78' lang='lat' dir='ltr'><strong>nar</strong></span> <span class='ocrx_word' id='word_1_122' title='bbox 543 2073 722 2126; x_wconf 76' lang='lat' dir='ltr'><strong>concinna,</strong></span> <span class='ocrx_word' id='word_1_123' title='bbox 743 2054 954 2134; x_wconf 78' lang='lat' dir='ltr'><strong>quodcumque</strong></span> <span class='ocrx_word' id='word_1_124' title='bbox 970 2059 1017 2114; x_wconf 84' lang='lat' dir='ltr'><strong>eat</strong></span> <span class='ocrx_word' id='word_1_125' title='bbox 1031 2055 1119 2113; x_wconf 82' lang='lat' dir='ltr'><strong>lueri.</strong></span> <span class='ocrx_word' id='word_1_126' title='bbox 1333 2089 1340 2102; x_wconf 92' lang='lat'><strong>·</strong></span> 
     </span>
     <span class='ocr_line' id='line_1_17' title="bbox 54 2156 1311 2248; baseline 0.001 -29"><span class='ocrx_word' id='word_1_127' title='bbox 54 2157 152 2220; x_wconf 83' lang='lat' dir='ltr'><strong>Adde</strong></span> <span class='ocrx_word' id='word_1_128' title='bbox 173 2156 288 2221; x_wconf 90' lang='lat' dir='ltr'><strong>Plaut.</strong></span> <span class='ocrx_word' id='word_1_129' title='bbox 304 2159 441 2221; x_wconf 81' lang='lat' dir='ltr'><strong>Rudent.</strong></span> <span class='ocrx_word' id='word_1_130' title='bbox 459 2168 519 2220; x_wconf 86' lang='lat' dir='ltr'><strong>act.</strong></span> <span class='ocrx_word' id='word_1_131' title='bbox 535 2159 594 2220; x_wconf 88' lang='lat' dir='ltr'><strong>IV.</strong></span> <span class='ocrx_word' id='word_1_132' title='bbox 607 2180 649 2220; x_wconf 86' lang='lat' dir='ltr'><strong>ec.</strong></span> <span class='ocrx_word' id='word_1_133' title='bbox 664 2157 694 2219; x_wconf 82' lang='lat'><strong>3.</strong></span> <span class='ocrx_word' id='word_1_134' title='bbox 709 2180 736 2222; x_wconf 86' lang='lat' dir='ltr'><strong>a.</strong></span> <span class='ocrx_word' id='word_1_135' title='bbox 751 2159 880 2248; x_wconf 24' lang='lat' dir='ltr'><strong>76.·cqq.</strong></span> <span class='ocrx_word' id='word_1_136' title='bbox 899 2160 955 2221; x_wconf 91' lang='lat' dir='ltr'><strong>ubi</strong></span> <span class='ocrx_word' id='word_1_137' title='bbox 971 2167 1072 2242; x_wconf 89' lang='lat' dir='ltr'><strong>poeta</strong></span> <span class='ocrx_word' id='word_1_138' title='bbox 1089 2159 1153 2222; x_wconf 87' lang='lat' dir='ltr'><strong>fori</strong></span> <span class='ocrx_word' id='word_1_139' title='bbox 1168 2157 1311 2222; x_wconf 87' lang='lat' dir='ltr'><strong>Romani</strong></span> 
     </span>
     <span class='ocr_line' id='line_1_18' title="bbox 54 2265 846 2350; baseline 0.003 -24"><span class='ocrx_word' id='word_1_140' title='bbox 54 2268 205 2350; x_wconf 85' lang='lat' dir='ltr'><strong>argutias</strong></span> <span class='ocrx_word' id='word_1_141' title='bbox 217 2267 277 2328; x_wconf 87' lang='lat' dir='ltr'><strong>hac</strong></span> <span class='ocrx_word' id='word_1_142' title='bbox 292 2267 327 2328; x_wconf 94' lang='lat' dir='ltr'><strong>in</strong></span> <span class='ocrx_word' id='word_1_143' title='bbox 348 2287 384 2327; x_wconf 87' lang='lat' dir='ltr'><strong>re</strong></span> <span class='ocrx_word' id='word_1_144' title='bbox 401 2266 434 2328; x_wconf 89' lang='lat' dir='ltr'><strong>in</strong></span> <span class='ocrx_word' id='word_1_145' title='bbox 450 2265 548 2329; x_wconf 84' lang='lat' dir='ltr'><strong>risum</strong></span> <span class='ocrx_word' id='word_1_146' title='bbox 564 2266 715 2330; x_wconf 86' lang='lat' dir='ltr'><strong>deducit:</strong></span> <span class='ocrx_word' id='word_1_147' title='bbox 843 2333 846 2340; x_wconf 63' lang='grc'><em>,</em></span> 
     </span>
     <span class='ocr_line' id='line_1_19' title="bbox 229 2373 881 2436; baseline -0.005 -2"><span class='ocrx_word' id='word_1_148' title='bbox 229 2410 264 2420; x_wconf 86' lang='grc'>-</span> <span class='ocrx_word' id='word_1_149' title='bbox 352 2411 389 2421; x_wconf 85' lang='grc'><strong>--</strong></span> <span class='ocrx_word' id='word_1_150' title='bbox 476 2410 517 2422; x_wconf 85' lang='lat'><em>-</em></span> <span class='ocrx_word' id='word_1_151' title='bbox 606 2375 719 2436; x_wconf 83' lang='lat' dir='ltr'><strong>Omitte</strong></span> <span class='ocrx_word' id='word_1_152' title='bbox 734 2373 881 2434; x_wconf 82' lang='lat' dir='ltr'><strong>vidulum.</strong></span> 
     </span>
     <span class='ocr_line' id='line_1_20' title="bbox 153 2480 1164 2563; baseline -0.001 -21"><span class='ocrx_word' id='word_1_153' title='bbox 153 2502 209 2542; x_wconf 78' lang='lat' dir='ltr'><strong>en.</strong></span> <span class='ocrx_word' id='word_1_154' title='bbox 230 2482 409 2563; x_wconf 82' lang='lat' dir='ltr'><strong>Numquam</strong></span> <span class='ocrx_word' id='word_1_155' title='bbox 426 2483 528 2544; x_wconf 77' lang='lat' dir='ltr'><strong>bercta</strong></span> <span class='ocrx_word' id='word_1_156' title='bbox 543 2484 616 2544; x_wconf 76' lang='lat' dir='ltr'><strong>ltine</strong></span> <span class='ocrx_word' id='word_1_157' title='bbox 630 2482 718 2544; x_wconf 84' lang='lat' dir='ltr'><strong>bodie</strong></span> <span class='ocrx_word' id='word_1_158' title='bbox 733 2489 878 2541; x_wconf 84' lang='lat' dir='ltr'><strong>ramento</strong></span> <span class='ocrx_word' id='word_1_159' title='bbox 883 2480 951 2558; x_wconf 84' lang='lat' dir='ltr'><strong>sica</strong></span> <span class='ocrx_word' id='word_1_160' title='bbox 956 2480 1164 2557; x_wconf 75' lang='lat' dir='ltr'><strong>fortunatior.</strong></span> 
     </span>
     <span class='ocr_line' id='line_1_21' title="bbox 151 2589 1180 2672; baseline 0 -25"><span class='ocrx_word' id='word_1_161' title='bbox 151 2609 206 2647; x_wconf 79' lang='lat' dir='ltr'><strong>rr.</strong></span> <span class='ocrx_word' id='word_1_162' title='bbox 228 2589 301 2648; x_wconf 88' lang='lat' dir='ltr'><strong>Non</strong></span> <span class='ocrx_word' id='word_1_163' title='bbox 315 2589 450 2671; x_wconf 81' lang='lat' dir='ltr'><strong>probare</strong></span> <span class='ocrx_word' id='word_1_164' title='bbox 458 2589 668 2672; x_wconf 84' lang='lat' dir='ltr'><strong>pernegando</strong></span> <span class='ocrx_word' id='word_1_165' title='bbox 683 2589 866 2669; x_wconf 83' lang='lat' dir='ltr'><strong>mibipotee,</strong></span> <span class='ocrx_word' id='word_1_166' title='bbox 882 2590 946 2648; x_wconf 75' lang='lat' dir='ltr'><strong>niti</strong></span> <span class='ocrx_word' id='word_1_167' title='bbox 957 2607 1042 2648; x_wconf 74' lang='lat' dir='ltr'><strong>rnna</strong></span> <span class='ocrx_word' id='word_1_168' title='bbox 1060 2608 1180 2662; x_wconf 68' lang='lat' dir='ltr'><strong>aaron,</strong></span> 
     </span>
     <span class='ocr_line' id='line_1_22' title="bbox 149 2696 999 2778; baseline -0.002 -22"><span class='ocrx_word' id='word_1_169' title='bbox 149 2697 223 2756; x_wconf 88' lang='lat' dir='ltr'><strong>Aut</strong></span> <span class='ocrx_word' id='word_1_170' title='bbox 237 2697 282 2755; x_wconf 84' lang='lat' dir='ltr'><strong>ad</strong></span> <span class='ocrx_word' id='word_1_171' title='bbox 296 2696 448 2756; x_wconf 82' lang='lat' dir='ltr'><strong>arbitrum</strong></span> <span class='ocrx_word' id='word_1_172' title='bbox 465 2698 598 2770; x_wconf 82' lang='lat' dir='ltr'><strong>reditur,</strong></span> <span class='ocrx_word' id='word_1_173' title='bbox 614 2705 671 2758; x_wconf 83' lang='lat' dir='ltr'><strong>aut</strong></span> <span class='ocrx_word' id='word_1_174' title='bbox 691 2704 850 2778; x_wconf 81' lang='lat' dir='ltr'><strong>aeqneatro</strong></span> <span class='ocrx_word' id='word_1_175' title='bbox 859 2699 999 2775; x_wconf 80' lang='lat' dir='ltr'><strong>ponitur.</strong></span> 
     </span>
     <span class='ocr_line' id='line_1_23' title="bbox 150 2804 1292 2884; baseline 0.001 -20"><span class='ocrx_word' id='word_1_176' title='bbox 150 2825 204 2864; x_wconf 79' lang='lat' dir='ltr'><strong>en.</strong></span> <span class='ocrx_word' id='word_1_177' title='bbox 232 2804 369 2878; x_wconf 74' lang='lat' dir='ltr'><strong>Quemne</strong></span> <span class='ocrx_word' id='word_1_178' title='bbox 388 2824 444 2884; x_wconf 83' lang='lat' dir='ltr'><strong>ego</strong></span> <span class='ocrx_word' id='word_1_179' title='bbox 459 2809 568 2884; x_wconf 80' lang='lat' dir='ltr'><strong>encepi</strong></span> <span class='ocrx_word' id='word_1_180' title='bbox 578 2807 610 2863; x_wconf 85' lang='lat' dir='ltr'><strong>in</strong></span> <span class='ocrx_word' id='word_1_181' title='bbox 626 2805 710 2862; x_wconf 84' lang='lat' dir='ltr'><strong>mori</strong></span> <span class='ocrx_word' id='word_1_182' title='bbox 717 2805 734 2861; x_wconf 70' lang='lat' dir='ltr'><strong>i</strong></span> <span class='ocrx_word' id='word_1_183' title='bbox 765 2822 816 2862; x_wconf 74' lang='lat' dir='ltr'><strong>nn.</strong></span> <span class='ocrx_word' id='word_1_184' title='bbox 833 2806 876 2862; x_wconf 91' lang='lat' dir='ltr'><strong>At</strong></span> <span class='ocrx_word' id='word_1_185' title='bbox 891 2822 948 2882; x_wconf 81' lang='lat' dir='ltr'><strong>ego</strong></span> <span class='ocrx_word' id='word_1_186' title='bbox 961 2806 1163 2884; x_wconf 74' lang='lat' dir='ltr'><strong>inspectante</strong></span> <span class='ocrx_word' id='word_1_187' title='bbox 1180 2805 1292 2865; x_wconf 80' lang='lat' dir='ltr'><strong>littore.</strong></span> 
     </span>
    </p>
   </div>
   <div class='ocr_carea' id='block_1_5' title="bbox 61 3003 1314 3668">
    <p class='ocr_par' dir='ltr' id='par_1_5' title="bbox 61 3003 1314 3668">
     <span class='ocr_line' id='line_1_24' title="bbox 62 3003 1312 3075; baseline 0.002 -18"><span class='ocrx_word' id='word_1_188' title='bbox 62 3007 183 3074; x_wconf 83' lang='lat' dir='ltr'><strong>proponi,</strong></span> <span class='ocrx_word' id='word_1_189' title='bbox 203 3009 317 3061; x_wconf 82' lang='lat' dir='ltr'><strong>alteram</strong></span> <span class='ocrx_word' id='word_1_190' title='bbox 334 3010 496 3075; x_wconf 76' lang='lat' dir='ltr'><strong>generalem,</strong></span> <span class='ocrx_word' id='word_1_191' title='bbox 514 3005 541 3059; x_wconf 94' lang='lat' dir='ltr'><strong>in</strong></span> <span class='ocrx_word' id='word_1_192' title='bbox 564 3023 618 3074; x_wconf 88' lang='lat' dir='ltr'><strong>qua</strong></span> <span class='ocrx_word' id='word_1_193' title='bbox 636 3003 728 3058; x_wconf 91' lang='lat' dir='ltr'><strong>omnia</strong></span> <span class='ocrx_word' id='word_1_194' title='bbox 745 3003 836 3066; x_wconf 85' lang='lat' dir='ltr'><strong>insint,</strong></span> <span class='ocrx_word' id='word_1_195' title='bbox 856 3019 1034 3072; x_wconf 90' lang='lat' dir='ltr'><strong>quaecunque</strong></span> <span class='ocrx_word' id='word_1_196' title='bbox 1051 3022 1100 3071; x_wconf 88' lang='lat' dir='ltr'><strong>per</strong></span> <span class='ocrx_word' id='word_1_197' title='bbox 1112 3021 1158 3058; x_wconf 80' lang='lat' dir='ltr'><strong>aea</strong></span> <span class='ocrx_word' id='word_1_198' title='bbox 1176 3013 1203 3058; x_wconf 89' lang='lat' dir='ltr'><strong>et</strong></span> <span class='ocrx_word' id='word_1_199' title='bbox 1216 3005 1312 3059; x_wconf 85' lang='lat' dir='ltr'><strong>libram</strong></span> 
     </span>
     <span class='ocr_line' id='line_1_25' title="bbox 64 3087 1313 3160; baseline 0.002 -18"><span class='ocrx_word' id='word_1_200' title='bbox 64 3099 202 3156; x_wconf 76' lang='lat' dir='ltr'><strong>gerantur,</strong></span> <span class='ocrx_word' id='word_1_201' title='bbox 222 3093 336 3144; x_wconf 89' lang='lat' dir='ltr'><strong>alteram</strong></span> <span class='ocrx_word' id='word_1_202' title='bbox 354 3093 498 3160; x_wconf 80' lang='lat' dir='ltr'><strong>specialem</strong></span> <span class='ocrx_word' id='word_1_203' title='bbox 517 3098 544 3146; x_wconf 89' lang='lat' dir='ltr'><strong>et</strong></span> <span class='ocrx_word' id='word_1_204' title='bbox 567 3092 641 3144; x_wconf 86' lang='lat' dir='ltr'><strong>velut</strong></span> <span class='ocrx_word' id='word_1_205' title='bbox 658 3088 798 3156; x_wconf 83' lang='lat' dir='ltr'><strong>propriam</strong></span> <span class='ocrx_word' id='word_1_206' title='bbox 821 3087 846 3138; x_wconf 86' lang='lat' dir='ltr'><strong>ei</strong></span> <span class='ocrx_word' id='word_1_207' title='bbox 870 3089 1041 3152; x_wconf 82' lang='lat' dir='ltr'><strong>negotiorum</strong></span> <span class='ocrx_word' id='word_1_208' title='bbox 1065 3091 1165 3156; x_wconf 79' lang='lat' dir='ltr'><strong>generi,</strong></span> <span class='ocrx_word' id='word_1_209' title='bbox 1185 3093 1259 3159; x_wconf 90' lang='lat' dir='ltr'><strong>quod</strong></span> <span class='ocrx_word' id='word_1_210' title='bbox 1277 3093 1313 3144; x_wconf 88' lang='lat' dir='ltr'><strong>ad</strong></span> 
     </span>
     <span class='ocr_line' id='line_1_26' title="bbox 65 3173 1312 3244; baseline 0.001 -16"><span class='ocrx_word' id='word_1_211' title='bbox 65 3178 241 3244; x_wconf 82' lang='lat' dir='ltr'><strong>obligationes</strong></span> <span class='ocrx_word' id='word_1_212' title='bbox 259 3179 455 3230; x_wconf 79' lang='lat' dir='ltr'><strong>contrahendas</strong></span> <span class='ocrx_word' id='word_1_213' title='bbox 475 3183 592 3244; x_wconf 63' lang='lat' dir='ltr'><strong>spectem</strong></span> <span class='ocrx_word' id='word_1_214' title='bbox 611 3175 656 3227; x_wconf 91' lang='lat' dir='ltr'><strong>cui</strong></span> <span class='ocrx_word' id='word_1_215' title='bbox 673 3173 755 3227; x_wconf 86' lang='lat' dir='ltr'><strong>etiam</strong></span> <span class='ocrx_word' id='word_1_216' title='bbox 773 3174 935 3238; x_wconf 80' lang='lat' dir='ltr'><strong>suffragatur</strong></span> <span class='ocrx_word' id='word_1_217' title='bbox 952 3173 1039 3239; x_wconf 83' lang='lat' dir='ltr'><strong>ipaiur</strong></span> <span class='ocrx_word' id='word_1_218' title='bbox 1057 3175 1182 3227; x_wconf 82' lang='lat' dir='ltr'><strong>vocabuli</strong></span> <span class='ocrx_word' id='word_1_219' title='bbox 1200 3177 1312 3241; x_wconf 87' lang='lat' dir='ltr'><strong>notatio,</strong></span> 
     </span>
     <span class='ocr_line' id='line_1_27' title="bbox 62 3256 1312 3332; baseline -0.003 -18"><span class='ocrx_word' id='word_1_220' title='bbox 62 3263 173 3316; x_wconf 84' lang='lat' dir='ltr'><strong>ridicula</strong></span> <span class='ocrx_word' id='word_1_221' title='bbox 192 3263 241 3316; x_wconf 87' lang='lat' dir='ltr'><strong>illa</strong></span> <span class='ocrx_word' id='word_1_222' title='bbox 259 3263 387 3330; x_wconf 87' lang='lat' dir='ltr'><strong>quidem,</strong></span> <span class='ocrx_word' id='word_1_223' title='bbox 406 3278 488 3332; x_wconf 87' lang='lat' dir='ltr'><strong>quam</strong></span> <span class='ocrx_word' id='word_1_224' title='bbox 506 3261 589 3316; x_wconf 84' lang='lat' dir='ltr'><strong>tradit</strong></span> <span class='ocrx_word' id='word_1_225' title='bbox 612 3261 718 3314; x_wconf 81' lang='lat' dir='ltr'><strong>Varro:</strong></span> <span class='ocrx_word' id='word_1_226' title='bbox 744 3257 842 3326; x_wconf 88' lang='lat' dir='ltr'><strong>„quod</strong></span> <span class='ocrx_word' id='word_1_227' title='bbox 860 3256 997 3323; x_wconf 87' lang='lat' dir='ltr'><strong>obligatur</strong></span> <span class='ocrx_word' id='word_1_228' title='bbox 1014 3275 1063 3324; x_wconf 90' lang='lat' dir='ltr'><strong>per</strong></span> <span class='ocrx_word' id='word_1_229' title='bbox 1089 3259 1203 3322; x_wconf 88' lang='lat' dir='ltr'><strong>libram,</strong></span> <span class='ocrx_word' id='word_1_230' title='bbox 1229 3277 1312 3328; x_wconf 80' lang='lat' dir='ltr'><strong>neque</strong></span> 
     </span>
     <span class='ocr_line' id='line_1_28' title="bbox 61 3343 1313 3418; baseline -0.002 -18"><span class='ocrx_word' id='word_1_231' title='bbox 61 3366 131 3402; x_wconf 80' lang='lat' dir='ltr'><strong>mam</strong></span> <span class='ocrx_word' id='word_1_232' title='bbox 140 3351 190 3418; x_wconf 81' lang='lat' dir='ltr'><strong>fil,</strong></span> <span class='ocrx_word' id='word_1_233' title='bbox 208 3349 273 3402; x_wconf 89' lang='lat' dir='ltr'><strong>inde</strong></span> <span class='ocrx_word' id='word_1_234' title='bbox 291 3347 401 3400; x_wconf 81' lang='lat' dir='ltr'><strong>Nexum</strong></span> <span class='ocrx_word' id='word_1_235' title='bbox 419 3347 545 3400; x_wconf 86' lang='lat' dir='ltr'><strong>dicitur.&#39;&#39;</strong></span> <span class='ocrx_word' id='word_1_236' title='bbox 566 3347 664 3414; x_wconf 86' lang='lat' dir='ltr'><strong>(Hugo</strong></span> <span class='ocrx_word' id='word_1_237' title='bbox 683 3345 720 3398; x_wconf 84' lang='lat' dir='ltr'><strong>R.</strong></span> <span class='ocrx_word' id='word_1_238' title='bbox 740 3345 775 3397; x_wconf 85' lang='lat' dir='ltr'><strong>G.</strong></span> <span class='ocrx_word' id='word_1_239' title='bbox 791 3359 818 3408; x_wconf 92' lang='lat' dir='ltr'><strong>p.</strong></span> <span class='ocrx_word' id='word_1_240' title='bbox 836 3346 896 3398; x_wconf 76' lang='lat'><strong>282.</strong></span> <span class='ocrx_word' id='word_1_241' title='bbox 914 3359 956 3411; x_wconf 85' lang='lat' dir='ltr'><strong>aq.</strong></span> <span class='ocrx_word' id='word_1_242' title='bbox 973 3349 1029 3396; x_wconf 90' lang='lat' dir='ltr'><strong>not.</strong></span> <span class='ocrx_word' id='word_1_243' title='bbox 1046 3346 1071 3394; x_wconf 80' lang='lat'><strong>3.</strong></span> <span class='ocrx_word' id='word_1_244' title='bbox 1102 3343 1136 3395; x_wconf 92' lang='lat'><strong>0.</strong></span> <span class='ocrx_word' id='word_1_245' title='bbox 1154 3344 1256 3396; x_wconf 82' lang='lat' dir='ltr'><strong>Mliller</strong></span> <span class='ocrx_word' id='word_1_246' title='bbox 1274 3343 1313 3397; x_wconf 90' lang='lat' dir='ltr'><strong>im</strong></span> 
     </span>
     <span class='ocr_line' id='line_1_29' title="bbox 63 3427 1313 3498; baseline -0.002 -14"><span class='ocrx_word' id='word_1_247' title='bbox 63 3433 155 3486; x_wconf 83' lang='lat' dir='ltr'><strong>Rlein.</strong></span> <span class='ocrx_word' id='word_1_248' title='bbox 183 3435 256 3486; x_wconf 75' lang='lat' dir='ltr'><strong>Mus.</strong></span> <span class='ocrx_word' id='word_1_249' title='bbox 283 3431 309 3484; x_wconf 87' lang='lat' dir='ltr'><strong>V.</strong></span> <span class='ocrx_word' id='word_1_250' title='bbox 328 3448 354 3496; x_wconf 88' lang='lat' dir='ltr'><strong>p.</strong></span> <span class='ocrx_word' id='word_1_251' title='bbox 374 3432 457 3498; x_wconf 86' lang='lat'><strong>199.).</strong></span> <span class='ocrx_word' id='word_1_252' title='bbox 480 3437 517 3484; x_wconf 78' lang='lat' dir='ltr'><strong>nt</strong></span> <span class='ocrx_word' id='word_1_253' title='bbox 534 3431 562 3484; x_wconf 88' lang='lat' dir='ltr'><strong>in</strong></span> <span class='ocrx_word' id='word_1_254' title='bbox 580 3447 613 3484; x_wconf 89' lang='lat' dir='ltr'><strong>eo</strong></span> <span class='ocrx_word' id='word_1_255' title='bbox 631 3431 761 3482; x_wconf 79' lang='lat' dir='ltr'><strong>falluntur</strong></span> <span class='ocrx_word' id='word_1_256' title='bbox 779 3433 806 3480; x_wconf 89' lang='lat' dir='ltr'><strong>ct</strong></span> <span class='ocrx_word' id='word_1_257' title='bbox 824 3427 980 3481; x_wconf 81' lang='lat' dir='ltr'><strong>Gronovius</strong></span> <span class='ocrx_word' id='word_1_258' title='bbox 998 3433 1024 3480; x_wconf 85' lang='lat' dir='ltr'><strong>et</strong></span> <span class='ocrx_word' id='word_1_259' title='bbox 1042 3427 1219 3492; x_wconf 74' lang='lat' dir='ltr'><strong>Heinecciua,</strong></span> <span class='ocrx_word' id='word_1_260' title='bbox 1238 3429 1313 3497; x_wconf 90' lang='lat' dir='ltr'><strong>quod</strong></span> 
     </span>
     <span class='ocr_line' id='line_1_30' title="bbox 62 3511 1313 3585; baseline -0.003 -15"><span class='ocrx_word' id='word_1_261' title='bbox 62 3535 111 3570; x_wconf 91' lang='lat' dir='ltr'><strong>non</strong></span> <span class='ocrx_word' id='word_1_262' title='bbox 129 3519 189 3571; x_wconf 89' lang='lat' dir='ltr'><strong>nisi</strong></span> <span class='ocrx_word' id='word_1_263' title='bbox 206 3519 243 3570; x_wconf 80' lang='lat' dir='ltr'><strong>nd</strong></span> <span class='ocrx_word' id='word_1_264' title='bbox 257 3518 373 3585; x_wconf 81' lang='lat' dir='ltr'><strong>mancipi</strong></span> <span class='ocrx_word' id='word_1_265' title='bbox 388 3535 432 3569; x_wconf 79' lang='lat' dir='ltr'><strong>rer</strong></span> <span class='ocrx_word' id='word_1_266' title='bbox 450 3533 593 3585; x_wconf 80' lang='lat' dir='ltr'><strong>earumque</strong></span> <span class='ocrx_word' id='word_1_267' title='bbox 611 3513 792 3582; x_wconf 69' lang='lat' dir='ltr'><strong>obligationem</strong></span> <span class='ocrx_word' id='word_1_268' title='bbox 816 3513 933 3566; x_wconf 81' lang='lat' dir='ltr'><strong>reserant</strong></span> <span class='ocrx_word' id='word_1_269' title='bbox 950 3512 1033 3566; x_wconf 78' lang='lat' dir='ltr'><strong>totius</strong></span> <span class='ocrx_word' id='word_1_270' title='bbox 1053 3512 1134 3578; x_wconf 79' lang='lat' dir='ltr'><strong>hujus</strong></span> <span class='ocrx_word' id='word_1_271' title='bbox 1151 3511 1207 3564; x_wconf 88' lang='lat' dir='ltr'><strong>looi</strong></span> <span class='ocrx_word' id='word_1_272' title='bbox 1224 3528 1313 3568; x_wconf 77' lang='lat' dir='ltr'><strong>utum.</strong></span> 
     </span>
     <span class='ocr_line' id='line_1_31' title="bbox 61 3597 1314 3668; baseline 0 -15"><span class='ocrx_word' id='word_1_273' title='bbox 61 3603 118 3658; x_wconf 86' lang='lat' dir='ltr'><strong>lam</strong></span> <span class='ocrx_word' id='word_1_274' title='bbox 142 3605 261 3656; x_wconf 88' lang='lat' dir='ltr'><strong>edocere</strong></span> <span class='ocrx_word' id='word_1_275' title='bbox 286 3617 334 3656; x_wconf 81' lang='lat' dir='ltr'><strong>eos</strong></span> <span class='ocrx_word' id='word_1_276' title='bbox 351 3607 477 3668; x_wconf 85' lang='lat' dir='ltr'><strong>poterant</strong></span> <span class='ocrx_word' id='word_1_277' title='bbox 494 3601 588 3664; x_wconf 84' lang='lat' dir='ltr'><strong>verba,</strong></span> <span class='ocrx_word' id='word_1_278' title='bbox 608 3616 624 3652; x_wconf 88' lang='lat' dir='ltr'><strong>e</strong></span> <span class='ocrx_word' id='word_1_279' title='bbox 640 3599 723 3651; x_wconf 77' lang='lat' dir='ltr'><strong>Festo</strong></span> <span class='ocrx_word' id='word_1_280' title='bbox 741 3599 823 3652; x_wconf 86' lang='lat' dir='ltr'><strong>allata</strong></span> <span class='ocrx_word' id='word_1_281' title='bbox 846 3597 882 3650; x_wconf 86' lang='lat' dir='ltr'><strong>ab</strong></span> <span class='ocrx_word' id='word_1_282' title='bbox 904 3599 1037 3663; x_wconf 78' lang='lat' dir='ltr'><strong>Auctore,</strong></span> <span class='ocrx_word' id='word_1_283' title='bbox 1055 3612 1165 3650; x_wconf 87' lang='lat' dir='ltr'><strong>omnem</strong></span> <span class='ocrx_word' id='word_1_284' title='bbox 1181 3599 1314 3662; x_wconf 76' lang='lat' dir='ltr'><strong>pecuniae</strong></span> 
     </span>
    </p>
   </div>
   <div class='ocr_carea' id='block_1_6' title="bbox 62 3682 1401 3754">
    <p class='ocr_par' dir='ltr' id='par_1_6' title="bbox 62 3682 1401 3754">
     <span class='ocr_line' id='line_1_32' title="bbox 62 3682 1401 3754; baseline -0.002 -14"><span class='ocrx_word' id='word_1_285' title='bbox 62 3687 255 3754; x_wconf 84' lang='lat' dir='ltr'><strong>obligationem</strong></span> <span class='ocrx_word' id='word_1_286' title='bbox 272 3703 322 3753; x_wconf 85' lang='lat' dir='ltr'><strong>per</strong></span> <span class='ocrx_word' id='word_1_287' title='bbox 338 3701 385 3739; x_wconf 81' lang='lat' dir='ltr'><strong>aes</strong></span> <span class='ocrx_word' id='word_1_288' title='bbox 402 3692 430 3738; x_wconf 82' lang='lat' dir='ltr'><strong>et</strong></span> <span class='ocrx_word' id='word_1_289' title='bbox 446 3686 543 3740; x_wconf 89' lang='lat' dir='ltr'><strong>libram</strong></span> <span class='ocrx_word' id='word_1_290' title='bbox 561 3683 683 3738; x_wconf 84' lang='lat' dir='ltr'><strong>contrabi</strong></span> <span class='ocrx_word' id='word_1_291' title='bbox 700 3684 832 3752; x_wconf 74' lang='lat' dir='ltr'><strong>potuisse.</strong></span> <span class='ocrx_word' id='word_1_292' title='bbox 858 3683 899 3736; x_wconf 82' lang='lat' dir='ltr'><strong>Cf.</strong></span> <span class='ocrx_word' id='word_1_293' title='bbox 918 3683 949 3736; x_wconf 81' lang='lat' dir='ltr'><strong>G.</strong></span> <span class='ocrx_word' id='word_1_294' title='bbox 969 3683 1002 3734; x_wconf 85' lang='lat' dir='ltr'><strong>G.</strong></span> <span class='ocrx_word' id='word_1_295' title='bbox 1020 3682 1054 3734; x_wconf 79' lang='lat' dir='ltr'><strong>E.</strong></span> <span class='ocrx_word' id='word_1_296' title='bbox 1072 3682 1223 3736; x_wconf 86' lang='lat' dir='ltr'><strong>Heimbacb</strong></span> <span class='ocrx_word' id='word_1_297' title='bbox 1241 3685 1313 3737; x_wconf 71' lang='lat' dir='ltr'><strong>Diae</strong></span> <span class='ocrx_word' id='word_1_298' title='bbox 1397 3713 1401 3727; x_wconf 86' lang='lat'><strong>.</strong></span> 
     </span>
    </p>
   </div>
   <div class='ocr_carea' id='block_1_7' title="bbox 64 3768 1316 4590">
    <p class='ocr_par' dir='ltr' id='par_1_7' title="bbox 64 3768 1314 4008">
     <span class='ocr_line' id='line_1_33' title="bbox 64 3768 1314 3842; baseline -0.004 -16"><span class='ocrx_word' id='word_1_299' title='bbox 64 3775 90 3826; x_wconf 81' lang='lat' dir='ltr'><strong>dc</strong></span> <span class='ocrx_word' id='word_1_300' title='bbox 111 3775 140 3828; x_wconf 82' lang='lat'><strong>0.</strong></span> <span class='ocrx_word' id='word_1_301' title='bbox 161 3774 242 3828; x_wconf 80' lang='lat' dir='ltr'><strong>Aelio</strong></span> <span class='ocrx_word' id='word_1_302' title='bbox 265 3773 344 3825; x_wconf 86' lang='lat' dir='ltr'><strong>Gallo</strong></span> <span class='ocrx_word' id='word_1_303' title='bbox 362 3771 433 3824; x_wconf 77' lang='lat' dir='ltr'><strong>Jcto</strong></span> <span class='ocrx_word' id='word_1_304' title='bbox 451 3773 533 3842; x_wconf 79' lang='lat' dir='ltr'><strong>eJ&#39;naq.</strong></span> <span class='ocrx_word' id='word_1_305' title='bbox 542 3772 648 3839; x_wconf 76' lang='lat' dir='ltr'><strong>fragm.</strong></span> <span class='ocrx_word' id='word_1_306' title='bbox 669 3769 760 3836; x_wconf 80' lang='lat' dir='ltr'><strong>(Lips.</strong></span> <span class='ocrx_word' id='word_1_307' title='bbox 775 3772 849 3822; x_wconf 72' lang='lat'><strong>1823.</strong></span> <span class='ocrx_word' id='word_1_308' title='bbox 860 3768 900 3834; x_wconf 85' lang='grc'><strong>8.)</strong></span> <span class='ocrx_word' id='word_1_309' title='bbox 917 3769 985 3820; x_wconf 82' lang='lat' dir='ltr'><strong>Exc.</strong></span> <span class='ocrx_word' id='word_1_310' title='bbox 998 3768 1019 3818; x_wconf 91' lang='grc' dir='ltr'><strong>Ι.</strong></span> <span class='ocrx_word' id='word_1_311' title='bbox 1033 3783 1060 3832; x_wconf 89' lang='lat' dir='ltr'><strong>p.</strong></span> <span class='ocrx_word' id='word_1_312' title='bbox 1071 3771 1113 3820; x_wconf 82' lang='lat'><strong>49.</strong></span> <span class='ocrx_word' id='word_1_313' title='bbox 1128 3781 1189 3834; x_wconf 80' lang='lat' dir='ltr'><strong>sqq.</strong></span> <span class='ocrx_word' id='word_1_314' title='bbox 1207 3769 1314 3821; x_wconf 85' lang='lat' dir='ltr'><strong>Pucbta</strong></span> 
     </span>
     <span class='ocr_line' id='line_1_34' title="bbox 64 3849 1313 3925; baseline -0.003 -15"><span class='ocrx_word' id='word_1_315' title='bbox 64 3859 148 3912; x_wconf 80' lang='lat' dir='ltr'><strong>Imtit.</strong></span> <span class='ocrx_word' id='word_1_316' title='bbox 164 3875 192 3924; x_wconf 93' lang='lat' dir='ltr'><strong>p.</strong></span> <span class='ocrx_word' id='word_1_317' title='bbox 210 3858 352 3912; x_wconf 85' lang='lat' dir='ltr'><strong>XXVlll.</strong></span> <span class='ocrx_word' id='word_1_318' title='bbox 370 3873 431 3925; x_wconf 85' lang='lat' dir='ltr'><strong>aqq.</strong></span> <span class='ocrx_word' id='word_1_319' title='bbox 449 3873 523 3910; x_wconf 88' lang='lat' dir='ltr'><strong>num.</strong></span> <span class='ocrx_word' id='word_1_320' title='bbox 544 3858 576 3909; x_wconf 91' lang='lat' dir='ltr'><strong>V.</strong></span> <span class='ocrx_word' id='word_1_321' title='bbox 594 3857 629 3908; x_wconf 91' lang='lat' dir='ltr'><strong>de</strong></span> <span class='ocrx_word' id='word_1_322' title='bbox 647 3854 766 3922; x_wconf 85' lang='lat' dir='ltr'><strong>Savigny</strong></span> <span class='ocrx_word' id='word_1_323' title='bbox 784 3850 994 3907; x_wconf 77' lang='lat' dir='ltr'><strong>commentatio</strong></span> <span class='ocrx_word' id='word_1_324' title='bbox 1013 3850 1161 3904; x_wconf 85' lang='lat' dir='ltr'><strong>Academia</strong></span> <span class='ocrx_word' id='word_1_325' title='bbox 1178 3849 1313 3906; x_wconf 78' lang='lat' dir='ltr'><strong>scientiar.</strong></span> 
     </span>
     <span class='ocr_line' id='line_1_35' title="bbox 66 3934 1191 4008; baseline -0.008 -12"><span class='ocrx_word' id='word_1_326' title='bbox 66 3946 150 3998; x_wconf 77' lang='lat' dir='ltr'><strong>lierol.</strong></span> <span class='ocrx_word' id='word_1_327' title='bbox 170 3946 211 3995; x_wconf 61' lang='grc' dir='ltr'><strong>αθ.</strong></span> <span class='ocrx_word' id='word_1_328' title='bbox 228 3947 302 3996; x_wconf 82' lang='grc'><strong>1833.</strong></span> <span class='ocrx_word' id='word_1_329' title='bbox 321 3943 422 3996; x_wconf 86' lang='lat' dir='ltr'><strong>recitat.</strong></span> <span class='ocrx_word' id='word_1_330' title='bbox 443 3939 523 4008; x_wconf 78' lang='lat' dir='ltr'><strong>(iiior</strong></span> <span class='ocrx_word' id='word_1_331' title='bbox 541 3943 588 3994; x_wconf 81' lang='lat' dir='ltr'><strong>dor</strong></span> <span class='ocrx_word' id='word_1_332' title='bbox 605 3940 710 3993; x_wconf 82' lang='lat' dir='ltr'><strong>altriim.</strong></span> <span class='ocrx_word' id='word_1_333' title='bbox 730 3937 919 4002; x_wconf 79' lang='lat' dir='ltr'><strong>Sciuldrccbl)</strong></span> <span class='ocrx_word' id='word_1_334' title='bbox 940 3949 966 4000; x_wconf 80' lang='lat' dir='ltr'><strong>p.</strong></span> <span class='ocrx_word' id='word_1_335' title='bbox 984 3938 1026 3987; x_wconf 84' lang='grc'><strong>76.</strong></span> <span class='ocrx_word' id='word_1_336' title='bbox 1044 3949 1085 4002; x_wconf 77' lang='lat' dir='ltr'><strong>aq.</strong></span> <span class='ocrx_word' id='word_1_337' title='bbox 1104 3934 1191 3996; x_wconf 69' lang='lat' dir='ltr'><strong>Mitt.</strong></span> 
     </span>
    </p>

    <p class='ocr_par' dir='ltr' id='par_1_8' title="bbox 64 4011 1316 4518">
     <span class='ocr_line' id='line_1_36' title="bbox 129 4011 1314 4096; baseline -0.007 -14"><span class='ocrx_word' id='word_1_338' title='bbox 129 4030 162 4096; x_wconf 90' lang='lat' dir='ltr'><strong>o)</strong></span> <span class='ocrx_word' id='word_1_339' title='bbox 183 4028 232 4081; x_wconf 88' lang='lat' dir='ltr'><strong>Sic</strong></span> <span class='ocrx_word' id='word_1_340' title='bbox 249 4033 277 4080; x_wconf 92' lang='lat' dir='ltr'><strong>et</strong></span> <span class='ocrx_word' id='word_1_341' title='bbox 295 4016 393 4080; x_wconf 75' lang='lat' dir='ltr'><strong>Graeci</strong></span> <span class='ocrx_word' id='word_1_342' title='bbox 408 4025 445 4090; x_wconf 91' lang='lat' dir='ltr'><strong>id,</strong></span> <span class='ocrx_word' id='word_1_343' title='bbox 465 4027 539 4094; x_wconf 91' lang='lat' dir='ltr'><strong>quod</strong></span> <span class='ocrx_word' id='word_1_344' title='bbox 558 4026 592 4080; x_wconf 81' lang='lat' dir='ltr'><strong>ab</strong></span> <span class='ocrx_word' id='word_1_345' title='bbox 611 4025 697 4078; x_wconf 89' lang='lat' dir='ltr'><strong>altero</strong></span> <span class='ocrx_word' id='word_1_346' title='bbox 714 4021 828 4077; x_wconf 85' lang='lat' dir='ltr'><strong>inveniri</strong></span> <span class='ocrx_word' id='word_1_347' title='bbox 847 4011 983 4083; x_wconf 79' lang='lat' dir='ltr'><strong>videb&#39;ant,</strong></span> <span class='ocrx_word' id='word_1_348' title='bbox 1001 4020 1030 4073; x_wconf 87' lang='lat' dir='ltr'><strong>iu</strong></span> <span class='ocrx_word' id='word_1_349' title='bbox 1043 4035 1186 4072; x_wconf 88' lang='lat' dir='ltr'><strong>commune</strong></span> <span class='ocrx_word' id='word_1_350' title='bbox 1202 4027 1314 4086; x_wconf 80' lang='lat' dir='ltr'><strong>po&#39;aoere</strong></span> 
     </span>
     <span class='ocr_line' id='line_1_37' title="bbox 65 4102 1314 4175; baseline -0.004 -11"><span class='ocrx_word' id='word_1_351' title='bbox 65 4115 185 4168; x_wconf 82' lang='lat' dir='ltr'><strong>solebant</strong></span> <span class='ocrx_word' id='word_1_352' title='bbox 203 4113 336 4166; x_wconf 79' lang='lat' dir='ltr'><strong>formula:</strong></span> <span class='ocrx_word' id='word_1_353' title='bbox 354 4111 443 4170; x_wconf 79' lang='grc' dir='ltr'><strong><em>κοινός</em></strong></span> <span class='ocrx_word' id='word_1_354' title='bbox 460 4105 568 4175; x_wconf 75' lang='grc' dir='ltr'><em>Ἑρμῆς,</em></span> <span class='ocrx_word' id='word_1_355' title='bbox 588 4109 631 4162; x_wconf 87' lang='lat' dir='ltr'><strong>vel</strong></span> <span class='ocrx_word' id='word_1_356' title='bbox 649 4107 739 4160; x_wconf 80' lang='grc' dir='ltr'><em>κοινόν</em></span> <span class='ocrx_word' id='word_1_357' title='bbox 756 4105 792 4174; x_wconf 75' lang='grc' dir='ltr'><strong>τῴ</strong></span> <span class='ocrx_word' id='word_1_358' title='bbox 807 4102 903 4172; x_wconf 72' lang='grc' dir='ltr'><em>Ἑρμῇ,</em></span> <span class='ocrx_word' id='word_1_359' title='bbox 920 4107 954 4158; x_wconf 91' lang='lat' dir='ltr'><strong>de</strong></span> <span class='ocrx_word' id='word_1_360' title='bbox 973 4121 1028 4174; x_wconf 85' lang='lat' dir='ltr'><strong>qua</strong></span> <span class='ocrx_word' id='word_1_361' title='bbox 1038 4105 1155 4158; x_wconf 85' lang='lat' dir='ltr'><strong>formula</strong></span> <span class='ocrx_word' id='word_1_362' title='bbox 1166 4106 1272 4158; x_wconf 82' lang='lat' dir='ltr'><strong>Eraam.</strong></span> <span class='ocrx_word' id='word_1_363' title='bbox 1285 4106 1314 4159; x_wconf 91' lang='lat' dir='ltr'><strong>in</strong></span> 
     </span>
     <span class='ocr_line' id='line_1_38' title="bbox 64 4189 1314 4268; baseline -0.006 -18"><span class='ocrx_word' id='word_1_364' title='bbox 64 4199 147 4268; x_wconf 68' lang='lat' dir='ltr'><strong>Adap.</strong></span> <span class='ocrx_word' id='word_1_365' title='bbox 171 4197 238 4252; x_wconf 83' lang='lat' dir='ltr'><strong>Cbil.</strong></span> <span class='ocrx_word' id='word_1_366' title='bbox 256 4196 298 4250; x_wconf 88' lang='lat'><strong>11.</strong></span> <span class='ocrx_word' id='word_1_367' title='bbox 319 4197 392 4250; x_wconf 76' lang='lat' dir='ltr'><strong>Cant.</strong></span> <span class='ocrx_word' id='word_1_368' title='bbox 413 4202 435 4250; x_wconf 92' lang='lat' dir='ltr'><strong>l.</strong></span> <span class='ocrx_word' id='word_1_369' title='bbox 453 4213 479 4248; x_wconf 81' lang='lat' dir='ltr'><strong>n.</strong></span> <span class='ocrx_word' id='word_1_370' title='bbox 497 4197 539 4248; x_wconf 79' lang='lat'><strong>85.</strong></span> <span class='ocrx_word' id='word_1_371' title='bbox 556 4195 637 4248; x_wconf 82' lang='lat' dir='ltr'><strong>Hcin.</strong></span> <span class='ocrx_word' id='word_1_372' title='bbox 665 4193 808 4246; x_wconf 83' lang='lat' dir='ltr'><strong>Caeterum</strong></span> <span class='ocrx_word' id='word_1_373' title='bbox 822 4193 870 4259; x_wconf 82' lang='lat' dir='ltr'><strong>jus</strong></span> <span class='ocrx_word' id='word_1_374' title='bbox 888 4189 969 4253; x_wconf 88' lang='lat' dir='ltr'><strong>illud,</strong></span> <span class='ocrx_word' id='word_1_375' title='bbox 987 4202 1043 4255; x_wconf 85' lang='lat' dir='ltr'><strong>quo</strong></span> <span class='ocrx_word' id='word_1_376' title='bbox 1060 4189 1186 4241; x_wconf 86' lang='lat' dir='ltr'><strong>alludunt</strong></span> <span class='ocrx_word' id='word_1_377' title='bbox 1203 4191 1314 4255; x_wconf 87' lang='lat' dir='ltr'><strong>Poetae,</strong></span> 
     </span>
     <span class='ocr_line' id='line_1_39' title="bbox 64 4273 1314 4352; baseline -0.007 -14"><span class='ocrx_word' id='word_1_378' title='bbox 64 4285 132 4338; x_wconf 80' lang='lat' dir='ltr'><strong>alid</strong></span> <span class='ocrx_word' id='word_1_379' title='bbox 151 4299 284 4352; x_wconf 85' lang='lat' dir='ltr'><strong>umquam</strong></span> <span class='ocrx_word' id='word_1_380' title='bbox 303 4283 407 4334; x_wconf 86' lang='lat' dir='ltr'><strong>Romae</strong></span> <span class='ocrx_word' id='word_1_381' title='bbox 426 4279 589 4344; x_wconf 87' lang='lat' dir='ltr'><strong>obtinuerit,</strong></span> <span class='ocrx_word' id='word_1_382' title='bbox 608 4285 680 4331; x_wconf 88' lang='lat' dir='ltr'><strong>certe</strong></span> <span class='ocrx_word' id='word_1_383' title='bbox 697 4293 752 4330; x_wconf 88' lang='lat' dir='ltr'><strong>non</strong></span> <span class='ocrx_word' id='word_1_384' title='bbox 770 4275 895 4330; x_wconf 75' lang='lat' dir='ltr'><strong>convenit</strong></span> <span class='ocrx_word' id='word_1_385' title='bbox 917 4273 1033 4340; x_wconf 81' lang='lat' dir='ltr'><strong>regulis,</strong></span> <span class='ocrx_word' id='word_1_386' title='bbox 1052 4289 1122 4342; x_wconf 86' lang='lat' dir='ltr'><strong>quac</strong></span> <span class='ocrx_word' id='word_1_387' title='bbox 1140 4273 1175 4325; x_wconf 87' lang='lat' dir='ltr'><strong>de</strong></span> <span class='ocrx_word' id='word_1_388' title='bbox 1193 4275 1314 4329; x_wconf 90' lang='lat' dir='ltr'><strong>dominio</strong></span> 
     </span>
     <span class='ocr_line' id='line_1_40' title="bbox 64 4361 1315 4438; baseline -0.005 -19"><span class='ocrx_word' id='word_1_389' title='bbox 64 4385 153 4421; x_wconf 86' lang='lat' dir='ltr'><strong>rerum</strong></span> <span class='ocrx_word' id='word_1_390' title='bbox 170 4367 275 4421; x_wconf 89' lang='lat' dir='ltr'><strong>nullius</strong></span> <span class='ocrx_word' id='word_1_391' title='bbox 294 4365 461 4435; x_wconf 87' lang='lat' dir='ltr'><strong>acquirendo</strong></span> <span class='ocrx_word' id='word_1_392' title='bbox 486 4364 515 4419; x_wconf 87' lang='lat' dir='ltr'><strong>in</strong></span> <span class='ocrx_word' id='word_1_393' title='bbox 531 4364 603 4432; x_wconf 83' lang='lat' dir='ltr'><strong>juria</strong></span> <span class='ocrx_word' id='word_1_394' title='bbox 620 4364 708 4416; x_wconf 70' lang='lat' dir='ltr'><strong>nostri</strong></span> <span class='ocrx_word' id='word_1_395' title='bbox 732 4361 891 4416; x_wconf 87' lang='lat' dir='ltr'><strong>collectione</strong></span> <span class='ocrx_word' id='word_1_396' title='bbox 915 4364 978 4414; x_wconf 86' lang='lat' dir='ltr'><strong>sunt</strong></span> <span class='ocrx_word' id='word_1_397' title='bbox 996 4364 1119 4438; x_wconf 73' lang='lat' dir='ltr'><strong>receptae</strong></span> <span class='ocrx_word' id='word_1_398' title='bbox 1141 4365 1223 4428; x_wconf 86' lang='lat' dir='ltr'><strong>atquc</strong></span> <span class='ocrx_word' id='word_1_399' title='bbox 1241 4377 1315 4413; x_wconf 83' lang='lat' dir='ltr'><strong>oom-</strong></span> 
     </span>
     <span class='ocr_line' id='line_1_41' title="bbox 65 4445 1316 4518; baseline -0.006 -12"><span class='ocrx_word' id='word_1_400' title='bbox 65 4455 194 4518; x_wconf 82' lang='lat' dir='ltr'><strong>probatae</strong></span> <span class='ocrx_word' id='word_1_401' title='bbox 204 4471 212 4514; x_wconf 89' lang='lat'>;</span> <span class='ocrx_word' id='word_1_402' title='bbox 231 4451 285 4504; x_wconf 88' lang='lat' dir='ltr'><strong>vid.</strong></span> <span class='ocrx_word' id='word_1_403' title='bbox 305 4467 329 4502; x_wconf 86' lang='lat' dir='ltr'><strong>v.</strong></span> <span class='ocrx_word' id='word_1_404' title='bbox 347 4469 369 4503; x_wconf 89' lang='lat' dir='ltr'><strong>c.</strong></span> <span class='ocrx_word' id='word_1_405' title='bbox 379 4452 411 4502; x_wconf 84' lang='lat'><strong>1..</strong></span> <span class='ocrx_word' id='word_1_406' title='bbox 421 4454 445 4502; x_wconf 81' lang='lat'><strong>3.</strong></span> <span class='ocrx_word' id='word_1_407' title='bbox 460 4451 481 4516; x_wconf 59' lang='grc' dir='ltr'><strong>ξ.</strong></span> <span class='ocrx_word' id='word_1_408' title='bbox 490 4454 516 4502; x_wconf 84' lang='lat'><strong>³.</strong></span> <span class='ocrx_word' id='word_1_409' title='bbox 529 4451 561 4501; x_wconf 90' lang='lat' dir='ltr'><strong>D.</strong></span> <span class='ocrx_word' id='word_1_410' title='bbox 575 4449 606 4500; x_wconf 82' lang='lat' dir='ltr'><strong>cla</strong></span> <span class='ocrx_word' id='word_1_411' title='bbox 625 4467 682 4518; x_wconf 80' lang='lat' dir='ltr'><strong>uoq.</strong></span> <span class='ocrx_word' id='word_1_412' title='bbox 696 4449 738 4499; x_wconf 81' lang='lat' dir='ltr'><strong>ccl</strong></span> <span class='ocrx_word' id='word_1_413' title='bbox 756 4465 804 4500; x_wconf 87' lang='lat' dir='ltr'><strong>om.</strong></span> <span class='ocrx_word' id='word_1_414' title='bbox 819 4465 889 4515; x_wconf 76' lang='lat' dir='ltr'><strong>poca.</strong></span> <span class='ocrx_word' id='word_1_415' title='bbox 909 4447 940 4496; x_wconf 72' lang='lat'><strong>1..</strong></span> <span class='ocrx_word' id='word_1_416' title='bbox 958 4449 983 4496; x_wconf 81' lang='lat'><strong>5.</strong></span> <span class='ocrx_word' id='word_1_417' title='bbox 1001 4445 1022 4510; x_wconf 61' lang='grc' dir='ltr'><strong>ξ.</strong></span> <span class='ocrx_word' id='word_1_418' title='bbox 1045 4449 1066 4496; x_wconf 90' lang='grc' dir='ltr'><strong>Ι.</strong></span> <span class='ocrx_word' id='word_1_419' title='bbox 1084 4445 1119 4494; x_wconf 90' lang='lat' dir='ltr'><strong>D.</strong></span> <span class='ocrx_word' id='word_1_420' title='bbox 1138 4445 1170 4494; x_wconf 83' lang='lat' dir='ltr'><strong>de</strong></span> <span class='ocrx_word' id='word_1_421' title='bbox 1187 4463 1243 4514; x_wconf 84' lang='lat' dir='ltr'><strong>neq.</strong></span> <span class='ocrx_word' id='word_1_422' title='bbox 1262 4464 1316 4498; x_wconf 82' lang='lat' dir='ltr'><strong>rer.</strong></span> 
     </span>
    </p>

    <p class='ocr_par' dir='ltr' id='par_1_9' title="bbox 67 4536 250 4590">
     <span class='ocr_line' id='line_1_42' title="bbox 67 4536 250 4590; baseline 0.005 -3"><span class='ocrx_word' id='word_1_423' title='bbox 67 4539 130 4590; x_wconf 85' lang='lat' dir='ltr'><strong>dom.</strong></span> <span class='ocrx_word' id='word_1_424' title='bbox 160 4536 250 4590; x_wconf 65' lang='lat' dir='ltr'><strong>Militi.</strong></span> 
     </span>
    </p>
   </div>
   <div class='ocr_carea' id='block_1_8' title="bbox 0 0 1536 5164">
    <p class='ocr_par' dir='ltr' id='par_1_10' title="bbox 0 0 1536 5164">
     <span class='ocr_line' id='line_1_43' title="bbox 0 0 1536 5164; baseline 0 0"><span class='ocrx_word' id='word_1_425' title='bbox 0 0 1536 5164; x_wconf 95' lang='lat' dir='ltr'><strong> </strong></span> 
     </span>
    </p>
   </div>
  </div>
 </body>
</html>
