3040 5164
489 403 543 473 lle
567 403 839 474 Donsrronraus.

621 581 650 664 s.
672 581 703 642 r.

563 679 647 734 Veluti
658 689 775 736 emmas.

121 782 307 865 Praecipue
337 779 435 847 donis
462 788 496 846 et
524 783 712 849 muneribus
738 781 991 848 celebrabantur
1025 781 1201 850 Kalendae
1228 786 1289 850 Ja-

42 892 190 968 uuariae,
205 890 323 976 quibus
339 896 470 955 saeuae
485 889 700 982 mittebantur
715 890 771 956 vel
792 890 999 972 munuscula,
1015 890 1125 958 dulcia
1139 911 1289 974 praeser-

43 1001 97 1064 tim
115 999 199 1069 boni
219 998 338 1062 ominis
359 1019 489 1080 caussa,
510 998 615 1064 veluti
638 999 783 1082 caricae,
805 999 840 1062 id
862 1007 931 1080 eat,
945 999 1026 1063 ficus
1047 999 1081 1062 in
1098 998 1194 1064 Caria
1211 1022 1291 1083 pro-

44 1109 221 1189 venientes,
238 1129 372 1191 quarum
388 1107 535 1191 optimae
551 1115 645 1171 erant
659 1106 822 1172 Cauaiae:
838 1105 985 1174 Gronov.
1001 1107 1145 1170 Dr'atrr'ds
1159 1113 1193 1170 s'n
1207 1108 1290 1170 Stat.

44 1218 153 1298 Papia.
173 1237 200 1278 a.
211 1215 264 1278 14.
276 1236 309 1296 p.
325 1215 375 1280 77.
398 1214 603 1299 caryotides,
626 1214 744 1295 mella,
765 1214 926 1299 huJusque
947 1214 1079 1297 generis
1101 1214 1186 1297 alia,
1210 1224 1247 1280 ut
1268 1237 1289 1280 a

45 1323 134 1388 rebus
150 1322 300 1388 dulcibus
322 1321 435 1388 dulces
450 1323 529 1387 anni
551 1320 622 1386 dies
643 1322 899 1406 auspicarentur.
921 1322 1028 1399 Quam
1050 1324 1085 1386 in
1100 1343 1169 1386 rem
1192 1343 1288 1406 egre-

45 1433 95 1516 gia
109 1431 209 1495 mura
223 1431 325 1496 habet
339 1432 410 1496 Jos.
426 1429 576 1514 Scaliger
590 1431 635 1492 ad
647 1431 754 1494 uttan
769 1431 835 1494 In'i.
849 1431 875 1492 1.
892 1429 1056 1494 Martialis
1077 1431 1184 1514 Epigr.
1201 1431 1288 1494 VIII.

45 1538 254 1620 fflnssm

232 1648 303 1710 Hac
323 1649 433 1711 imitar
453 1654 544 1728 sputo
565 1646 646 1708 Jam'
661 1653 791 1726 caryota
811 1647 977 1720 Kalendas,

277 1755 378 1830 Quam
391 1755 464 1832 sart
482 1775 553 1818 cnm
569 1773 671 1836 pareo
691 1754 838 1818 sordidus
859 1773 932 1818 assa
952 1755 1056 1816 etms.

51 1863 90 1927 Et
108 1864 213 1946 Eps'gr.
235 1863 328 1924 XIII.
348 1861 399 1924 27.

231 1973 344 2032 Aurea
361 1973 538 2051 porrigitur
558 1967 637 2030 dans·
652 1975 781 2050 caryota
801 1967 966 2042 Kalendis,

276 2077 342 2138 Sed
361 2086 465 2139 tamen
487 2077 543 2139 doc
561 2095 677 2138 manns
692 2078 846 2156 pauperis
865 2095 934 2137 esse
954 2077 1039 2136 solet.

48 2187 184 2250 Ditiones
206 2207 319 2250 aurum
347 2193 382 2248 et
406 2190 577 2269 argentum
601 2181 796 2261 mittebant,
821 2183 998 2265 praecipue
1018 2181 1287 2265 Imperatoribus,

48 2295 240 2380 utAugusto
262 2292 351 2378 apud
373 2292 508 2355 Sueton.
530 2292 637 2352 onas.
653 2313 679 2352 c.
693 2290 744 2352 57.
766 2288 960 2354 Theodosio
982 2297 1017 2352 et
1037 2288 1186 2353 Arcadio
1200 2289 1288 2373 apud
1385 2351 1391 2355 .

47 2403 222 2488 symmach.
241 2403 343 2484 Epist.
359 2401 399 2462 X.
413 2399 463 2464 28.
487 2397 608 2462 Sedet
631 2397 703 2462 aliis
726 2396 969 2477 occasionibus,
990 2396 1095 2460 veluti
1114 2399 1159 2461 ob
1181 2397 1289 2460 victo-

47 2514 139 2596 riam,
162 2508 436 2597 quinquennalia,
459 2505 675 2588 decennalia,
696 2514 762 2591 etc..
786 2505 1044 2589 Imperatoribus
1065 2504 1290 2568 offerebantur

50 2622 134 2684 dona.
155 2621 199 2684 Et
214 2619 282 2683 tale
299 2625 349 2681 est
363 2637 477 2679 aarum
496 2617 677 2692 vitalitium,
692 2613 735 2676 ds
751 2635 817 2700 quo
833 2616 870 2678 d.
880 2615 953 2676 M.
963 2612 993 2676 9.
1004 2613 1041 2676 L.
1055 2614 1106 2678 14.
1122 2615 1154 2676 0.
1177 2615 1289 2677 ibcorl.
1335 2607 1338 2614 ’

53 2731 83 2791 de
99 2731 203 2793 senat.
219 2729 286 2788 Lib.
311 2727 362 2787 VI.
377 2730 425 2788 tsi.
442 2724 472 2786 2.
490 2723 523 2787 id
541 2731 590 2787 est
610 2744 722 2787 aurum
739 2744 759 2786 a
774 2721 990 2787 Senatoribus
1006 2729 1040 2786 et
1055 2722 1132 2786 viris
1148 2720 1289 2788 clarissi-

56 2837 101 2900 nis
113 2845 231 2923 sponte
247 2833 449 2918 promissum.
471 2831 679 2895 Decuriones
695 2831 781 2894 enirn
799 2838 833 2894 et
853 2831 992 2895 curiales
1007 2831 1047 2894 iis
1062 2831 1288 2895 occasionibus

52 2945 223 3010 offerebant
238 2963 350 3005 aurum
371 2937 594 3023 coronarium,
611 2940 654 3004 de
669 2961 735 3023 quo
754 2939 888 3022 integer
909 2938 1023 3003 titulus
1039 2948 1088 3003 est
1111 2941 1145 3004 in
1162 2939 1288 3006 Codice

240 3132 320 3191 Quod
335 3131 379 3184 illc
398 3130 521 3182 unciatim
538 3129 583 3180 vie
600 3129 632 3180 ds
651 3129 771 3180 demeum
788 3145 844 3193 suo,

236 3218 320 3271 Suam
340 3215 487 3284 defrudans
503 3216 617 3284 panium,
636 3216 779 3283 comparsit
796 3215 884 3273 miser,

235 3303 272 3355 Id
285 3301 333 3353 illa
350 3303 499 3354 universnm
518 3297 638 3369 abripiet,
658 3298 731 3351 band
746 3299 913 3358 existumans,

239 3388 345 3445 Quanto
364 3385 452 3438 laboro
467 3395 584 3455 partam.
605 3387 697 3437 Porro
715 3392 801 3436 autem
823 3384 891 3436 Geta

235 3473 361 3526 Ferietur
379 3472 430 3525 alio
447 3489 570 3537 munere,
588 3469 635 3524 nbi
652 3470 717 3522 isra
730 3471 869 3538 pepererit
874 3489 884 3531 ,·

236 3559 328 3610 Porro
347 3565 433 3608 antem
451 3558 511 3620 aiio,
530 3556 576 3610 ati
592 3557 643 3608 crit
656 3572 742 3624 puero
760 3554 856 3606 natalis
875 3555 938 3616 dies,

242 3641 291 3694 Uti
308 3640 459 3694 initiabant:
478 3661 552 3694 omne
571 3641 619 3694 lvoc
637 3650 722 3694 mater
740 3639 853 3708 cnseret.

236 3729 314 3780 Puer
333 3743 425 3778 caussa
443 3729 494 3779 erit
510 3729 639 3780 mittnndi.
657 3755 692 3764 -
710 3754 742 3764 —
762 3753 796 3763 -
959 3791 961 3798 y

53 3812 253 3879 Imperatoribus
271 3814 354 3866 missa
372 3826 432 3864 esse
448 3827 576 3876 munera,
594 3811 622 3863 in
640 3811 735 3877 primis
752 3809 884 3864 Kalendis
902 3808 1056 3873 ianuariis,
1074 3815 1148 3876 patet
1165 3813 1291 3876 exemplo

54 3899 165 3968 Augusti,
186 3900 261 3967 apud
280 3901 391 3954 Sueton.
414 3899 505 3952 Ostra.
523 3917 545 3952 c.
562 3903 605 3951 67.
630 3896 755 3950 Tiberius
778 3910 844 3948 vero
862 3911 925 3948 eum
942 3892 1064 3950 donandi
1081 3911 1183 3948 morsm
1202 3895 1291 3950 edicto

56 3980 163 4052 inhibuit,
183 3992 344 4052 strenasque
361 3986 467 4038 oblatas
485 3983 602 4050 respuit:
620 3981 676 4036 Dio
688 3981 764 4035 Cass.
779 3980 872 4032 LVII.
884 3984 909 4033 8.
929 3980 1053 4048 Caligula
1067 3996 1113 4034 eas
1126 3997 1155 4034 se
1169 3987 1291 4046 receptu-

55 4083 114 4134 rum,
129 4071 234 4125 edixit:
256 4072 330 4123 Suet.
353 4069 435 4137 Calip.
454 4087 476 4124 c.
494 4073 536 4123 42.
555 4068 686 4120 Claudius
711 4083 757 4120 eas
777 4067 867 4119 denuo
886 4066 974 4120 edicto
993 4067 1115 4120 sustulit:
1140 4066 1196 4119 Dio
1214 4066 1291 4120 Cass.

53 4152 106 4204 LX.
122 4161 146 4209 6.
166 4157 271 4208 Postea
287 4154 335 4208 vix
349 4155 494 4223 quisquam
513 4154 710 4218 Imperatorum
728 4151 864 4220 ejusmodi
881 4153 1044 4204 munuscula
1060 4152 1171 4219 respuit.
1200 4151 1292 4218 Magi-

54 4243 141 4294 stratus
160 4240 343 4308 provinciales
362 4240 434 4292 dona
453 4247 480 4292 et
497 4256 611 4292 munera
627 4255 682 4291 non
699 4243 824 4303 poterant
838 4237 901 4304 jure
918 4237 1052 4304 recipere;
1070 4237 1292 4304 permittebantur

54 4325 132 4378 amen
148 4328 184 4380 iis
197 4325 315 4393 xeniola,
327 4327 411 4380 modo
423 4332 500 4378 vetus
517 4324 585 4376 illud
603 4324 791 4378 observarent:
813 4319 882 4374 Οὔτε
898 4321 995 4386 πάντα,
1015 4315 1074 4374 orire
1092 4323 1215 4387 πάντοτε,
1233 4316 1294 4373 orire

54 4410 119 4474 napi
135 4411 249 4465 πάντων.
276 4411 366 4479 Neque
385 4412 485 4476 omnia,
503 4429 586 4479 neque
604 4409 823 4478 omnitempore,
840 4426 924 4477 nsque
942 4407 974 4461 ab
993 4407 1123 4461 omnibus:
1139 4411 1170 4460 L.
1188 4413 1213 4460 6.
1231 4409 1252 4475 ἕ.
1266 4411 1291 4460 3.

55 4490 85 4543 D.
96 4495 125 4548 de
140 4497 197 4567 Off.
214 4498 345 4549 Procons.
356 4496 390 4550 L.
404 4499 444 4548 18.
457 4495 493 4548 D.
509 4496 539 4548 dc
558 4495 615 4564 Off.
633 4495 757 4548 Praesid.
776 4494 857 4546 Unde
874 4491 943 4544 mira
960 4492 1125 4546 eontinentia
1142 4493 1293 4558 Ciceronis,

57 4578 139 4642 quiin
157 4580 297 4651 provincia
314 4578 395 4632 ctiam
414 4581 524 4634 xeniola
542 4582 588 4635 illa
606 4577 724 4650 respuit:
744 4577 839 4632 Cicero
858 4579 894 4630 ad
910 4579 990 4634 Aine.
1008 4579 1092 4652 Epist
1120 4577 1198 4632 nto.
1212 4577 1308 4630 lirin.v
