3130 5148
211 373 216 384 ’
398 379 453 448 De
478 379 573 448 donn
601 379 691 448 Nar.
717 379 829 448 Gerr.
855 401 901 448 en
925 379 1002 450 Crr.
1236 391 1242 396 '
1279 385 1329 454 63

79 575 159 620 sores
174 571 218 618 ex
232 552 459 638 superioribus
470 554 587 618 edictis
599 554 633 618 in
642 575 701 619 sua
710 555 889 620 transferre
900 563 1108 638 conarentur,
1126 557 1212 642 qdae
1222 556 1329 622 minus

79 663 213 747 grata-in
229 661 349 746 vulgus
366 660 504 726 luissent
519 663 569 744 ¹)‘c
585 646 658 725 fi'eri
672 681 741 725 non
757 664 876 746 potuit,
893 664 971 748 quin
995 663 1095 727 facile
1117 661 1340 730 adsuesceret

78 770 210 855 populus
219 770 290 854 juri
306 769 384 831 huic
398 768 578 833 honorario
593 771 639 852 ¹),
655 770 768 855 idque,
785 778 950 856 tamquam
965 773 1043 834 viva
1058 791 1125 834 vox
1140 771 1225 855 juris
1247 771 1328 836 civi-

76 877 121 959 lis,
136 878 277 960 primum
291 877 326 940 in
339 879 439 940 rebus
451 877 621 961 causisque
634 876 854 960 dijudicandis
868 877 978 942 locum
988 877 1158 944 obtineret
1171 879 1216 961 ¹).
1227 880 1329 944 mest.

648 1029 677 1110 §-
698 1027 749 1091 26.

502 1141 609 1195 Aediles
623 1141 723 1211 plebejs'
739 1152 765 1196 et
783 1144 897 1197 curules.

150 1246 351 1308 Praetorum
368 1241 523 1326 exemplo
544 1258 689 1308 enerues
712 1264 845 1328 quoque
869 1244 980 1308 edicta
1004 1265 1062 1308 sua
1085 1247 1328 1330 proponebant,

78 1373 154 1438 quae
169 1352 293 1436 etipsa
308 1349 521 1434 pertinebant
537 1349 579 1413 ad
588 1351 644 1436 jus
665 1351 886 1416 honorarium.
902 1353 1007 1416 Erant
1023 1351 1162 1417 Aediles
1177 1353 1231 1418 vel
1249 1373 1327 1418 rus·

78 1478 139 1523 ssu
154 1459 209 1522 vel
226 1473 391 1528 cuuuuns.
412 1456 580 1522 Plutarch.
598 1462 631 1520 io
648 1459 752 1522 Morio
772 1481 798 1521 c.
811 1459 841 1520 5.
856 1458 995 1522 Illorum
1019 1457 1084 1522 duo
1100 1479 1166 1523 una
1186 1483 1256 1524 cum
1272 1461 1329 1524 tri-

78 1569 162 1632 bunis
178 1567 289 1652 plebis
302 1565 408 1628 creari
424 1575 606 1650 coeperunt
622 1586 709 1629 anno
733 1565 774 1630 U.
792 1565 829 1630 C.
841 1565 976 1630 CCLX.
994 1575 1030 1630 ut
1050 1566 1207 1632 Tribunis
1220 1576 1330 1632 essent

78 1675 114 1737 ad
125 1696 249 1756 manus,
270 1693 452 1758 eorumque
462 1673 557 1759 jussu
576 1694 704 1737 caussas
716 1673 862 1736 leviores
880 1674 1023 1758 litesque
1042 1675 1187 1760 privatas
1207 1675 1330 1760 dijudi-

78 1771 429 1866 candas'susciperent,
456 1781 585 1844 aedium
614 1801 788 1864 sacrarum,
814 1781 1030 1868 locorumque
1054 1782 1271 1868 publicorum,
1295 1790 1330 1846 et

78 1911 234 1974 annonae,
264 1909 373 1952 curam
396 1895 563 1972 gererent,
590 1898 810 1954 matronarum
836 1888 980 1974 denique
1003 1890 1197 1978 ‚civiumque
1222 1911 1330 1956 mores

78 2001 297 2062 observarent.
312 1996 451 2080 Dionys.
459 1996 570 2060 Halic.
581 1999 688 2080 Anttq.
704 1997 791 2058 limo.
809 1998 860 2060 VI.
868 1981 920 2062 90.
936 1997 1074 2063 curules
1088 2019 1182 2082 vero,
1198 1998 1240 2062 de
1256 2001 1329 2086 qui·

79 2108 130 2170 bus
146 2107 201 2170 hic
214 2105 355 2189 agimus,
375 2125 393 2166 e
408 2105 555 2189 patriciis
570 2104 666 2168 initio
686 2103 895 2190 legebantur.
920 2106 1029 2185 Quum
1049 2106 1137 2172 enim
1152 2106 1335 2192 discordia,

32 2195 36 2201 ⁶
81 2213 115 2276 de
124 2211 270 2277 Consule
286 2203 424 2298 'plebejo
442 2211 586 2276 creando
599 2212 689 2277 inter
706 2210 839 2295 plebem
851 2220 886 2277 et
901 2214 1058 2298 patricios
1072 2223 1202 2294 exorta,
1214 2214 1330 2280 sedata

81 2321 250 2404 videretur,
263 2319 403 2406 ludique
416 2322 459 2385 ob
474 2341 546 2384 eam
561 2321 630 2382 rem
646 2316 904 2382 decernerentur
919 2320 982 2384 diis
1001 2323 1127 2404 patriis,
1141 2320 1330 2385 detrectan-

83 2428 158 2492 tibus
171 2431 259 2492 banc
272 2449 383 2493 curam
395 2428 558 2492 aedilibus
569 2426 723 2511 plebejis,
735 2425 929 2492 obtulerunt
939 2449 974 2490 se
987 2427 1057 2491 bini
1067 2429 1211 2514 juvenes
1227 2428 1330 2512 patri-

83 2538 128 2620 cii,
143 2537 298 2622 polliciti,
314 2557 348 2600 se
365 2536 430 2599 hoc
445 2556 559 2598 munus
574 2543 791 2620 suscepturos.
816 2533 1030 2600 Collaudavit
1049 2535 1191 2622 populus
1206 2533 1270 2598 hoc
1286 2535 1329 2602 de

83 2645 241 2729 republica
252 2648 340 2709 bene
358 2643 505 2706 merendi
522 2641 674 2725 studium,
691 2652 737 2725 et,
755 2642 866 2708 denuo
876 2643 1008 2710 delusus
1019 2643 1231 2730 patriciorum
1248 2643 1329 2708 arti·
1423 2633 1427 2636 ’

84 2753 146 2834 bus,
155 2753 210 2816 bos
223 2753 382 2838 patricios
388 2752 531 2835 juvenes
544 2749 683 2816 Aediles
693 2752 828 2834 creavit,
841 2752 1023 2838 sellamque
1038 2752 1183 2816 curulem
1194 2751 1330 2818 honoris

84 2881 182 2924 caussa
196 2859 382 2926 concessit:
404 2859 491 2924 unde
509 2865 543 2922 et
558 2875 702 2924 Anninus
721 2875 875 2926 curuans
896 2860 962 2923 dici
980 2868 1238 2926 consueverunts
1260 2859 1329 2926 Ιιίυ.

83 2968 155 3032 Hist.
173 2970 225 3032 VI.
240 2967 293 3032 42.
315 2966 401 3047 (Cfr.
417 2977 451 3032 et
468 2967 670 3050 Pomponius
685 2969 723 3032 L.
735 2968 766 3030 2.
782 2969 811 3049 §.
822 2966 874 3030 26.
885 2969 926 3030 1).
938 2968 977 3029 de
994 2967 1029 3028 0.
1038 2968 1083 3048 J.)

651 3159 681 3240 §-
701 3157 753 3222 27.

152 3293 263 3356 Penes
276 3291 336 3354 hos
356 3311 437 3376 ergo
454 3277 525 3354 erat
542 3309 693 3354 annonae
705 3293 743 3371 ΙΙΙ)
763 3289 956 3374 viarumque
968 3288 1172 3372 publicarum
1189 3287 1329 3368 curatio,

83 3400 174 3466 tutela
190 3399 293 3476 urbis,
308 3398 460 3464 ludorum
478 3398 653 3479 institutio,
675 3394 835 3460 derebus
860 3395 1034 3460 venalibus
1056 3395 1331 3491 promercalibus·
1399 3472 1405 3484 .

143 3623 166 3690 i)
188 3623 249 3674 Cic.
269 3621 298 3674 in
317 3620 397 3672 Verr.
416 3622 436 3673 Ι.
455 3625 498 3674 43.
519 3618 605 3673 Miilcl.

137 3707 168 3775 k)
188 3705 250 3758 Cic.
270 3703 305 3756 de
327 3705 427 3757 invent.
446 3705 481 3757 11.
499 3709 542 3757 22.
561 3701 698 3770 -2‚j11ra
723 3707 787 3755 sunt
805 3703 939 3770 quaedam
963 3701 1024 3768 ipsa
1046 3701 1105 3768 jam
1130 3711 1203 3758 certa
1220 3709 1331 3773 propter

81 3795 324 3858 vetustatemque
347 3789 375 3840 in
393 3805 490 3854 genere
514 3795 541 3840 et
565 3789 618 3842 alia
642 3791 706 3840 sunt
729 3787 829 3848 multa,
848 3790 986 3838 eteorum
1010 3789 1097 3840 multo
1120 3789 1240 3842 maxima
1257 3803 1331 3854 pars,

80 3891 141 3944 quae
158 3878 308 3928 Praetores
326 3874 432 3926 edicere
449 3870 643 3926 consuerunt.’'
656 3901 689 3910 -
703 3871 743 3923 ld.
757 3871 786 3922 in
799 3871 877 3922 Vb‘rr.
894 3872 915 3922 Ι.
928 3875 972 3924 44.
984 3869 1042 3925 ins.
1060 3871 1268 3941 „Posteaquam
1282 3872 1331 3938 jus

79 3961 238 4024 praetorium
256 3957 436 4011 constitutum
456 3965 511 4022 est,
529 3973 636 4024 semper
654 3958 706 4009 hoc
720 3957 784 4026 J'ure
801 3956 845 4010 osi
863 3971 958 4008 snmus
975 3985 1003 3994 -
1016 3985 1046 3996 —
1061 3985 1101 4007 -.
1119 3957 1211 4019 Quare
1230 3957 1282 4008 boc
1295 3955 1332 4008 sit
1440 3997 1446 4008 .

79 4046 283 4114 aequissimum,
297 4044 376 4096 facile
393 4049 435 4096 est
453 4042 563 4106 docere;
583 4041 632 4094 sed
649 4041 677 4094 in
694 4057 724 4093 re
739 4047 795 4093 tam
812 4041 913 4092 usitata
930 4041 997 4093 satis
1015 4045 1057 4094 est
1073 4042 1225 4105 ostendere,
1236 4055 1331 4095 omues

79 4135 150 4181 antea
162 4129 211 4196 jus
230 4130 271 4182 ita
289 4129 403 4192 dixisse,
421 4135 447 4180 et
464 4130 516 4180 hoc
533 4132 611 4179 vetus
630 4125 748 4179 edictum
766 4125 1013 4194 banslatitiumque
1030 4123 1161 4178 esse.”-
1175 4116 1216 4178 VJ
1229 4128 1331 4178 Asera-

79 4214 134 4266 aius
150 4215 265 4281 interpr.
281 4214 338 4281 jur.
359 4211 419 4263 Lib.
438 4213 460 4264 Ι.
479 4231 502 4264 c.
520 4217 546 4266 6.
565 4212 612 4264 Νι.
635 4216 675 4265 17.
696 4215 737 4264 18.
756 4209 844 4262 lissilsl.

146 4301 170 4367 1)
190 4301 223 4351 L.
242 4303 269 4352 8.
288 4299 326 4350 I).
348 4297 379 4348 de
397 4297 426 4348 J.
445 4305 471 4349 et
487 4295 517 4347 J.
544 4293 632 4348 Miilsl.

115 4381 119 4390 '
140 4385 181 4452 m)
201 4385 284 4438 Hanc
302 4397 429 4434 annonae
446 4382 664 4447 procurationem
686 4386 782 4447 postea
799 4379 890 4433 Julius
908 4379 1009 4432 Caesar
1033 4377 1206 4432 demandavit
1223 4377 1335 4434 duobus

81 4467 133 4521 aliis
149 4469 311 4532 Aedilibus,
332 4467 381 4536 qui
405 4481 533 4519 osaascss
555 4465 737 4518 vocabantur:
756 4465 811 4518 Dio
830 4466 907 4518 Cass.
926 4463 996 4516 Hist.
1017 4461 1131 4516 xalll.
1150 4467 1193 4516 m.
1211 4463 1244 4519 1..
1264 4467 1290 4516 2.
1308 4465 1330 4531 5.

80 4557 117 4611 ³2.
134 4557 169 4608 D.
188 4558 221 4610 ds
245 4554 325 4622 θήρ.
336 4553 399 4623 jur.
417 4567 469 4619 pru
489 4551 590 4621 quibus
609 4566 750 4619 perperam
769 4551 917 4604 Praetores
937 4548 1059 4603 Cereales
1082 4546 1136 4601 sibi
1154 4551 1258 4616 fingunt
1274 4549 1335 4602 Ro-
