3030 5160
24 411 88 477 Lm.
100 408 167 477 lll.
179 407 270 477 Trr.
284 408 383 478 Xlll.
399 406 507 496 (xll.)
523 405 579 475 lle
594 403 881 476 Successromans
897 405 1079 494 Sunnsms,
1098 419 1166 530 etc.
1201 413 1273 482 alr

24 586 205 666 slicabant,
235 583 370 650 nomina
394 584 577 648 adnmre.
609 581 724 669 Atque
748 583 796 648 ita
824 581 924 648 etiam
949 584 1051 650 sentit
1077 585 1274 670 Eguinarius

24 694 96 756 Baro
112 692 158 773 b).

607 808 636 890 5.
656 805 687 870 a.

477 922 578 976 Caussa
595 921 674 992 hujus
689 921 821 990 resmpts‘.

92 1025 338 1108 Caussaeergo
349 1024 445 1110 hujus
464 1022 709 1088 constitutionis
729 1031 803 1087 sunt
819 1031 886 1087 tum
902 1021 1066 1089 libertatis
1082 1023 1188 1108 favor,
1205 1017 1272 1089 tum

24 1134 161 1197 lefuncti
185 1131 405 1215 existimatio,
421 1155 518 1216 quam
539 1152 601 1216 per
614 1133 776 1196 bonorum
791 1131 1019 1196 venditionem
1034 1133 1156 1199 laesam
1173 1134 1273 1200 fuisse

24 1263 106 1325 supra
122 1242 191 1303 Lib.
209 1241 256 1304 II.
276 1242 335 1304 111.
350 1241 388 1303 X
388 1242 496 1304 VII-
504 1239 594 1302 XIX.
610 1240 638 1322 5.
653 1239 704 1302 11.
720 1237 975 1304 observavimus.
1219 1246 1224 1252 “

606 1393 635 1474 §-
657 1389 688 1452 4.

384 1509 436 1563 Jus
452 1525 548 1561 novum
567 1527 584 1560 a
602 1507 753 1560 Justiniano
770 1508 909 1563 innectum.

93 1610 165 1674 Sed
186 1618 225 1676 et
248 1609 298 1672 his
316 1630 375 1672 suo
395 1629 488 1674 more
509 1608 670 1674 nonnulla
692 1609 822 1673 addidit
840 1610 1044 1676 Justinianus
1064 1617 1098 1675 L.
1114 1615 1170 1675 ult.
1189 1613 1221 1674 0.
1236 1614 1276 1676 ds

25 1720 149 1780 lhstam.
166 1718 321 1781 monum.
334 1738 399 1802 qua
420 1727 548 1782 cautum
574 1725 640 1800 est,
655 1717 683 1781 Ι.
699 1725 735 1781 ut
748 1718 804 1802 jus
821 1718 1011 1804 postulandi
1031 1722 1193 1785 bonorum
1216 1720 1275 1784 ad-

24 1823 196 1889 dictionem
214 1847 359 1890 annuum
375 1833 471 1889 esset.
486 1826 532 1888 II.
544 1837 591 1908 ut,
604 1825 631 1888 si
647 1825 757 1910 plures
774 1825 869 1889 simul
885 1827 1042 1892 satisdato
1055 1827 1273 1915 postularent,

24 1932 56 1993 iis
75 1923 164 1997 bona
190 1933 292 1998 simul
312 1934 554 1998 addicerentur.
579 1933 642 1997 ΙΙΙ.
664 1941 702 1997 ut
722 1935 791 2019 ejus
814 1935 1035 2019 potissimum,
1062 1937 1119 2022 qui
1140 1935 1213 2020 plus
1240 1955 1276 1998 se

25 2043 254 2121 praestiturum
270 2050 356 2106 esset
371 2041 550 2126 pollicitus,
567 2041 653 2104 ratio
670 2042 856 2106 haberetur.
871 2042 932 2105 IV.
944 2049 990 2121 ut,
1010 2043 1067 2128 qui
1077 2043 1162 2128 plus,
1179 2065 1275 2129 quam

26 2147 110 2229 alter,
126 2149 180 2215 cui
199 2152 294 2216 bona
308 2150 452 2232 addicta,
467 2149 555 2213 intra
570 2170 688 2212 annum
705 2149 851 2230 offerret,
863 2147 968 2212 altero
983 2149 1171 2215 libertatem
1187 2172 1276 2215 suam

27 2256 202 2343 retinente,
217 2261 310 2323 bona
325 2259 504 2358 obtineret.
526 2256 623 2335 Quae
639 2256 752 2320 omnia
773 2263 1050 2321 commentatores
1065 2257 1164 2322 latius
1180 2278 1276 2338 exse·

29 2373 168 2448 quuntur.

368 2637 454 2702 nm.
474 2637 539 2701 111.
561 2637 653 2701 Tru.
674 2637 777 2702 xrrr.
802 2636 919 2722 (xri.)

611 2804 667 2842 'DE

82 2892 469 3017 soccessronmus
492 2923 727 3007 sonulam,
750 2923 880 3002 oola
901 2925 1108 2990 cranaus
1129 2927 1224 2993 ran

37 3033 257 3104 conononr
283 3033 620 3101 vsumurouau
650 3033 712 3098 er
742 3033 811 3096 nx
843 3033 960 3096 soro
994 3034 1278 3102 cmnnmuo.

108 3188 282 3274 Quidquid
294 3188 336 3251 de
354 3187 575 3272 adquisitione
590 3207 651 3271 per
665 3186 825 3249 bonorum
842 3185 1068 3249 venditionem
1081 3189 1147 3251 dici
1158 3190 1279 3274 potuit,

32 3289 90 3369 jam
106 3317 202 3381 supra
217 3299 285 3360 Lib.
300 3296 342 3356 11.
362 3295 420 3357 Tit.
434 3296 537 3356 XVII
543 3295 684 3357 -XIX
699 3295 727 3376 §.
742 3292 793 3356 11.
809 3301 1002 3377 occupatum
1027 3305 1077 3358 est
1090 3299 1134 3376 ⁸).
1156 3296 1281 3360 Obser-

96 3503 127 3569 b)
145 3504 280 3558 Probavlt
297 3503 379 3556 latius
398 3504 534 3558 Guilielm.
553 3506 620 3557 Otto
638 3503 761 3558 Reitzius
780 3505 816 3557 ad
834 3503 1016 3570 Theophilum
1031 3503 1059 3568 d.
1072 3503 1089 3574 l.
1118 3505 1159 3571 (p.
1177 3508 1237 3560 005.
1252 3511 1280 3559 et

40 3579 62 3631 in
79 3583 138 3640 Ere.
160 3587 336 3656 Theophilioo
357 3589 438 3641 XVI.
452 3607 482 3658 p.
498 3588 598 3655 1009).
620 3588 702 3641 Uann.

97 3672 126 3738 a)
146 3675 225 3728 Haeo
242 3677 333 3725 tamen
350 3672 432 3726 etiam
450 3674 587 3728 monendo
604 3689 665 3726 csse
686 3673 829 3728 videntur:
857 3672 965 3738 Quodsi
983 3673 1038 3727 vivi
1055 3675 1127 3726 boue
1144 3671 1281 3740 venibant,

39 3748 138 3812 lubebat
155 3775 189 3812 ea
205 3760 321 3810 Praetor
339 3773 388 3823 per
406 3757 464 3810 dies
476 3757 621 3811 continuos
635 3757 737 3810 XXX.
754 3758 890 3823 possideri
907 3764 934 3811 et
951 3759 1095 3826 proscribi,
1110 3757 1151 3812 sin
1169 3759 1280 3823 mortui,

42 3847 81 3895 per
97 3840 152 3894 dics
166 3845 251 3908 XV„
276 3843 376 3911 quihus
398 3844 551 3909 mansactis,
569 3843 698 3910 magister
723 3843 927 3896 vendendorum
950 3845 1085 3899 bonorum
1107 3861 1125 3898 a
1141 3844 1282 3898 creditori·
1308 3843 1312 3852 '

42 3915 84 3970 but
100 3929 233 3987 creandus
251 3934 309 3980 erat
329 3928 406 3996 (Gaj.
425 3930 475 3981 Ill.
490 3931 511 3996 ξ.
524 3933 566 3984 78.
581 3933 623 3983 79.
643 3927 747 3980 Stieher
762 3929 793 3979 de
814 3927 941 3979 bonorum
956 3931 1067 3982 emtione
1089 3933 1162 4000 apud
1181 3940 1281 3983 veteres

43 4001 167 4065 Romanos
186 4013 277 4081 (Lips.
292 4015 382 4082 1827.)
403 4013 470 4077 Cap.
486 4012 536 4063 Ill.
553 4013 862 4079 Bethmaun-Hollweg
883 4012 1163 4085 Gericltsverfoaaunq
1171 4035 1198 4069 u.
1211 4017 1283 4068 Pro-

43 4103 88 4142 cea
104 4095 147 4148 des
163 4100 306 4152 sistendas
322 4098 389 4150 rim.
410 4097 509 4151 Reichs
533 4098 553 4164 ξ.
568 4101 611 4151 29.
633 4114 660 4164 p.
674 4101 734 4150 308.
749 4100 815 4166 sq.).
841 4101 983 4151 Bonorum
1002 4104 1089 4152 emtor
1104 4101 1180 4152 velut
1203 4101 1281 4153 heres

43 4185 84 4234 por
99 4181 300 4240 universitatem
312 4184 458 4237 succedere
468 4183 610 4237 videbatur
622 4181 738 4235 debitori
755 4184 892 4247 obserato,
912 4183 1037 4252 adeoque
1053 4185 1117 4236 ficto
1136 4201 1166 4237 se
1182 4187 1281 4239 herede

44 4261 128 4321 agebat
144 4269 275 4322 adversus
293 4284 466 4335 possessores
494 4267 698 4336 debitoresque;
725 4275 833 4335 poterat
855 4275 944 4322 tameo
966 4255 1151 4335 et‘tamquam
1169 4287 1204 4324 ex
1218 4272 1281 4337 jure

44 4355 111 4398 cesso
128 4365 214 4418 agere,
232 4355 284 4406 boc
300 4361 390 4422 pacto,
408 4359 439 4406 nt
457 4359 546 4406 sumta
563 4352 712 4408 intentione
730 4372 765 4407 ex
782 4357 842 4422 ejus
860 4367 985 4420 persona,
1002 4353 1081 4421 cnjus
1096 4353 1168 4408 bone
1179 4356 1281 4421 emerit,

46 4440 199 4489 muverteret
216 4439 469 4494 condemnationem
489 4439 517 4490 in
543 4454 619 4491 suam
638 4453 791 4504 personam,
816 4451 887 4507 quae
911 4439 1021 4508 quidem
1041 4437 1146 4504 species
1166 4439 1281 4510 actionis

47 4508 172 4600 butiliano
187 4525 382 4590 appellabatur,
403 4523 504 4592 quippe
527 4525 690 4577 aPraetorc
713 4525 814 4578 Publio
822 4525 926 4579 Rutilio
951 4525 1113 4578 introducta.
1133 4521 1214 4591 (Gaj.
1233 4524 1282 4577 IV.

49 4601 111 4658 iffi·
126 4605 323 4664 Midrleubruob
341 4611 446 4665 Ocssion
462 4599 510 4662 der
525 4607 785 4678 Fordcmnysrcchte
803 4611 824 4676 ξ.
838 4615 877 4663 15.
895 4625 923 4676 p.
934 4615 992 4664 101.
1010 4615 1065 4666 not.
1074 4611 1150 4680 300)
1173 4606 1282 4663 Eidem·
