3056 5154
531 383 590 452 tm
614 383 839 453 Acrrcnmus.
1241 369 1317 458 fibi¹

14 557 350 642 subjeetiarliaessl.
365 579 420 641 pr.
429 557 471 622 D.
487 561 528 621 de
549 559 588 620 Ia
599 561 657 640 jue
676 539 923 623 cocsParerites
939 579 1073 645 quoque
1095 567 1130 624 et
1143 567 1314 644 patronos,

14 672 73 725 ut
99 671 274 727 eteorum
297 673 452 750 parentes
466 665 773 730 horumveliberos
796 685 863 730 non
879 689 990 751 passus
1012 675 1063 730 est
1077 668 1227 750 Praetor,
1249 669 1313 733 nisi

14 770 235 854 impetrata
257 771 370 854 venia,
391 773 425 834 in
442 773 498 856 jus
519 789 657 836 vocare:
681 774 710 854 §.
724 773 754 836 3.
771 776 849 837 Inrt.
864 777 904 837 de
922 777 1021 837 Poen.
1041 785 1110 838 tem.
1130 778 1207 858 ittig.
1227 777 1264 837 L.
1282 777 1312 838 4.

18 883 72 938 et
98 899 153 960 aq.
163 879 204 940 D.
219 880 258 940 de
271 881 309 941 In
316 883 384 964 jus.
400 901 462 944 voc.
479 881 572 960 Eum,
585 879 640 964 qui
657 880 691 942 id
702 879 917 964 neglexisset,
938 883 1178 967 quinquaginta
1194 904 1313 946 aureo-

17 1006 127 1046 rum
145 985 268 1050 mulcta
283 987 444 1050 coercuit:
462 988 495 1050 L.
512 991 567 1050 ult.
584 996 618 1050 et
628 1009 703 1071 pen.
720 989 760 1048 D.
777 991 815 1050 de
829 991 867 1051 In
875 993 934 1071 jus
948 1009 1012 1053 coc.
1268 988 1271 996 '

633 1171 663 1252 ς.
683 1171 734 1234 16.

382 1285 470 1338 Domo
487 1301 536 1338 carr
553 1283 707 1338 abstrahere
724 1289 853 1340 neminem
872 1289 991 1342 acuent?

140 1384 288 1450 Invalnit
303 1386 418 1467 etiam,
434 1394 471 1450 ut
486 1387 579 1450 nefas
601 1387 791 1470 haberetur,
808 1408 1004 1474 quemquam
1020 1389 1063 1454 de
1085 1389 1185 1454 domo
1201 1409 1259 1452 sua
1275 1389 1312 1452 in

21 1495 103 1578 jus
121 1511 258 1578 rapere,
274 1491 364 1577 quod
380 1515 437 1557 sua
452 1495 571 1578 cuique
592 1495 706 1558 domus
728 1495 772 1558 ob
788 1499 956 1580 penatium
972 1497 1169 1582 religionem
1186 1495 1312 1560 tutissi-

30 1621 142 1662 mum
167 1599 308 1664 deberet
331 1621 401 1664 esse
422 1603 602 1687 refugiumr
625 1602 1012 1668 ululatuum.
1046 1606 1081 1668 Si
1106 1605 1178 1689 quis
1201 1610 1312 1666 tamen

35 1707 181 1772 diutius
195 1708 344 1772 latitaret
359 1709 460 1790 domi,
476 1711 629 1794 adeoque
643 1711 823 1795 impediret
838 1711 1013 1794 latitando,
1030 1735 1097 1797 quo
1113 1712 1217 1774 minus
1233 1731 1312 1794 pos-

36 1825 106 1878 set
126 1816 162 1878 in
183 1815 239 1900 jus
261 1817 388 1879 vocari:
409 1817 465 1880 vel
491 1817 562 1880 sola
583 1817 862 1901 denunciatione,
888 1819 943 1883 vel
964 1819 1101 1901 litteris,
1120 1818 1175 1882 vel
1199 1818 1310 1881 edicto

38 1923 225 1986 Praetoris
249 1924 452 1998 evocabatur
466 1927 510 2006 l²),
527 1935 561 1988 et
584 1928 612 1988 si
628 1926 682 1989 vel
697 1927 744 1990 sic
759 1947 892 2012 quoque
915 1949 951 1990 se
970 1947 1036 1990 non
1053 1928 1201 2008 sisteret,
1217 1935 1311 1990 actor

40 2031 92 2092 in
115 2031 184 2114 ejus
203 2031 292 2094 bona
314 2032 524 2096 mittebatur:
550 2033 588 2094 1..
608 2033 638 2094 2.
657 2035 697 2094 D.
717 2036 805 2112 Quid.
824 2057 865 2098 er
889 2057 976 2098 caue.
999 2039 1031 2096 fn
1052 2055 1188 2117 possess.
1202 2043 1310 2114 ‚eatan

128 2261 160 2330 b)
180 2263 304 2315 Forsitan
321 2263 375 2314 huc
393 2265 498 2327 spectat
514 2261 574 2314 XII
593 2261 746 2314 tabularum
764 2263 849 2326 locus,
869 2277 950 2330 quem
966 2263 1050 2314 refert
1066 2263 1165 2314 Festus
1187 2261 1230 2314 his
1249 2279 1310 2315 ver·

42 2346 114 2400 bis:
141 2386 159 2411 „
169 2347 219 2400 Oui
242 2348 414 2400 testimonium
442 2345 614 2414 desuerit,s's
637 2348 722 2400 tertiis
746 2345 837 2398 diebus
863 2346 894 2398 ob
911 2355 1019 2415 pertram
1038 2345 1219 2413 advocatarum
1234 2346 1311 2407 ito’',·

42 2449 77 2484 v.
98 2433 215 2484 Portum
233 2438 260 2484 et
278 2433 417 2500 copulatio.
443 2433 559 2496 Portus,
578 2436 646 2484 teste
666 2431 762 2486 eodem
780 2433 875 2495 resto,
896 2432 1001 2484 domem
1024 2430 1172 2496 significat,
1199 2433 1310 2498 vegula·

44 2515 93 2568 tio
121 2520 212 2568 autem
234 2519 420 2586 quaestionem
447 2533 509 2568 cum
530 2517 661 2570 convicio.
693 2517 823 2569 Nondum
842 2517 915 2569 enim
935 2518 989 2568 lata
1016 2518 1074 2581 lege
1096 2516 1163 2568 Silia
1188 2516 1224 2582 (ς.
1243 2517 1310 2583 19.),

45 2619 103 2653 nec
121 2601 271 2667 propositis
289 2601 378 2654 edicto
396 2601 539 2666 remediis,
559 2601 658 2670 quibus
678 2603 712 2653 ad
731 2603 942 2668 comparendum
961 2601 1139 2653 detrectantes
1157 2600 1310 2653 excitaren-

47 2693 112 2739 tur:
130 2688 272 2754 quomodo
290 2685 343 2740 sibi
361 2687 515 2739 consuleret
532 2692 616 2751 actor,
634 2688 659 2740 si
676 2687 783 2752 copiam
802 2685 845 2739 sui
862 2702 918 2740 non
935 2687 1037 2739 faceret
1054 2685 1243 2738 adversarius?
1266 2687 1311 2738 De

49 2773 138 2824 domo
157 2787 208 2824 sua
225 2771 410 2826 adversarium
427 2772 456 2824 in
476 2771 524 2836 jus
542 2787 638 2836 rapere
663 2772 765 2823 nemini
782 2771 859 2824 licuit
865 2790 873 2832 ;
898 2777 927 2824 at
943 2770 1072 2824 conviciis
1090 2787 1153 2823 eum
1171 2773 1243 2823 foras
1262 2769 1311 2824 eli·'

49 2875 123 2922 cere,
142 2855 170 2908 id
183 2873 232 2909 nec
245 2859 279 2910 ab
296 2859 393 2911 horum
411 2863 564 2921 temporum
576 2855 688 2917 ratione,
701 2871 751 2906 nec
764 2871 781 2906 a
792 2855 978 2908 decemviralis
996 2856 1064 2921 legis
1081 2853 1174 2907 indole
1191 2856 1311 2908 alienum

50 2957 115 2994 esse
133 2941 248 2994 videtur.
272 2945 392 3010 Propius
411 2944 446 2995 ad
464 2945 533 2994 hauc
552 2941 711 2992 sententiam
729 2939 834 2992 accedit
851 2941 912 2992 Jac.
930 2941 1091 2994 Raerardus
1105 2941 1142 2992 ad
1160 2940 1230 2992 XII
1242 2939 1310 2992 tabl.
1393 2977 1396 2984 .

51 3047 76 3080 c.
97 3027 154 3080 ΧΙ.
172 3046 233 3096 opp.
254 3027 284 3080 Τ.
303 3027 369 3096 Lp.
389 3045 423 3080 m.
441 3031 498 3090 65„
522 3042 572 3078 nec
594 3040 650 3077 non
676 3025 741 3077 Abr.
760 3025 927 3090 Wielingius
954 3027 982 3078 in
999 3026 1078 3077 diatr.
1104 3026 1135 3076 de
1153 3023 1236 3090 sarto
1258 3041 1311 3092 per

53 3113 158 3164 lancem
182 3119 208 3163 st
231 3113 318 3166 licium
343 3121 466 3181 concepto
487 3111 593 3178 (Marp.
612 3109 704 3176 1719.)
724 3127 748 3160 c.
767 3115 792 3163 4.
809 3111 830 3177 ξ.
851 3116 873 3162 l.
891 3115 929 3170 2..
946 3110 974 3162 in
997 3125 1030 3162 eo
1052 3115 1142 3162 maren
1166 3110 1310 3163 discedens

53 3213 71 3248 a
88 3197 248 3260 Raevardo‚
267 3197 342 3265 quod
364 3196 601 3264 obvagulaticnem
625 3195 790 3260 praelusisse
810 3194 1012 3262 quodammodo
1030 3194 1157 3260 conjiciat
1180 3193 1246 3244 furti
1262 3207 1311 3257 per

52 3283 161 3335 lancem
181 3287 208 3334 et
225 3283 317 3336 licium
336 3282 515 3349 conceptioni.
542 3284 580 3335 At
596 3281 719 3354 plerique
741 3281 919 3346 interpretum
937 3279 966 3330 in
983 3295 1016 3331 ea
1033 3284 1098 3331 sunt
1116 3277 1261 3339 sententia,
1279 3280 1311 3328 ut

53 3367 295 3432 obvagulationem
312 3369 348 3420 ad
366 3369 476 3421 testium
494 3369 575 3421 aedes
592 3369 691 3419 tactam
709 3381 769 3418 asse
786 3364 950 3428 existiment,
968 3381 1030 3416 eum
1049 3362 1159 3431 quidem
1177 3360 1310 3426 inlicem,

52 3458 86 3504 ut
104 3453 188 3504 domo
206 3457 287 3505 testes
306 3461 457 3519 evocarent,
480 3453 541 3522 qui,
560 3469 645 3521 quum
663 3453 701 3504 rei
719 3457 811 3519 gestae
829 3450 977 3512 adfuerint,
995 3454 1044 3500 aut
1060 3445 1245 3500 testimenium
1263 3445 1311 3498 de·

53 3543 218 3601 necterent,
244 3542 292 3590 aut
318 3537 362 3590 die
386 3543 457 3591 stato
482 3537 629 3590 testimonii
654 3535 761 3588 ferundi
779 3551 862 3588 causa
886 3551 941 3587 non
966 3536 1160 3599 comparerent.
1187 3533 1311 3598 Eamque

55 3621 217 3674 sententiam
234 3623 397 3676 Hauboldus
416 3639 526 3691 quoque
544 3622 671 3686 defendit,
683 3622 825 3688 ‚ingentem
843 3619 1007 3685 scriptorum
1027 3633 1119 3670 secum
1137 3616 1311 3670 sentientium

55 3706 165 3774 copiam
182 3708 323 3770 adferens,
341 3708 369 3760 in
387 3718 524 3761 comment.
543 3711 575 3760 de
593 3710 647 3760 ritu
664 3706 869 3774 adcopulatiouis
887 3706 960 3774 apud
977 3705 1121 3757 Romanos.
1139 3701 1216 3766 Lips.
1235 3705 1311 3755 1787.

56 3793 130 3844 etin
147 3809 252 3861 apeme.
270 3812 287 3845 a
311 3793 433 3846 Wenctic
452 3795 523 3846 editt.
540 3796 572 3847 Τ.
592 3795 615 3845 Ι.
629 3809 660 3858 p.
681 3797 840 3844 147-186.
859 3795 1029 3854 Provocant,
1048 3790 1096 3857 qui
1114 3790 1164 3843 hac
1188 3786 1217 3838 in
1234 3790 1311 3852 parte

56 3882 144 3940 stant,
170 3877 205 3928 ad
229 3877 344 3930 similem
370 3880 514 3946 quemdam
533 3879 653 3931 Atticum
677 3891 796 3938 morem
823 3875 851 3927 in
876 3892 932 3943 quo
954 3881 1045 3927 tamen
1069 3871 1136 3926 uitril
1161 3871 1311 3937 quidquam

56 3961 145 4015 simile
163 3962 289 4030 equidem
307 3963 429 4016 invenire
446 3962 536 4029 potui,
556 3979 641 4029 quum
659 3977 714 4014 nen
726 3977 774 4027 per
794 3961 960 4019 convicium,
979 3975 1073 4012 verum
1092 3963 1141 4009 aut
1163 3971 1211 4020 per
1233 3970 1311 4019 prae·

55 4064 152 4100 cenem
171 4047 280 4112 publica
297 4047 467 4112 auctoritate,
486 4052 534 4098 aut
544 4047 649 4099 actione
668 4051 749 4100 testes
761 4047 875 4099 Athenis
888 4045 1001 4098 excitari
1015 4039 1204 4095 consueverint
1217 4059 1224 4100 ;
1242 4037 1310 4104 (vid.

55 4132 146 4185 Meicr
165 4137 193 4183 et
211 4131 347 4184 Sch'dman
365 4135 413 4184 der
431 4131 549 4184 Attisclrc
573 4131 693 4186 Process.
711 4135 793 4186 Helle
814 4135 888 4184 1824.
905 4147 932 4196 p.
950 4134 1010 4182 6⁷2
1027 4127 1094 4194 sq).
1108 4125 1251 4176 Praeterea
1268 4135 1311 4172 ar-

56 4221 187 4283 gumento
211 4222 337 4279 utuntur,
364 4233 399 4268 ex
422 4217 490 4282 ipsis
514 4217 573 4268 XII
586 4217 667 4269 tabb.
693 4218 798 4271 verbis:
824 4217 867 4269 cui
889 4213 1061 4267 testimonium
1084 4208 1210 4273 desumit,
1234 4221 1311 4270 repe·

57 4301 115 4356 tito.
142 4305 180 4355 At
197 4317 288 4354 nonne
306 4301 331 4354 ei
350 4318 460 4370 qnoque
478 4302 532 4355 diei
554 4305 645 4367 potest
663 4301 757 4354 deesse
776 4301 974 4361 testimouium,
1001 4296 1048 4365 qui
1066 4296 1217 4360 propterea,
1237 4290 1311 4356 quod

58 4385 144 4439 latitat
161 4386 350 4451 adversarius,
366 4388 522 4454 impeditur,
548 4401 603 4454 quo
626 4386 716 4440 minus
738 4387 919 4440 ¹antestaticnc
942 4385 1015 4434 facta
1040 4381 1117 4432 illum
1145 4376 1173 4427 in
1196 4375 1243 4442 jus
1268 4390 1311 4426 ra·

56 4472 132 4537 piati
150 4499 184 4510 -
203 4471 348 4524 Caeterum
372 4474 406 4525 de
431 4472 493 4540 ipso
512 4474 571 4526 xii
594 4471 666 4525 tabb.
691 4473 751 4524 loco
776 4473 833 4524 vid.
858 4470 978 4522 Dirksen
1003 4457 1260 4531 assuescamus
1284 4474 1311 4523 p.

57 4560 107 4610 208
121 4583 146 4594 „
158 4560 220 4610 214.
239 4555 326 4610 Mitti.
