3030 5160
359 382 414 456 Du
439 385 693 458 Sannauscons.
720 385 984 460 Tnnrnnnrnno.
1179 381 1182 388 ¹
1229 399 1300 466 485
1357 431 1362 438 ·

67 558 284 652 Schultingius,
296 560 489 646 quodprius
501 563 543 628 de
559 574 709 647 matrum,
725 586 821 651 quam
834 567 876 634 de
891 565 1082 650 liberorum,
1093 569 1299 634 successione

66 668 209 752 cogitavit
225 667 374 734 Senatus.

636 813 665 896 s.
686 815 716 876 c.

538 927 663 1001 lg'jusdcm
680 931 799 983 matario.

135 1045 287 1110 ceterum
312 1043 400 1109 scto
423 1045 484 1111 illo
500 1044 711 1111 Tertulliano
735 1056 865 1112 cautum
884 1054 1005 1129 est„ut
1027 1055 1132 1112 mater
1153 1048 1299 1134 ingenua

65 1155 163 1234 trium,
187 1153 344 1217 libertina
371 1161 512 1238 quatuor
537 1153 718 1218 liberorum
734 1155 789 1240 jus
810 1152 953 1236 babens,
978 1152 1019 1220 ad
1049 1157 1136 1220 bona
1157 1153 1298 1220 filiorum

66 1261 230 1325 iliarumve
251 1262 482 1326 admitteretur
504 1262 662 1327 intestato
679 1272 897 1344 mortuorum,
912 1261 994 1325 licet
1014 1284 1054 1326 ea
1076 1263 1110 1328 in
1131 1271 1299 1349 potestate

65 1370 193 1452 parentis
216 1378 313 1452 esset,
326 1371 374 1433 ita
389 1375 498 1432 tamen
507 1417 516 1451 ,
533 1378 585 1449 ut,
601 1369 628 1434 si
646 1369 757 1433 alieno
766 1369 835 1454 juri
850 1368 998 1455 subjecta
1014 1379 1112 1454 esset,
1122 1372 1214 1456 jussu
1230 1373 1300 1458 ejus

66 1477 155 1540 adiret
168 1476 401 1560 hereditatem,
418 1479 507 1562 cujus
517 1474 689 1563 juri'esset
704 1478 865 1563 subjecta:
881 1480 910 1561 §.
924 1478 954 1541 2.
970 1479 1048 1542 [nst.
1066 1480 1094 1543 Ιι.
1111 1489 1132 1542 t.
1184 1541 1187 1546 .

631 1661 659 1742 ς.
680 1659 712 1724 6.

317 1777 393 1836 Quas
411 1783 511 1828 matres
527 1791 559 1827 cc
577 1773 626 1829 boc
646 1775 718 1832 soro
736 1774 909 1830 successerint
926 1773 1036 1830 liberis?

131 1895 328 1979 Indulgetur
343 1915 423 1978 ergo
438 1893 473 1956 id
488 1893 685 1958 beneficium
700 1893 808 1976 matri,
820 1881 887 1957 non
903 1891 984 1956 item
1001 1893 1108 1978 aviae,
1119 1902 1156 1958 ut
1171 1895 1301 1960 disertis

64 2004 155 2067 verbis
168 2004 272 2068 tradit
287 2001 491 2066 Justinianus
507 2003 537 2083 §.
551 2003 617 2064 eod.
650 2001 770 2086 Neque
793 2021 908 2064 omnes
929 2011 1049 2066 matres
1073 2023 1114 2066 eo
1135 2003 1301 2068 beneficio

66 2112 178 2195 gavisae
200 2118 294 2175 sunt:
318 2109 376 2190 sed
402 2129 487 2193 quae
507 2107 563 2192 jus
584 2107 764 2172 liberorum
781 2107 966 2190 habebant,
990 2109 1032 2173 de
1055 2133 1122 2196 quo
1144 2133 1241 2198 supra
1259 2113 1302 2178 ad

67 2219 151 2284 liti.
162 2221 217 2284 ltc.
232 2217 341 2280 XXV.
353 2217 381 2297 5.
391 2215 422 2278 2.
432 2238 477 2299 sq.
489 2217 625 2300 egimus.
640 2217 685 2280 Et
699 2215 852 2300 ingenuis
864 2214 996 2299 quidem
1008 2219 1166 2282 matribus
1183 2220 1299 2296 tribus;

66 2326 172 2390 Latinis
185 2331 240 2414 jus
258 2323 439 2402 Quiritium
454 2326 667 2409 consequutis
682 2323 840 2400 totidem:
854 2322 1019 2386 libertinis
1033 2333 1174 2407 quatuor
1188 2326 1303 2390 liberis

69 2455 134 2518 opus
145 2443 226 2516 arat,
242 2433 273 2496 si
288 2432 417 2498 vellent
430 2432 608 2497 succedere
628 2432 663 2495 in
678 2432 773 2496 bonis
788 2431 986 2494 liberorum:
1001 2431 1207 2496 Julsraulus
1224 2434 1304 2496 Sen-

67 2549 139 2602 lectt.
157 2543 297 2622 Recepto
316 2541 372 2600 IV.
388 2541 418 2601 9.
439 2540 468 2604 1.
492 2551 526 2605 et
539 2541 569 2604 7.
584 2540 614 2604 8.
636 2541 744 2604 Porro
766 2539 826 2602 bos
848 2537 972 2602 liberos
1000 2538 1099 2604 fuisse
1126 2542 1305 2624 oportebat

67 2647 143 2712 rivos
155 2647 199 2732 ¹),
220 2649 260 2712 et
279 2645 411 2730 quidem
435 2646 491 2710 vel
510 2647 650 2731 septimo
668 2645 771 2731 pleno
785 2650 832 2728 ῑ),
847 2647 903 2710 vel
921 2647 1050 2711 decimo
1066 2669 1179 2714 mense
1197 2657 1302 2734 natos,

68 2753 208 2840 siquidem
228 2754 398 2818 immaturi
424 2775 492 2818 non
517 2753 714 2839 proderant,
741 2754 1016 2840 quemadmodum
1039 2774 1101 2818 nec
1126 2759 1304 2842 tergemini

67 2882 119 2925 uno
134 2875 225 2948 partu
246 2861 331 2925 editi
346 2861 393 2943 Β).
409 2883 472 2926 nec
490 2863 662 2927 monstrosi
682 2870 739 2926 aut
753 2861 936 2947 prodigiosi
956 2864 997 2947 ἰ),
1015 2883 1077 2927 nec
1095 2863 1229 2929 abortus
1244 2865 1304 2928 ab-

68 2971 180 3056 actique
198 2972 346 3040 infantes
360 2971 591 3055 proficiebant:
607 2969 730 3034 Paulus
741 2974 795 3034 loc.
808 2974 857 3032 or't.
872 2972 900 3052 s.
912 2970 941 3032 1.
955 2993 999 3054 sq.
1015 2971 1177 3037 Defectus
1192 2980 1303 3038 tamen

68 3098 174 3162 omnes,
187 3081 269 3165 quin
286 3084 320 3141 et
334 3079 437 3163 ipsam
453 3078 630 3144 orbitatem
646 3077 824 3163 supplebat
836 3078 1033 3142 beneficium
1049 3081 1224 3166 Principis,
1236 3104 1302 3166 quo

69 3186 150 3250 etiam
162 3190 215 3274 jus
236 3187 418 3251 liberorum
436 3187 723 3288 consequebantur
743 3207 821 3268 eae,
845 3206 930 3270 quae
956 3206 1131 3271 numquam
1153 3189 1304 3272 peperis-

68 3305 140 3360 sent:
155 3297 194 3360 de
210 3318 279 3382 quo
295 3316 392 3380 supra
411 3296 476 3358 Lo.
492 3295 517 3356 Ι.
537 3296 594 3358 lta
609 3295 682 3357 *XX
681 3294 716 3356 V.
732 3295 761 3376 §.
776 3293 806 3356 8.
822 3293 972 3357 diximus.
1002 3290 1004 3295 ’

125 3550 152 3618 l)
171 3549 279 3605 Mortui
303 3547 376 3602 enim
397 3563 454 3600 non
477 3547 634 3615 proderant,
659 3552 689 3599 ut
714 3563 764 3600 neo
786 3548 814 3602 in
838 3550 897 3616 lege
920 3546 1008 3613 Papia
1032 3548 1177 3614 Poppaea:
1196 3549 1227 3601 L.
1247 3552 1304 3602 129.

69 3633 98 3686 D.
113 3636 141 3687 de
160 3635 187 3690 V.
201 3638 230 3695 S.
256 3634 336 3686 Heia.
1227 3681 1232 3691 .

126 3722 155 3789 ε)
174 3722 216 3774 Ita
233 3719 290 3773 sere
311 3718 415 3770 Paulus
440 3731 494 3770 rec.
512 3724 577 3770 sent.
593 3715 644 3769 IV.
661 3717 714 3772 'ric
730 3721 756 3772 9.
774 3705 797 3787 ξ.
810 3724 836 3773 5.
864 3714 1069 3787 Οαοᾶίαωεη,
1088 3735 1174 3789 quum
1195 3717 1306 3772 minime

69 3813 185 3872 congruat
200 3822 264 3858 aum
282 3803 334 3868 his,
352 3795 422 3871 quae
439 3800 505 3856 alibi
522 3802 610 3855 eidem
624 3804 713 3856 Paulo
731 3795 886 3858 tribuuntur
901 3804 1007 3860 auctori
1028 3805 1075 3874 (L.
1090 3811 1130 3860 12
1142 3805 1177 3856 D.
1193 3804 1225 3856 dc
1236 3811 1306 3856 statu

69 3885 153 3958 dom),
175 3892 213 3946 itu
230 3906 281 3943 nos
299 3890 387 3955 legere
401 3887 481 3955 jubet
499 3888 561 3941 Ger.
574 3873 669 3941 Ndodt
686 3887 714 3940 in
733 3889 874 3941 commod
890 3875 927 3944 tit.
943 3892 974 3943 dc
996 3891 1036 3943 ln's
1054 3892 1100 3961 qra‘
1115 3890 1157 3942 soi
1173 3889 1215 3942 ccl
1226 3888 1306 3941 alieni

62 3971 111 4036 jur.
129 3977 205 4044 (opp.
219 3979 251 4029 Τ.
265 3975 301 4028 11.
319 3989 346 4040 p.
361 3978 403 4026 21.
417 3973 483 4041 sq.):
503 3982 549 4025 out
564 3974 673 4042 septimo
691 3990 786 4034 mense,
805 3983 851 4026 aut
864 3974 944 4043 pleno
963 3975 1061 4027 decimo
1078 3991 1181 4033 meuse:
1203 3973 1306 4039 optima

69 4061 244 4114 metatione.
262 4057 350 4112 llsa'lcl.

127 4146 158 4212 h)
178 4144 239 4198 Nisi
255 4161 305 4210 per
321 4143 462 4196 intervalla
480 4141 597 4195 infantes
614 4143 686 4198 nati:
711 4143 804 4212 qualia
820 4147 946 4211 exempla
963 4149 1027 4198 sunl
1042 4145 1076 4198 L.
1096 4148 1122 4196 3.
1141 4145 1177 4198 D.
1196 4145 1227 4198 δῖ’
1240 4161 1307 4212 pars

69 4221 146 4280 lsrcd.
158 4237 213 4296 pet.
231 4235 259 4282 et
276 4230 350 4296 apud
365 4229 485 4280 Plinium
502 4227 573 4280 Hist.
590 4228 652 4282 Not.
670 4229 731 4282 VII.
747 4236 786 4283 11.
805 4229 868 4283 vid.
883 4231 961 4285 Paul.
976 4239 1041 4285 sont.
1055 4229 1072 4282 l.
1084 4229 1102 4282 l.
1116 4231 1137 4297 ς.
1150 4235 1175 4283 2.
1196 4230 1289 4302 Hcr'n.¹

52 4328 54 4332 ¹
127 4310 159 4378 i),
170 4315 252 4368 Secns
265 4331 297 4368 ac
313 4315 342 4368 in
354 4316 414 4380 lege
431 4314 519 4381 Papia
530 4316 669 4380 Poppaea,
688 4315 838 4367 secundum
851 4331 933 4384 qnam
951 4316 1032 4368 etiam
1050 4313 1197 4368 monstrosi
1210 4319 1304 4380 partus

69 4407 199 4451 numerum
215 4401 363 4460 liberorum
385 4401 563 4464 supplebant:
581 4401 614 4452 J..
634 4403 691 4452 135.
709 4401 745 4451 D.
764 4401 797 4451 cle
815 4401 842 4454 V.
863 4382 892 4454 S]
908 4399 1003 4454 Jacob.
1020 4400 1205 4453 Gotbofredus
1224 4399 1260 4451 od
1274 4398 1306 4452 L.

72 4477 132 4546 Fcp.
144 4501 165 4535 c.
178 4489 218 4537 12.
235 4487 290 4539 Sed
307 4485 336 4538 in
353 4491 463 4550 promtu
475 4501 572 4538 caussa
589 4491 639 4550 est,
657 4484 792 4552 siqnidem
810 4486 837 4537 in
851 4488 910 4552 lege
923 4486 1011 4552 Papia
1029 4487 1063 4537 de
1074 4487 1174 4537 damno
1186 4485 1306 4549 vitando,
1373 4521 1377 4534 .

70 4559 93 4612 ἱῠ
109 4565 177 4621 SClo
193 4570 360 4624 Tertulliano
377 4572 412 4623 de
429 4573 563 4637 captando
581 4574 658 4626 lucro
676 4571 814 4637 agebatur.
833 4571 914 4624 Heln.
