3040 5164
271 369 326 436 lla
351 369 457 438 Serv.
482 370 592 437 Rcsr.
618 371 742 457 Arcus
768 371 860 440 Una.
887 371 1019 440 Purra.
1088 387 1091 394 ’
1201 379 1272 444 369

29 567 172 610 areanrve
191 545 369 609 immittere
384 549 429 627 0),
444 544 499 608 vel
517 565 559 607 ex
575 546 686 609 alieno
707 554 796 612 tecto
816 547 852 642 Ι111
868 569 957 611 suam
979 567 1087 612 aream
1108 549 1271 634 recipere,

30 657 50 717 si
71 656 110 717 ab
136 675 179 716 eo
201 653 375 738 stipulatus
396 662 466 716 erat
487 653 630 718 ricinus:
653 641 825 736 FLUMINA,
849 671 1072 736 salariorum,
1097 673 1272 721 1111110110

29 779 122 843 suar,
148 779 195 824 Ur
221 779 280 824 rrn
305 777 441 826 rnunnr
464 777 685 838 ononnrcuu:
717 763 862 827 Brisson.
891 766 1020 847 Antiqc.
1050 763 1138 826 Item.
1159 765 1272 827 Select.

30 870 111 932 1.]9.
141 851 339 932 Stiilbidiam
361 891 441 934 vero
468 881 502 932 et
517 873 639 946 flumen
662 871 830 954 quomodo
855 871 1024 954 differant,
1047 871 1147 934 docet
1163 871 1271 935 Varro

30 981 61 1039 de
76 979 177 1059 binga
188 977 261 1039 aar.
277 979 336 1040 IV.
356 980 385 1040 5.
402 1001 436 1061 p.
451 977 481 1040 8.
502 981 642 1052 mauce,
660 980 742 1059 qnod
750 982 836 1056 fluit,
852 983 1069 1058 itemjlumenr
1084 1001 1105 1040 a
1126 1001 1186 1061 quo
1203 981 1273 1062 lege

29 1087 219 1168 praedurum
239 1087 431 1148 urbanorum
454 1088 620 1148 scribitur:
644 1087 808 1148 Stellc’cidia
818 1089 1025 1177 fluminaque,
1051 1095 1087 1150 ut
1107 1091 1153 1149 ito
1164 1091 1275 1166 fluant

33 1195 205 1274 cadantque.
228 1195 317 1256 Inter
334 1195 411 1254 baec
425 1196 483 1254 boc
496 1198 634 1266 interest,
652 1195 735 1275 qaod
751 1195 953 1268 stillicidium,
968 1215 1012 1268 eo,
1031 1195 1114 1276 quod
1132 1197 1273 1257 stillatim

33 1304 126 1363 eadm.-
143 1303 287 1377 flumen,
309 1303 392 1381 qnod
401 1304 492 1376 fluct
513 1306 666 1364 continue.
687 1301 774 1364 Sane
798 1322 896 1386 quum
921 1301 1022 1364 aedes
1046 1302 1272 1368 Romanorum
1338 1371 1344 1377 ,

34 1409 201 1493 pleraeque
226 1415 316 1470 tecto
341 1408 461 1472 declivi
486 1416 652 1472 carerent:
691 1431 757 1472 non
780 1410 1028 1494 poterant'non
1058 1411 1189 1474 canales
1216 1409 1273 1474 vel

36 1517 107 1579 alvei
126 1517 240 1601 plures
261 1516 296 1577 iu
313 1537 463 1600 suprema
477 1517 651 1602 superficie
668 1537 756 1597 esse,
781 1539 843 1600 per
867 1539 949 1602 quos
969 1541 1055 1602 aqua
1077 1519 1191 1603 pluvia
1213 1519 1274 1582 de-

37 1624 152 1707 flueret,
177 1633 236 1688 aot
252 1632 343 1687 certe
363 1625 492 1709 tegulas
509 1626 688 1709 oportebat
706 1634 797 1690 tecto
818 1626 961 1709 imponi,
977 1647 1062 1710 quae
1077 1626 1198 1692 imbres
1213 1647 1273 1690 ex·

37 1743 130 1816 ceptae
142 1735 176 1797 in
192 1741 316 1796 terram
332 1717 557 1797 demitterent.
573 1733 650 1796 Vid.
669 1733 758 1798 G'uil.
774 1733 943 1798 Philandr.
959 1735 1003 1795 ad
1020 1735 1139 1798 Vitrea.
1152 1737 1272 1798 Arctet.

43 1841 101 1902 Vll.
116 1841 159 1905 11.
181 1841 275 1906 Illud
293 1841 525 1926 ergo‘flamem
546 1841 610 1905 hoc
626 1842 747 1906 dictum
765 1849 816 1906 est
831 1843 1026 1906 atrtb'cr'dium.

576 2023 628 2104 1.
649 2021 680 2084 c.

468 2119 475 2135 ’
521 2138 639 2190 Servitus
657 2137 770 2192 cloacae.

104 2239 263 2304 crosone
275 2237 405 2302 Rornae
421 2238 617 2304 dicebantur
630 2238 936 2302 concamerationes
948 2236 1195 2322 subterraneae,
1208 2248 1276 2304 stu-

35 2347 126 2426 pendi
150 2347 277 2434 operis,
298 2368 359 2430 per
381 2367 460 2432 quas
482 2348 595 2412 sordes
616 2347 697 2410 urbe
723 2347 863 2410 eductae
885 2346 919 2408 in
936 2346 1084 2410 Tiberim
1109 2367 1275 2410 exonera·

35 2453 144 2516 bantur
159 2455 189 2535 ¹)
209 2476 334 2540 eaeque
351 2455 405 2518 rel
422 2473 586 2520 roanlcnn
605 2464 710 2538 erant,
728 2454 781 2520 vel
797 2469 980 2518 1111111111
995 2454 1033 2514 L.
1047 2454 1076 2514 l.
1091 2454 1119 2535 §.
1134 2454 1165 2516 9.
1183 2455 1222 2516 D.
1235 2455 1275 2516 de

39 2559 123 2622 Clonc.
141 2578 304 2626 PUBfflcAs
323 2561 419 2626 duxit
433 2563 633 2649 Tarquinius
650 2564 792 2644 Priscus,
808 2561 945 2625 testibus
960 2560 1059 2626 Livio
1074 2561 1160 2624 Hist.
1177 2563 1203 2623 Ι.
1220 2559 1274 2626 38.

40 2675 67 2728 et
83 2669 216 2754 Dionys.
235 2670 345 2734 Halic.
364 2674 440 2734 Ant.
460 2673 550 2734 Rern.
570 2673 629 2734 III.
649 2672 700 2734 67.
724 2691 847 2757 easque
870 2679 937 2734 tarn
959 2669 1149 2754 splendidas
1173 2669 1274 2734 fuisse

42 2775 80 2835 ait
91 2776 269 2840 Cassiodor.
289 2778 501 2842 Var.111.30.
528 2789 710 2860 tantumque
728 2781 896 2842 visentibus
918 2781 1085 2842 contulisse
1109 2785 1276 2872 stuporem,

41 2891 70 2942 at
86 2887 214 2950 alibrum
244 2907 364 2970 quoquc
386 2891 545 2951 civitatum
570 2893 732 2969 potueriat
757 2889 910 2950 miracula
936 2907 1098 2974 superare.
1127 2883 1278 2950 Meretur
1358 2971 1361 2976 Ι

40 2987 87 3052 illa
103 3001 168 3058 tota
185 2991 378 3056 Cassiodori
397 2993 575 3078 descriptio
590 2993 677 3078 legi,
703 2995 802 3078 eique
825 2992 903 3056 addi
926 2993 1013 3054 idem
1032 2991 1179 3056 Cassiod.
1201 2993 1276 3058 Ver.

43 3097 117 3159 VIII.
132 3101 179 3166 29.
199 3101 252 3164 30.
277 3108 311 3163 et
326 3101 412 3164 Plin.
436 3104 520 3164 Hist.
538 3103 615 3164 Nat.
639 3103 794 3164 XXXVI.
810 3101 860 3163 15.
889 3100 1139 3184 Purgandarum
1164 3120 1276 3164 earum

39 3227 133 3272 caussa
159 3232 227 3274 non
252 3209 358 3272 solum
384 3211 542 3274 tributum
563 3210 786 3290 inferebatur,
810 3209 902 3293 quod
928 3211 1116 3270 cloccarium
1142 3206 1277 3270 dicitur:

40 3313 123 3380 1197.
137 3319 168 3400 §.
187 3317 218 3379 3.
233 3320 276 3379 D.
289 3311 337 3380 'de
364 3319 524 3396 Uaasruet.
539 3319 575 3380 L.
597 3317 647 3381 39.
663 3319 693 3399 §.
708 3318 738 3378 5.
755 3319 796 3378 1).
811 3317 851 3378 dc
872 3321 980 3398 legat.
997 3318 1022 3377 Ι.
1042 3335 1155 3378 verum
1177 3315 1276 3378 etiam

42 3461 93 3471 .-

93 3533 119 3600 e)
139 3534 218 3596 Hoc,
236 3531 312 3596 ticet,
330 3531 417 3597 ipsius
440 3531 512 3600 juris
537 3537 672 3600 potestate
695 3531 879 3595 considerata,
898 3530 1011 3598 propius
1033 3531 1106 3586 absit
1123 3549 1140 3586 a
1156 3532 1278 3599 veritate,

40 3618 113 3670 1111011
128 3619 220 3670 minus
238 3624 364 3670 accurate
382 3617 483 3671 dictum
502 3626 550 3672 est
573 3618 691 3686 Proprie
711 3618 782 3670 enim
804 3617 940 3684 obligatus
959 3634 1019 3670 esse
1036 3617 1132 3688 nequit
1150 3617 1278 3682 serviens,

40 3704 64 3748 ut
77 3716 168 3770 aquam
183 3702 211 3754 iu
231 3703 312 3756 vicini
331 3720 421 3755 aream
436 3703 571 3768 immittat,
586 3703 731 3772 (quoniam
749 3703 778 3755 111
790 3703 915 3755 faciendo
929 3702 1045 3756 servitus
1061 3701 1209 3756 consistere
1223 3719 1278 3756 uon

14 3801 19 3810 ·
40 3791 135 3855 potest),
148 3789 197 3842 sed
217 3803 250 3839 eo
269 3793 373 3839 tantum
386 3790 505 3841 cernitur
524 3789 605 3855 hujus
623 3788 760 3840 servitutis
779 3787 828 3852 vis,
842 3795 872 3841 ut
890 3806 998 3858 aquam,
1011 3788 1133 3857 alioquin
1151 3787 1180 3839 111
1198 3803 1278 3840 suum

39 3868 136 3924 1111111111
153 3875 343 3939 profluentem,
357 3873 440 3926 vicini
458 3874 554 3926 usibus
567 3875 715 3926 concedere
727 3879 857 3927 teneatur.
876 3875 1021 3926 Caeterum
1034 3877 1114 3940 plane
1132 3871 1277 3938 singularis

41 3959 77 4002 est
91 3956 163 4023 hujus
175 3957 316 4012 servitutis
334 3958 479 4026 explicatio
498 3961 572 4026 apud
590 3959 771 4026 Theophilum
792 3959 948 4027 (Parcplrr.
965 3960 1023 4012 inst
1042 3961 1078 4012 cd
1087 3960 1108 4026 ξ.
1125 3965 1147 4010 l.
1166 3957 1276 4023 Ι.1.1.)

40 4037 117 4094 obvia.
133 4045 191 4106 Qua
211 4045 245 4095 de
264 4061 293 4096 re
310 4043 365 4098 vid.
384 4062 455 4113 quae
472 4045 611 4112 disputata
629 4051 693 4098 aunt
711 4062 796 4114 quum
814 4044 848 4096 ab
860 4044 979 4110 Hugone
996 4045 1048 4110 (R.
1067 4043 1099 4094 G.
1112 4043 1164 4094 XI.
1179 4059 1206 4110 p.
1218 4045 1279 4096 504.

39 4129 85 4174 1101.
98 4129 146 4195 2.),
170 4137 229 4182 tum
247 4143 265 4179 a
288 4129 463 4197 Schillingio,
488 4133 566 4184 Bem.
591 4129 633 4182 iih.
658 4129 695 4182 R.
717 4130 749 4182 G.
771 4144 799 4195 p.
823 4133 872 4181 144
886 4158 920 4166 —
935 4133 992 4181 149.
1018 4134 1045 4178 et
1062 4126 1159 4178 Lelrrb.
1177 4127 1199 4194 ξ.
1221 4129 1280 4179 190.

39 4223 100 4263 num.
116 4219 140 4266 4.
160 4213 247 4266 Miilcl.
365 4219 370 4226 '
1148 4275 1151 4282 Ι

97 4299 124 4364 1)
143 4300 218 4352 Hanc
242 4301 341 4353 Festus
360 4302 411 4354 sub
428 4319 495 4356 roco
513 4303 618 4356 cloacae
632 4319 662 4370 p.
680 4305 739 4354 268.
757 4299 843 4354 dictas
862 4299 923 4352 illas
940 4297 1112 4351 existimata
1133 4296 1278 4349 contuendo

39 4381 177 4437 ctetoccale
186 4386 293 4455 flumen
311 4387 380 4440 Cato
395 4388 474 4453 dixit,
493 4404 543 4454 pro
561 4387 716 4440 cloacarum
734 4387 855 4440 omnium
868 4383 992 4438 colluvie.
1011 4384 1090 4436 Heia.
1108 4385 1150 4436 De
1168 4383 1278 4448 cloacis,

40 4467 177 4522 rtoaearum
196 4472 375 4526 curatoribus
400 4479 427 4526 et
452 4473 585 4526 cloacario
608 4472 662 4526 vid.
682 4473 755 4524 Petr.
775 4473 947 4525 Burmannus
966 4470 997 4522 de
1017 4468 1173 4538 0110119010.
1194 4471 1234 4522 19.
1248 4486 1280 4538 p.

29 4553 88 4603 dili.
108 4560 162 4608 199.
183 4557 265 4610 Carsu.

1041 4642 1082 4703 24
