3040 5164
492 395 547 468 ns
571 396 841 468 Dornrrormus.
1222 403 1294 472 898

49 575 139 640 Unde
161 583 234 658 est,
261 573 352 660 quod
373 572 545 640 Kalendas
569 573 628 636 has
650 572 787 638 Martias
808 571 979 638 Kalendas
992 573 1153 652 samaeas
1177 571 1295 658 adpel-

48 685 89 748 lat
104 683 262 748 Juvenal.
281 685 349 746 Sat.
368 683 427 745 IX.
448 703 476 744 v.
490 680 542 744 53.
562 680 761 766 [lucemque
784 683 873 766 capit
895 685 931 743 L.
946 680 997 744 31.
1015 680 1045 762 δ.
1062 679 1093 744 8.
1107 681 1149 741 1).
1168 682 1207 743 ele·
1228 683 1295 744 Do-

48 801 105 854 nat.
123 796 210 854 inter
235 795 293 855 vir.
313 799 345 854 et
365 789 479 875 aaron]
509 789 620 867 Quum
648 809 728 852 vero
750 788 845 854 multi
867 788 1096 854 Saturnalibus
1125 787 1252 852 avidius
1273 811 1294 852 a

49 899 217 964 clientibus
235 898 412 983 exigerent
426 907 577 962 muneras
592 896 752 963 Publicia
765 897 824 960 lex
845 896 915 962 lata
931 905 981 962 est
996 919 1016 960 a
1029 894 1195 978 Publicio,
1218 894 1296 959 Tri-

50 1009 126 1069 buno
141 1007 268 1091 plebis,
284 1014 320 1070 ut
335 1006 467 1070 nonnisi
486 1004 574 1068 cerei
591 1004 764 1068 ditioribus
779 1001 1002 1070 mitterentur:
1018 1003 1165 1068 Macrob.
1181 1003 1296 1066 Satur-

50 1118 102 1177 nat.
115 1117 140 1175 I.
154 1116 186 1177 7.
210 1114 309 1193 Quae
325 1115 383 1178 le'x
398 1113 514 1178 eadem
530 1113 663 1178 videtur
684 1112 847 1196 camilla,
863 1135 929 1198 qua
944 1113 1099 1195 vetitum,
1115 1133 1156 1175 ne
1173 1112 1244 1196 quis
1260 1112 1295 1175 in

51 1223 214 1308 pecuniam
239 1221 391 1303 luderet,
415 1222 668 1306 sponsionemve
684 1221 725 1284 in
748 1221 841 1304 ludo,
868 1222 930 1284 nisi
953 1221 1010 1305 qui
1032 1219 1159 1284 virtutis
1183 1241 1295 1284 caussa

53 1337 205 1414 susceptus
223 1338 322 1414 esset,
338 1331 474 1412 faceret,
491 1328 533 1392 de
554 1351 619 1414 qua
636 1333 669 1392 L.
684 1329 714 1393 3.
729 1332 770 1392 1).
785 1331 824 1393 ds
839 1330 1008 1393 Alcatorid.
1030 1327 1120 1392 Tota
1136 1329 1223 1392 enim
1237 1328 1295 1391 lex
1378 1323 1392 1342 “

53 1437 152 1522 procul
167 1439 276 1503 dubio
292 1439 356 1502 fuit
370 1437 556 1502 sumtuaria.
894 1445 897 1450 “

628 1604 709 1686 §a

536 1721 651 1774 Μυπσνα
668 1719 797 1774 natalitia.
902 1709 908 1716 ¹

126 1823 289 1886 Solebant
304 1831 339 1886 et
354 1822 470 1887 diebus
489 1821 653 1886 natalibus
668 1843 804 1886 munera
826 1822 977 1907 accipere
999 1821 1229 1886 honoratiores
1246 1827 1296 1884 at-

58 1951 111 2014 que
124 1930 239 1994 amici:
254 1929 418 1994 Martialis
434 1931 546 2014 Epigr.
562 1931 620 1993 IX.
634 1931 686 1992 54.

249 2055 369 2118 Natali
386 2055 448 2133 tibi,
474 2055 598 2131 Quinte,
621 2062 675 2115 tuo
697 2053 775 2116 dare
793 2057 1052 2136 persuadebam

293 2161 442 2225 Munera.
468 2161 515 2223 lb
531 2161 697 2243 prohibes:
718 2166 901 2243 imperiosus
924 2163 1011 2224 bomo
1032 2183 1074 2224 es.

56 2285 92 2347 Et
113 2285 191 2348 alibi
211 2286 279 2354 Inb.
299 2285 386 2347 VIII.
402 2285 597 2367 Epigramm.
616 2283 668 2347 64.
692 2285 808 2369 lepide
833 2281 984 2368 exagitat
1000 2284 1149 2370 Clytum,
1171 2283 1245 2368 qui,
1260 2290 1297 2346 ut

56 2413 137 2455 nova
150 2415 276 2478 semper
295 2413 430 2456 munera
443 2393 595 2456 natalitia
610 2392 765 2473 auferret,
783 2391 904 2478 septies
920 2393 1063 2457 ostiesve
1086 2393 1120 2455 in
1137 2413 1223 2454 anno
1238 2413 1297 2454 na-

56 2499 150 2562 talem
177 2501 375 2564 celebrabat
404 2499 437 2563 A
458 2500 624 2564 natalibus
649 2501 778 2564 diversa
801 2497 959 2585 lastaria,
982 2501 1017 2564 id
1042 2508 1109 2583 est,
1136 2499 1296 2562 sollemne

59 2609 247 2692 convivium,
275 2609 327 2672 cui
352 2616 478 2671 tantum
506 2609 640 2693 cognati
662 2608 863 2687 intererant,
883 2609 990 2674 litium
1013 2609 1240 2694 ponendarum
1264 2613 1298 2670 et

61 2717 162 2780 amoris
184 2715 390 2782 instaurandi
410 2714 517 2802 gratia
540 2716 740 2780 institutum:
760 2717 874 2781 Valer.
888 2717 981 2782 Max.
1000 2719 1042 2781 II.
1057 2718 1087 2782 1.
1109 2717 1174 2782 Hic
1191 2737 1297 2801 aeque

66 2823 132 2887 acin
146 2825 314 2889 natalibus
335 2825 497 2888 dabantur
512 2846 656 2888 munera.
670 2825 710 2888 ln
725 2825 837 2908 primis
853 2827 1069 2892 mittebantur
1087 2847 1175 2908 aves,
1191 2825 1298 2905 (Mar-

63 2929 118 2994 tial.
136 2935 249 3016 lllpr’gr.
268 2933 328 2997 IX.
345 2931 420 3014 56.)
447 2931 502 2996 die
526 2932 630 2996 natali
656 2941 691 2997 et
713 2933 845 3014 annuli,
870 2933 1023 3016 lunulae,
1050 2935 1180 3019 aliaque
1203 2933 1298 3020 hujus

64 3041 175 3120 generis
201 3041 244 3104 ad
271 3041 424 3104 mundum
447 3039 640 3104 muliebrem
663 3041 879 3125 pertinentia:
902 3042 1039 3107 Plautus
1059 3044 1181 3126 spirito.
1207 3043 1242 3103 V.
1268 3041 1299 3105 1.
1391 3071 1393 3076 ·

64 3167 87 3206 o.
99 3145 140 3210 33.
159 3147 275 3214 Vestis
290 3148 473 3214 cubitoriae
494 3148 599 3212 natali
614 3169 673 3212 suo
689 3150 751 3213 sibi
769 3150 912 3214 donatae
929 3151 1076 3213 meminit
1091 3151 1300 3235 dispensator

63 3253 279 3321 Trimalcionis
301 3257 389 3343 apud
403 3257 539 3322 Petron.
548 3281 582 3341 p.
590 3257 641 3320 14.
654 3257 711 3321 ubi
727 3259 951 3324 conferendae
962 3258 985 3322 J
986 3257 1040 3322 ani
1051 3257 1199 3322 Woweri
1214 3257 1300 3322 alio·

63 3383 185 3451 nmque
203 3365 464 3431 doctissimorum
480 3367 622 3429 virorum
645 3366 896 3451 adnotationes,
907 3389 940 3450 p.
958 3367 1028 3430 150.
1049 3388 1091 3429 ex
1108 3365 1224 3452 quibus
1239 3371 1300 3449 pa-

63 3477 111 3555 tet,
125 3475 331 3565 coenatorias
347 3473 508 3560 ejusmodi
523 3483 661 3539 vestesa
674 3474 848 3539 clientibus
864 3475 951 3540 mitti
964 3475 1171 3540 consuevisse
1182 3483 1300 3558 patro-

65 3579 112 3644 nis.
131 3583 203 3647 Nec
219 3585 319 3648 modo
336 3583 545 3667 accipiebant
565 3582 728 3647 natalibus
743 3586 807 3648 suis
823 3606 969 3668 munera,
985 3586 1043 3649 sed
1059 3592 1094 3648 et
1109 3584 1248 3663 dabant,
1264 3588 1300 3644 ut

63 3696 142 3768 patet
161 3713 203 3755 ex
217 3693 438 3779 Inscriptione
455 3689 733 3776 apudGruterum
744 3715 778 3774 p.
797 3693 991 3757 ccccm.
1007 3718 1038 3759 n.
1052 3693 1083 3758 2.

267 3853 311 3864 -
351 3851 394 3862 -
434 3811 478 3862 -‘-
520 3833 844 3880 aromatarium

268 3938 432 3988 srnmun.
454 3939 502 3987 sn.
526 3941 610 3986 vivo.
633 3939 720 3987 n-s.
743 3941 801 4010 xrs.
824 3943 938 3988 nnnrr.
960 3940 1015 3988 ur.
1037 3941 1084 3988 nx

179 4041 181 4046 '
265 4047 426 4095 nnnnrru.
449 4045 537 4094 ntus.
559 4047 709 4093 sununs.
732 4048 798 4095 nm.
820 4049 958 4096 uarum.
982 4049 1046 4096 suo

267 4157 332 4202 nn.
351 4156 383 4201 n.
404 4155 498 4201 rnna.
520 4155 744 4204 rnnasnnrns
766 4157 1007 4204 vnsosnuurun

269 4264 323 4311 nr.
344 4265 396 4309 on.
419 4263 685 4311 nnnrcnrrouan.
708 4263 874 4312 srnrunn.
895 4265 1080 4312 nncuruoru

269 4369 342 4418 nus.
364 4371 417 4416 nr.
439 4370 577 4419 saunis.
599 4373 652 4419 nr.
674 4369 865 4420 Juvaumus.
888 4373 1019 4420 sronru

270 4479 342 4546 ins.
364 4480 418 4525 nr.
440 4479 581 4528 rorone.
603 4481 751 4528 nruuuu.
774 4482 828 4534 nr.
850 4480 975 4528 annun.
997 4479 1114 4560 nabun

270 4587 336 4634 mn
356 4585 471 4634 namn
