3056 5168
315 393 371 464 Dr
396 345 456 479 lis,
480 395 556 468 Pu
581 393 841 480 Quosdam·
854 396 1042 468 Possumus.
1236 406 1309 476 109

19 629 22 632 .
49 593 149 647 nnec
171 552 255 655 puori
272 591 375 654 gersus
389 577 514 646 est„ut
528 571 631 652 major
644 575 744 637 ,cnm
759 571 836 646 tr,
850 580 882 636 ct
902 577 958 636 cus·
976 575 1101 642 mutus
1121 595 1236 640 cauno
1252 586 1310 652 est,

49 683 243 762 cogsnlorem
262 679 322 740 det.
344 675 412 740 Sed
434 697 533 761 quum
555 675 717 744 formulae
739 677 918 744 sollemnes
939 680 1056 745 sensim
1075 684 1117 746 ab
1132 701 1193 745 usu
1213 703 1308 747 rece-

50 785 188 851 derent:
207 784 377 853 obsolevit
399 784 498 849 etiam
523 801 644 848 nomen
671 785 894 869 cognitorum,
918 785 1004 852 adeo
1026 794 1063 852 ut
1084 788 1307 856 Tribonianus

49 892 139 960 illud
153 891 279 976 ubique
294 891 495 976 expunxerit
509 889 558 971 f),
575 897 611 954 ut
622 912 666 954 ex
681 891 718 954 L.
732 891 784 970 28.
798 893 828 974 5.
842 893 873 956 7.
883 896 926 956 D.
935 895 976 958 de
987 896 1102 958 Premis
1117 904 1307 980 comparatu

47 999 237 1066 cunradi
253 999 406 1065 Scotectt.
421 999 562 1082 Itcceptt.
583 998 619 1064 V.
632 997 684 1062 2&
702 999 753 1062 10.
768 998 810 1064 ad
827 1000 957 1068 oculum
973 1010 1076 1086 putet.

566 1191 576 1208 ·
634 1181 716 1264 §.c

339 1277 395 1354 Cur
409 1295 630 1370 procuratoribus
648 1298 772 1368 affictum
790 1301 932 1354 domium
951 1299 1021 1353 tisias

134 1401 189 1466 Ne
203 1408 331 1484 tamen,
353 1400 496 1464 inventis
512 1401 739 1486 cognitoribus
755 1409 789 1465 et
804 1399 1088 1484 procuratoribus,
1104 1409 1198 1466 vetus
1219 1402 1304 1468 illud

42 1511 130 1596 juris
150 1507 294 1572 Romani
316 1507 530 1593 principium,
552 1507 595 1570 de
618 1527 684 1593 quo
700 1509 729 1590 5.
742 1506 774 1568 2.
790 1507 951 1589 diximus,
975 1507 1076 1594 plane
1097 1510 1304 1594 rejiceretur,

48 1638 160 1702 neque
176 1622 405 1699 procuratores
427 1615 539 1680 alieno
562 1615 695 1680 nomine
715 1615 1035 1698 agereviderentur,
1057 1597 1224 1682 finxerunt
1245 1638 1304 1682 suo

48 1747 142 1789 more
159 1722 395 1804 iureconsulti,
411 1739 588 1788 postumum
606 1737 696 1786 umis
713 1720 748 1783 in
764 1731 1010 1804 procuratorem
1027 1723 1177 1807 transire,
1192 1725 1227 1789 id
1243 1734 1304 1808 est,

41 1835 234 1914 facultatem
254 1832 438 1912 quamdam,
454 1832 545 1910 cujus
566 1833 600 1891 ui
614 1834 694 1892 cetto
714 1833 759 1892 ita
774 1830 910 1912 alicujus
927 1835 1059 1913 proprio
1079 1833 1249 1907 videretur,
1269 1841 1308 1895 ut

51 1944 138 2002 illam
156 1943 250 2023 quusi
272 1957 328 1999 sco
348 1942 471 1999 conscire
491 1959 614 1999 movere
631 1944 796 2020 possetne
811 1956 987 2020 peragere:
1012 1937 1047 1999 L.
1062 1939 1091 1998 4.
1110 1938 1140 2020 5.
1156 1937 1187 2001 3.
1202 1941 1244 2004 Ι).
1265 1941 1306 2002 dc

56 2050 192 2109 Alienut.
208 2046 279 2126 jud.
302 2055 378 2106 mut.
400 2065 503 2105 conss.
519 2044 557 2106 I..
573 2045 604 2105 4.
618 2045 647 2125 5.
657 2048 720 2126 fin.
738 2040 779 2105 D.
798 2043 838 2104 de
855 2045 978 2126 Adpcli.
999 2043 1203 2109 Boehmerus
1219 2045 1304 2109 Dr'sr.

54 2155 97 2214 dc
114 2153 222 2214 domin.
239 2153 284 2216 tit.
300 2152 324 2213 1.
340 2149 390 2213 12.
412 2150 452 2217 Id
475 2171 555 2214 vero
578 2149 759 2213 dominium
781 2148 849 2212 litis
874 2150 908 2214 in
930 2159 1178 2233 procuratorem
1198 2161 1305 2216 traus-

53 2260 225 2323 fcrebatur
237 2279 298 2342 per
312 2257 381 2321 litis
398 2258 685 2338 contestationem,
701 2278 762 2341 per
778 2279 873 2341 quam
891 2257 1014 2340 quippe
1032 2279 1101 2320 oum
1115 2259 1304 2323 adversario

53 2366 147 2454 quasi
163 2364 428 2445 contrahebatur,
451 2363 628 2448 dummodo
645 2365 873 2430 antecessisset
895 2362 1086 2458 principalis
1101 2365 1305 2430 mandatumc

51 2473 235 2538 Schilterus
250 2472 438 2534 Ecsrcs'tctt.
456 2471 496 2534 X.
511 2469 562 2533 46.
578 2469 779 2534 Boehmerus
794 2472 865 2535 abici.
880 2494 912 2536 n.
923 2470 974 2534 24.
988 2469 1039 2533 26.
1053 2473 1098 2552 r).

52 2627 354 2656 ....7......-.-......

120 2707 151 2772 i)
172 2701 301 2758 Meminit
323 2702 412 2756 adhuc
429 2703 592 2769 conaturum
611 2703 715 2758 Paulus
735 2703 862 2758 Morsu.
880 2703 1001 2772 Recepti.
1015 2701 1153 2765 1223.
1176 2699 1306 2756 Meminit

51 2790 151 2844 Codex
165 2786 381 2842 Theodosiacus.
409 2786 464 2840 Sed
485 2786 669 2840 Tribonianus
687 2787 789 2855 ubique
806 2803 854 2842 eos
877 2787 1020 2853 expunxit,
1035 2801 1092 2838 nou
1110 2785 1176 2855 quia
1189 2787 1305 2854 putavit,

50 2873 176 2942 alioquin
192 2873 351 2937 derogatum
368 2869 403 2922 iri
421 2869 546 2936 dignitati
556 2870 735 2938 cognitorum,
753 2870 801 2940 qui
817 2876 895 2924 crant
907 2871 1016 2938 judices
1029 2887 1046 2924 r
1058 2868 1186 2937 Principe
1198 2871 1263 2936 dati,
1275 2878 1306 2926 ut

50 2959 195 3014 existimat
211 2956 306 3010 Jacob.
325 2953 474 3008 (lutherius
492 2955 524 3006 dc
545 2955 619 3022 Offic.
635 2956 702 3008 dom
720 2957 829 3024 AacM.
848 2961 892 3010 26.
914 2955 963 3008 sed
986 2954 1052 3024 quia
1068 2955 1218 3008 iustiniani
1236 2971 1305 3010 aevo

50 3045 228 3111 cognitorum
245 3055 329 3108 opere
346 3055 433 3108 seque
450 3056 482 3096 ac
499 3039 591 3105 ipsum
607 3056 707 3094 nomen
723 3039 753 3094 in
771 3039 831 3095 loro
843 3053 900 3092 non
913 3039 1029 3106 amplius
1043 3038 1213 3092 audiebatur.
1225 3040 1305 3094 Heia.

50 3131 169 3190 Causas,
188 3141 274 3194 quare
291 3125 392 3178 factum
409 3124 453 3188 sit,
471 3129 502 3176 ut
519 3126 624 3179 nubum
642 3127 698 3178 tere
712 3122 813 3178 ueteris
832 3119 994 3180 discriminis
1012 3123 1041 3178 in
1055 3125 1120 3193 jure
1133 3124 1305 3180 iustinicneo

48 3215 253 3282 relinqueretur
271 3207 424 3275 vestigium,
441 3209 491 3260 has
507 3204 679 3273 potissimum
699 3207 823 3270 dixerim,
842 3207 967 3274 primum,
986 3211 1061 3278 quod
1075 3214 1197 3275 ternpore
1210 3224 1306 3275 proce-

50 3300 136 3352 dente
155 3292 281 3358 obtinuit,
307 3299 337 3346 ut
354 3292 436 3346 etism
453 3307 512 3354 nou
529 3290 657 3344 adhibitis
675 3292 882 3346 solennitatibus
900 3291 930 3344 in
947 3293 1087 3358 cognitore
1104 3295 1195 3348 dendo
1207 3295 1305 3361 solitis,

48 3379 244 3450 procuratoris
260 3377 389 3433 mundata
405 3376 444 3430 ita
465 3375 597 3443 explicari
615 3367 735 3444 possent,
757 3377 838 3447 quasi
860 3393 877 3432 a
895 3384 1037 3443 praesente
1054 3378 1191 3445 praesenti
1209 3379 1305 3434 sdver-

48 3467 129 3520 sario
148 3465 213 3518 slata
230 3462 342 3524 lucrino
361 3463 447 3514 velut:
469 3477 518 3527 per
536 3461 630 3514 literas
647 3463 682 3514 ud
705 3462 890 3518 adversarium
913 3462 1000 3527 datas,
1017 3467 1075 3514 tum
1092 3478 1141 3528 per
1158 3462 1306 3529 professio-

46 3567 117 3606 nem
125 3546 475 3614 concinnamenta
493 3547 529 3598 ad
543 3546 725 3613 judicantium
736 3554 798 3601 acta
808 3550 907 3602 factam
921 3547 967 3615 (1.
979 3550 1021 3600 65.
1034 3546 1069 3598 D.
1085 3547 1117 3598 dr
1125 3564 1201 3614 proc.
1218 3549 1251 3601 Ι..
1263 3552 1305 3604 21.

46 3639 87 3690 D.
100 3642 191 3686 retum
208 3649 266 3684 rens
283 3629 342 3684 inb.
360 3632 392 3684 1.
406 3647 450 3684 uc.
472 3629 541 3684 (lde
556 3631 723 3692 cccccccdm
735 3634 768 3685 ci.
786 3632 841 3686 Vct.
860 3624 907 3686 Fr.
917 3632 939 3698 §.
949 3635 1008 3686 331.
1026 3630 1228 3686 Mtlblenbrucb
1243 3618 1305 3706 Ces·

46 3722 111 3774 non
127 3734 155 3783 p.
169 3719 280 3770 oc-cs.
297 3719 325 3766 ct
342 3713 473 3781 Entcmf
486 3715 510 3767 ct.
525 3713 663 3782 cicilprcc.
681 3731 708 3782 p.
726 3719 783 3770 109.
798 3718 865 3784 sq.).
882 3719 1027 3772 Praeterea
1045 3730 1081 3768 ex
1098 3722 1305 3779 procuratorum

46 3802 141 3872 gestis
158 3801 240 3854 utiles
253 3798 375 3855 actiones
393 3799 504 3852 domiuo
522 3805 604 3867 atquc
620 3800 650 3852 in
662 3798 811 3864 dominum,
823 3799 913 3852 missis
926 3800 1052 3854 omnibus
1067 3798 1235 3865 ambagibus,
1246 3801 1305 3856 uari

46 3890 212 3953 coeperant,
236 3889 267 3937 ut
280 3883 340 3949 jam
356 3882 491 3948 Ulpianus
517 3884 635 3940 scribere
654 3885 729 3938 haud
746 3884 890 3948 dubitaret,
913 3892 1115 3952 procuratorem
1132 3885 1160 3936 in
1172 3885 1305 3952 judicium

48 3972 188 4026 dedecuere
205 3985 261 4020 rem
282 3969 329 4035 (L.
344 3972 383 4020 12.
400 3967 429 4021 iu
447 3968 465 4021 1.
484 3968 519 4020 D.
538 3969 569 4020 dc
582 3979 655 4038 pact.
673 3971 704 4022 L.
717 3973 759 4022 66.
773 3969 813 4024 D.
832 3968 864 4020 dc
873 3967 960 4036 Jisdic.
979 3971 1011 4022 L.
1025 3974 1064 4022 11.
1081 3968 1102 4035 5.
1114 3971 1139 4021 7.
1156 3969 1192 4022 D.
1207 3970 1239 4020 dc
1249 3987 1304 4024 cco.

47 4058 96 4110 rei
103 4054 196 4124 jud),
221 4052 283 4106 licet
305 4052 334 4105 id
358 4052 473 4105 sortasse
500 4052 591 4106 minus
615 4057 743 4110 adcurate
769 4067 820 4120 pro
846 4051 976 4116 temporis
992 4054 1067 4108 illius
1085 4051 1304 4108 rationedictum

48 4139 147 4196 luerit.
166 4138 245 4191 Certe
263 4152 318 4190 uon
336 4142 378 4190 est
395 4139 471 4204 quod
488 4138 625 4203 miremur,
643 4138 741 4192 veteris
754 4136 827 4203 juris
843 4135 981 4204 reliquias,
1007 4142 1100 4201 utpote
1117 4135 1191 4190 insci
1209 4135 1305 4188 verbo-

49 4241 117 4278 rum
137 4220 327 4274 observatione
345 4227 499 4274 constantes
517 4222 606 4288 deque
623 4223 725 4276 lorensi
736 4222 851 4274 utilitate
865 4218 979 4273 nimium
992 4228 1117 4286 remotas,
1131 4223 1200 4276 adeo
1211 4220 1305 4287 displi-

49 4309 149 4362 cuisse
165 4305 330 4361 iustiniunei
344 4303 415 4372 juris
433 4305 671 4372 compositoribus,
692 4314 722 4360 ut
739 4321 839 4360 nomeu
858 4303 961 4371 ubique
978 4303 1067 4358 delore
1081 4307 1250 4372 cognitorum
1264 4319 1305 4357 ra·
1350 4359 1356 4365 ,

51 4392 182 4448 tionibus
193 4392 251 4444 suis
263 4389 426 4442 conveniens
438 4403 498 4441 esse
514 4389 648 4456 putarintc
666 4395 700 4446 ct.
712 4389 913 4446 Mnulenbruch
930 4387 1034 4439 Cernen
1045 4402 1071 4452 p.
1083 4392 1126 4440 69.
1137 4405 1178 4458 sq,
1195 4391 1306 4456 Heffler.

56 4477 172 4532 ocem.
190 4475 226 4527 ud
245 4475 306 4542 ch.
325 4475 391 4540 Cap.
404 4473 489 4526 XIX.
509 4471 595 4527 tmilt

127 4561 161 4626 g)
183 4559 335 4611 Dominicis
351 4557 406 4611 litis
423 4571 480 4610 vox
497 4562 545 4622 est,
564 4571 676 4625 prorsus
693 4556 830 4610 veteribus
851 4553 997 4622 incognita.
1020 4555 1057 4606 nt
1081 4552 1192 4608 dicitur:
1209 4574 1319 4624 procu,
