3080 5154
224 347 326 412 m.
700 303 1000 408 mamm

218 539 252 599 p.
266 515 340 579 777.
355 516 462 578 Porro
479 535 566 578 anuo
581 515 623 579 U.
638 515 675 578 G.
692 531 853 578 noaxxxr.
871 516 991 600 eidem,
1006 516 1215 582 undecimum
1233 515 1382 598 Consuli,
1402 539 1478 602 per-

223 624 354 688 missum
374 631 424 687 est
436 647 455 686 a
469 623 604 705 Senatu,
627 631 663 687 ut
673 621 859 686 Proconsul
874 645 1004 709 semper
1021 635 1118 707 esset,
1130 625 1315 710 liceretque
1333 626 1378 707 ei,
1394 647 1478 711 quo·

223 733 427 817 tiescumque
443 731 558 814 vellet,
573 731 617 795 ad
631 732 789 796 Senatum
809 730 946 814 referre,
963 732 1107 820 denique
1122 735 1156 796 in
1175 733 1353 818 provinciis
1373 735 1479 819 major

142 873 144 877 ·
225 848 313 904 esset
332 842 413 925 ejus,
429 862 526 925 quam
543 839 794 920 Proconsulum,
810 841 1007 905 auctoritem
1023 842 1091 905 Dio
1114 842 1202 903 LIII.
1217 840 1268 904 32.
1285 840 1376 918 Quin
1389 863 1477 904 anno

224 966 394 1012 nocxxxv.
417 948 609 1012 facultatem
633 949 665 1010 ei
692 947 866 1029 dederunt,
894 948 1093 1012 emendandi
1117 949 1227 1012 omnia
1248 969 1306 1010 suo
1328 948 1477 1031 arbitrio,

224 1079 263 1120 ac
276 1056 381 1141 leges,
401 1079 481 1141 quas
503 1055 618 1139 vellet,
635 1056 783 1119 ferendi:
809 1055 877 1118 Dio
893 1056 981 1117 LIV.
996 1056 1047 1118 10.
1063 1056 1111 1119 Ut
1130 1057 1196 1119 alia
1217 1056 1477 1142 praetermittam

224 1165 319 1250 hujus
338 1165 480 1247 generis,
507 1187 592 1249 quae
612 1165 653 1227 ab
676 1165 749 1228 aliis
768 1186 807 1227 ac
824 1163 1028 1248 potissimum
1053 1164 1108 1227 Jo.
1135 1163 1225 1226 Frid.
1249 1163 1424 1228 Gronovio
1445 1165 1478 1228 in

229 1275 318 1336 Orat.
335 1273 462 1368 detege
477 1277 568 1358 regia
589 1271 732 1336 collecta
745 1282 820 1336 sunt
839 1270 1043 1354 diligentiae.

800 1447 902 1531 sm

334 1567 392 1631 Lea·
410 1566 484 1634 rapta
500 1566 621 1635 repetita,
640 1565 739 1634 qucum
758 1563 890 1634 Princeps
905 1581 1001 1617 navam
1025 1527 1379 1657 auspicabatur-imperinm.

308 1684 406 1746 Haec
428 1683 554 1765 itaque,
580 1663 712 1766 aliaque
736 1679 825 1744 scta
844 1682 878 1744 in
897 1681 1035 1768 gratiam
1059 1679 1203 1767 Augusti
1219 1679 1359 1745 subinde
1380 1683 1479 1766 sacta,

226 1795 342 1877 postea
356 1787 465 1875 repeti
484 1797 727 1853 consueverunt
742 1789 1013 1874 quotiescumque
1029 1789 1108 1853 novi
1125 1789 1347 1875 Imperatores
1364 1791 1481 1855 incho-

227 1901 327 1963 abant
344 1897 527 1984 imperium.
547 1897 602 1961 Sic
614 1898 656 1961 de
673 1897 880 1981 Vespasiano
900 1897 1008 1962 Tacit.
1024 1897 1108 1960 Hist.
1121 1896 1178 1959 IV.
1192 1897 1222 1960 3.
1249 1897 1326 1961 urm
1341 1899 1481 1964 Senatus

163 2063 166 2070 .
226 2011 339 2083 amaia,
364 2006 561 2088 Principibus
587 2008 689 2078 solita,
711 2006 903 2089 Vespasiano
924 2007 1067 2069 decraatt.
1096 2003 1193 2084 Quae
1218 2007 1259 2070 de
1286 2005 1365 2091 lege
1387 2009 1482 2092 regia

226 2123 317 2178 recte
341 2099 581 2198 interpretatur
610 2113 766 2177 Pichena.
806 2114 905 2177 Unde
932 2115 1080 2198 adparet,
1113 2135 1340 2200 quaecumque
1361 2116 1481 2178 sensim

227 2219 380 2306 Augusto
399 2221 566 2289 detulerat
582 2222 733 2304 Senatus,
751 2243 791 2285 ea
811 2230 928 2307 postea
944 2220 1095 2305 Tiberio,
1110 2207 1250 2306 aliisque
1269 2222 1482 2307 Principibus

208 2319 327 2395 ¹fuisse
347 2331 491 2394 decreta.
522 2331 742 2418 Omnia-ergo
762 2331 822 2394 illa
838 2329 927 2392 SCta
949 2351 1015 2393 non
1036 2353 1102 2398 uno
1124 2330 1309 2417 eodemque
1329 2341 1482 2418 tempore

227 2439 325 2522 facta,
352 2439 550 2525 saepiusque
570 2439 692 2503 deinde
707 2440 862 2525 repetita,
884 2436 979 2502 simul
998 2446 1114 2521 sumta,
1134 2457 1203 2504 Lux
1220 2458 1351 2504 lurtum
1368 2441 1483 2505 vocari

229 2554 472 2611 consueverunt
492 2571 512 2611 a
522 2547 769 2631 jureconsultis,
787 2555 871 2611 utet
893 2563 961 2610 Lux
979 2563 1092 2630 nuum,
1112 2547 1280 2632 exemplo,
1295 2556 1332 2612 ut
1349 2549 1482 2634 opinor,

227 2664 376 2720 veterum
392 2653 627 2737 Romanorum,
652 2656 720 2740 qui,
738 2657 820 2719 urbe
839 2653 897 2717 vix
911 2662 998 2737 nata,
1022 2654 1169 2720 Romulo
1186 2677 1368 2742 supremam
1384 2668 1484 2744 pote-

228 2773 346 2829 statem
371 2771 601 2827 concesserant
624 2781 709 2826 nnoa
733 2779 851 2844 REGIA,
884 2763 973 2847 cujus
1005 2764 1154 2827 meminit
1184 2765 1257 2828 Liv.
1273 2765 1431 2828 XXXIV.
1454 2767 1483 2830 6.

229 2872 388 2952 Quamvis
405 2872 562 2935 Huberus
578 2873 672 2956 Digr.
687 2875 706 2934 l.
719 2893 743 2934 a.
759 2869 923 2957 posterius
946 2893 1068 2934 nomen
1085 2871 1331 2937 Antoninorum
1350 2871 1484 2938 demum

129 2985 131 2992 ’
228 2981 442 3067 temporibus,
462 2979 519 3043 alii
542 2979 648 3043 adhuc
667 2980 780 3055 serius,
798 2963 976 3043 invaluisse
996 2979 1196 3044 existiment.
1213 2981 1309 3045 Cont'.
1323 2981 1379 3046 Jo.
1392 2983 1484 3048 Frid.

230 3090 377 3155 Gronov.
397 3090 487 3152 Orat.
501 3089 540 3150 de
556 3077 625 3171 lega
636 3092 736 3171 regia.
753 3088 776 3151 J
778 3109 829 3150 an.
839 3087 937 3152 Vino.
953 3087 1101 3152 Gravina
1118 3091 1157 3152 de
1174 3089 1335 3174 ortgjar.
1350 3091 1484 3155 aselli.
1535 3077 1536 3086 ἵ

223 3222 258 3283 p.
273 3197 344 3262 139.
358 3218 402 3279 sq.

829 3358 835 3374 .
858 3313 909 3376 65.

492 3426 538 3478 Aa
559 3314 1224 3499 ra1.,.r...·...l.1..p...e.....aaaa.2
1265 3391 1270 3400 ’

314 3534 404 3599 Cave
421 3555 499 3598 vero
514 3536 692 3620 existimes,
706 3539 769 3602 hac
779 3538 851 3623 ipsa
862 3542 1033 3622 lageregs'a
1046 3539 1081 3600 in
1098 3537 1290 3600 servitutem
1311 3559 1347 3602 se
1364 3539 1487 3604 addix-

230 3645 295 3708 isse
315 3642 501 3724 Romanos,
534 3665 636 3730 seque
671 3646 760 3709 omni
792 3646 928 3709 omnino
959 3643 1130 3709 abdicasse
1159 3646 1310 3730 imperio.
1342 3646 1486 3712 Minime

231 3753 390 3839 gentium.
407 3751 566 3829 Quamvis
579 3756 666 3818 enim
687 3755 722 3818 id
745 3752 847 3839 vulgo
866 3753 1029 3837 colligant
1050 3773 1093 3815 ex
1114 3754 1227 3818 Dione
1243 3755 1392 3818 ulliae.
1405 3755 1485 3818 ul.

229 3865 272 3924 D.
287 3863 326 3924 de
345 3861 448 3943 coast.
460 3866 564 3944 princ.
586 3873 621 3927 et
640 3865 679 3926 L.
697 3863 748 3926 31.
762 3863 804 3922 D.
822 3864 861 3924 da
877 3861 972 3943 lag..-
993 3860 1199 3925 falsissimum
1219 3870 1328 3925 tamen
1348 3863 1385 3926 id
1401 3885 1485 3946 esse,

231 3970 384 4035 universa
404 3970 504 4034 docet
522 3971 668 4036 historia
685 3970 772 4033 Sane
792 3976 868 4053 post
886 3968 998 4032 omnia
1014 3968 1074 4034 illa
1091 3969 1190 4052 scta,
1205 3971 1239 4033 in
1259 3971 1399 4056 gratiam
1413 3973 1486 4037 Au-

231 4079 319 4164 gusti
333 4079 433 4160 facta,
456 4077 630 4163 Caligulae
654 4078 796 4140 Senatus
818 4076 1026 4142 vacationem
1046 4079 1133 4163 legis
1148 4079 1276 4163 Papiae
1300 4080 1485 4166 Poppaeae

232 4187 426 4252 caducariae
444 4187 549 4267 dedit,
567 4193 653 4249 teste
667 4185 781 4248 Dione
791 4186 880 4248 LIX.
894 4186 943 4249 le.
968 4185 1059 4263 Quid
1072 4207 1153 4250 vero
1172 4207 1256 4270 opus
1274 4194 1346 4251 erat
1358 4189 1424 4254 bac
1436 4190 1485 4253 in-

196 4367 199 4379 ,
233 4296 416 4381 dulgentia,
436 4295 463 4358 si
479 4297 551 4379 jam
569 4292 646 4375 lege
669 4293 765 4377 regia
783 4294 1007 4378 Imperatores
1030 4292 1162 4380 legibus
1185 4295 1338 4360 omnibus
1361 4296 1487 4362 fuerint

172 4441 177 4448 ,
233 4403 349 4468 soluti?
370 4406 461 4489 Ergo
477 4402 516 4464 iis
529 4400 660 4484 legibus
673 4400 772 4466 soluti
786 4411 880 4466 erant
890 4402 1075 4487 Principes,
1084 4403 1202 4489 quibus
1216 4425 1274 4468 eos
1289 4405 1485 4470 nominatim

233 4511 377 4575 solverat
393 4511 426 4571 S.
434 4510 472 4570 P.
481 4506 523 4584 Q.
532 4507 573 4570 R.
592 4517 628 4572 ut
640 4509 753 4595 paullo
768 4518 843 4596 post
858 4531 901 4574 ex
915 4511 1107 4596 fragmentis
1124 4512 1256 4591 tabulae
1272 4513 1484 4598 Capitolinae
