3056 5154
303 509 309 530 ι
372 401 376 410 ”
482 409 537 477 lla
562 410 662 478 Leon
688 412 870 497 Aquinus.
961 491 964 499 ¹
1234 425 1305 492 did

36 601 112 644 non
135 582 288 665 adparet.
310 579 391 652 Alio
406 603 487 646 vero
505 583 582 648 loco
599 585 687 650 idem
708 585 836 666 Festus,
850 589 1073 674 explicaturus
1087 613 1202 658 vocem
1223 595 1305 658 uar-

36 690 103 750 cito
119 710 155 770 p.
175 688 247 752 480.
270 692 423 763 Saucrro,
444 691 568 776 inquit,
590 699 624 756 iu
643 695 804 756 duodenas
819 695 950 762 Seruius
968 699 1126 782 sanetus
1143 707 1188 764 uit
1205 707 1306 784 ugni-

27 797 146 874 flecrc
166 797 317 859 damnum
332 799 448 870 sobrio,
462 787 635 880 praestato.
659 801 860 866 Verisimile
876 805 990 889 itaque
1005 817 1066 888 est,
1080 829 1100 870 a
1108 807 1193 891 juris
1208 817 1305 872 uatu-

37 923 101 964 roe
129 902 346 986 simplicitate
372 903 425 968 hic
453 926 520 968 non
548 908 722 980 recessisse
744 909 979 994 Decemviros,
1002 914 1156 997 adeoque
1181 914 1303 978 nudam

38 1008 161 1072 damni
177 1009 245 1072 dati
266 1011 508 1074 restitutionem
526 1014 687 1098 exegisse.
709 1013 822 1093 Quare
840 1017 887 1082 ita
909 1029 1106 1103 conceptum
1133 1019 1233 1084 fuisse
1253 1041 1306 1084 ur-

38 1117 157 1179 bitror
176 1116 261 1180 illud
285 1117 360 1182 XII
386 1118 471 1182 Tab.
492 1130 605 1204 caput:
627 1138 686 1197 our
709 1138 884 1206 nostrisa,
902 1141 1046 1190 sencino
1061 1127 1105 1207 b).
1134 1125 1305 1204 Quemad-

38 1223 183 1286 modum
207 1224 356 1288 eamdem
372 1225 484 1309 legem
502 1227 739 1294 restituendam
758 1230 859 1294 etiam
882 1231 1059 1296 arbitratur
1076 1232 1194 1297 Jacob.
1212 1231 1305 1298 Rae-

38 1329 139 1394 vard.
156 1333 201 1421 od
213 1331 315 1414 Legg.
331 1333 404 1394 XII
416 1334 488 1396 tut.
504 1355 530 1396 e.
545 1333 597 1398 24.

638 1481 667 1562 §.
689 1481 719 1543 4.

517 1595 599 1664 On'pc
617 1596 680 1663 lepis
698 1597 840 1667 Aquillius.
946 1614 950 1618 ·

132 1694 231 1773 Quae
253 1704 328 1779 post
348 1696 424 1760 XII
439 1695 586 1760 Tabulas
610 1717 713 1781 usque
735 1698 776 1762 ad
798 1698 899 1764 latam
921 1697 1031 1784 legem
1054 1696 1238 1784 Aquilliam
1261 1699 1305 1763 de

42 1804 171 1866 damno
194 1803 273 1867 dato
288 1802 344 1866 vel
358 1803 536 1867 Praetores
557 1803 740 1882 edixerint,
755 1804 811 1868 vel
825 1806 967 1891 populus
989 1799 1139 1887 sciverit,
1155 1826 1216 1868 uos
1232 1806 1305 1890 qui-

44 1911 125 1974 dem
149 1911 265 1974 scimus
281 1931 352 1973 curu
369 1911 588 1996 ignotissimis.
612 1910 839 1976 Celeberrima
853 1933 935 1976 vero
951 1920 1001 1976 est
1016 1913 1087 1996 ipsa
1100 1931 1169 1977 unx
1182 1929 1305 1990 nquiu-

45 2035 125 2098 ΗΑ,
147 2020 237 2102 cujus
258 2018 301 2081 de
324 2027 460 2082 auctore
475 2039 541 2081 non
564 2019 681 2082 eadem
706 2027 757 2082 est
779 2020 923 2084 omnium
945 2020 1120 2084 sententie.
1141 2019 1305 2104 Ulpianus

46 2126 89 2187 L.
106 2124 136 2188 1.
151 2127 178 2206 9.
192 2126 222 2187 1.
238 2127 280 2187 D.
293 2128 338 2188 cd
346 2127 385 2188 L.
403 2128 519 2206 Aqm'll.
535 2125 581 2188 its
600 2126 670 2208 ejus
684 2123 853 2190 historiam
870 2127 980 2190 verbis
997 2126 1198 2210 paucissimis
1215 2147 1306 2192 com-

44 2233 169 2316 plexus
192 2239 255 2296 ests
279 2233 369 2308 Quos
390 2234 443 2294 les
466 2233 605 2312 Aquillic
622 2232 817 2314 plebiscitum
839 2240 902 2305 est,
926 2253 1021 2314 quum
1045 2253 1115 2295 eum
1138 2237 1305 2314 Apustius,

49 2340 212 2402 Munus
223 2341 339 2421 plebis,
355 2361 376 2400 α
389 2339 483 2420 plebs.
500 2342 668 2419 rogaverit.
690 2337 758 2402 Sed
776 2337 848 2422 quis
863 2337 979 2402 sitille
993 2337 1181 2422 Aquillius,
1198 2340 1305 2404 adhuc

46 2449 111 2510 sub
127 2446 243 2529 judice
263 2446 305 2509 lis
321 2453 379 2508 est.
402 2444 439 2507 C.
454 2442 608 2528 Aquillio
625 2443 737 2528 Gallo,
759 2445 979 2509 celeberrimo
1001 2444 1052 2508 illi
1067 2447 1305 2526 Juricousulto,

48 2551 274 2637 stipulationis
288 2551 505 2636 Aquillianae
521 2551 705 2635 inventori,
726 2573 798 2616 eam
814 2551 963 2617 tribuunt
977 2551 1141 2635 nonnulli,
1157 2562 1192 2619 et
1206 2554 1240 2618 in
1255 2553 1305 2618 his

48 2661 151 2724 etiam
166 2659 241 2724 lau.
253 2660 350 2724 Vinc.
367 2653 515 2726 Gravius
530 2661 569 2722 de
581 2660 674 2742 ‘Orig.
685 2663 755 2742 jur.
772 2665 828 2724 ctu.
843 2682 867 2721 c.
883 2660 935 2723 60.
945 2681 979 2742 p.
993 2659 1045 2722 97.
1059 2665 1102 2742 ⁰).
1124 2660 1192 2726 Sed
1207 2684 1306 2746 prae·

47 2747 221 2852 terquam,
244 2768 333 2851 quod
360 2788 401 2830 an
426 2764 594 2850 Aquillius
615 2766 669 2829 hic
696 2788 849 2851 umquam
874 2766 1040 2831 Tribunus
1062 2767 1171 2851 plebis
1194 2769 1305 2852 luerit,

47 2899 118 2940 non
140 2875 225 2938 adeo
249 2873 440 2958 expeditum
463 2880 527 2962 est3
548 2893 591 2936 ne
614 2883 797 2956 temporum
815 2873 949 2958 quidem
971 2875 1057 2938 ratio
1081 2875 1253 2956 concedit,
1269 2884 1306 2941 ut

49 3005 126 3049 eum
149 2982 244 3067 hujus
259 2982 344 3064 legis
367 2987 535 3044 auctorem
557 2979 656 3042 titisse
681 2981 913 3044 existimemus.
935 2979 1022 3044 Sane
1044 2981 1114 3065 ejus
1133 2981 1219 3066 legis
1235 2982 1306 3066 jam

49 3092 232 3156 meminere
249 3087 290 3167 Q.
308 3088 437 3150 Mucius
453 3086 633 3152 Scaevola:
648 3089 684 3151 L.
699 3083 750 3149 39.
762 3108 814 3169 pr.
831 3095 866 3150 et
881 3087 1019 3159 Brutus:
1036 3089 1074 3151 L.
1088 3087 1138 3151 27.
1153 3090 1182 3171 §.
1198 3087 1250 3152 22.
1263 3091 1306 3153 D.

49 3202 98 3264 ad
113 3200 152 3261 L.
166 3200 282 3280 Aquili.
298 3218 379 3281 quos
396 3195 433 3258 C.
448 3194 602 3282 Aquillio
621 3193 722 3260 Gallo
745 3195 947 3280 antiquiores
968 3195 1068 3257 fuisse
1091 3196 1307 3260 certissimum

51 3320 118 3371 est:
144 3307 198 3370 Jo.
218 3303 383 3368 Bertrand
409 3289 469 3365 Vn.
492 3303 642 3367 Jcsorcm
662 3305 704 3365 ΙΙ.
723 3303 753 3366 9.
773 3302 804 3367 9.
831 3301 994 3380 Adsedit,
1018 3302 1107 3385 quod
1129 3300 1248 3365 Cicero
1270 3303 1306 3366 iu

51 3417 160 3478 Bruto
180 3435 205 3474 c.
226 3411 277 3475 34.
300 3408 429 3491 scribit,
450 3433 484 3473 se
504 3413 538 3472 L.
564 3413 787 3485 Castulonem,
811 3411 1028 3473 cdeusctcrcm
1047 3407 1086 3470 de
1107 3409 1215 3490 plebe,
1234 3410 1306 3492 jons

51 3567 354 3585 μ...-

125 3646 157 3712 Ι))
178 3641 363 3699 Gothafredus
382 3639 492 3708 quidem
512 3639 620 3708 Frapss.
641 3639 710 3692 ΧΙΙ
726 3637 806 3693 Tati.
825 3637 877 3692 tas.
901 3635 1139 3690 Vltcdtstinxisse
1154 3640 1233 3702 putet
1250 3637 1307 3690 De·

51 3729 187 3783 cemviros
206 3728 335 3780 damnum
354 3724 455 3792 injuria
473 3725 566 3776 datum
584 3723 619 3775 ab
637 3737 679 3787 eo,
691 3724 766 3791 quod
783 3737 850 3776 casu
867 3723 973 3776 illatum
987 3722 1030 3786 sit,
1045 3722 1169 3789 adeoque
1187 3720 1225 3774 its
1241 3737 1307 3776 eon·

51 3815 123 3882 cipit
138 3816 226 3880 leges:

254 3897 285 3950 si
300 3895 401 3964 bajaria
417 3908 554 3944 surmus
567 3922 585 3932 -
602 3921 620 3930 -
636 3923 655 3932 -

253 3984 290 4034 At
307 3981 330 4032 st'
346 3997 426 4032 casu:
444 3993 566 4030 esserra.

54 4071 113 4126 Sed
130 4067 211 4133 liujus
230 4064 411 4120 distinctionis
429 4067 479 4116 ned
496 4061 525 4115 in
543 4063 638 4127 Festo,
656 4077 706 4114 neo
723 4060 798 4126 apud
819 4059 903 4114 alium
921 4064 1057 4112 auctorem
1075 4057 1132 4108 ullu
1150 4055 1180 4107 tt
1196 4052 1309 4120 mentio,
1353 4079 1355 4084 ·

53 4163 84 4208 et
101 4170 194 4206 casum
204 4167 370 4221 quemquam
382 4155 518 4218 praestare
536 4147 663 4199 debuisse
674 4146 723 4198 vix
740 4145 895 4198 verosimile
906 4148 955 4196 cst
968 4142 1048 4195 Heia.
1066 4139 1171 4192 Probat
1181 4138 1308 4194 Auctoris

54 4237 219 4293 sententiam
242 4236 405 4288 Dirkscuius
428 4236 446 4288 t.
464 4234 482 4286 1.
500 4249 527 4298 p.
544 4235 604 4284 531.
623 4245 673 4296 sq,
692 4231 740 4298 qui
757 4245 791 4282 eo
814 4245 925 4298 quoque
948 4225 1074 4280 dissentit
1097 4225 1307 4289 sGothofredo‚

56 4326 134 4394 quod
150 4338 206 4376 nou
224 4322 355 4388 septimae
369 4320 484 4382 tabulae,
503 4316 552 4370 sed
570 4321 681 4368 octavae
702 4317 760 4382 (Fr.
778 4315 818 4382 tt.)
839 4313 1017 4368 trenciacum
1035 4310 1144 4364 tribuat.
1163 4307 1250 4362 trent.

128 4408 156 4473 c)
177 4407 214 4460 m
230 4406 303 4460 idem
322 4403 441 4458 Gravius
459 4403 491 4455 ds
508 4399 622 4470 Leptim
640 4408 665 4452 et
684 4399 763 4454 Setis
781 4400 859 4454 Rom.
878 4398 899 4466 §.
915 4393 953 4450 Χ.
968 4415 997 4465 p.
1011 4399 1072 4451 748.
1093 4396 1219 4448 eadere
1230 4392 1309 4446 dubi·

56 4502 117 4546 tare
133 4493 249 4556 videtur,
266 4491 442 4557 incertusque
460 4485 679 4552 haereticique
697 4484 913 4549 scrumosum,
931 4497 966 4536 au
992 4479 1037 4534 elii
1061 4477 1183 4548 Aquillio
1207 4477 1310 4532 adscri-

57 4579 147 4632 beuda
164 4577 200 4632 sit
218 4581 263 4630 lex
281 4574 408 4643 Aquiliis.
426 4573 505 4626 Hein.
612 4643 621 4656 „
