3056 5168
525 391 580 460 us
607 393 830 466 Aurromnus.
1235 405 1304 473 601

40 568 288 640 restituebatur
301 569 334 632 in
357 565 539 653 integrum,
554 570 654 636 modo
670 569 778 638 stetim
788 569 937 654 judicem
960 571 1110 640 adiissetr
1124 573 1162 638 1..
1175 595 1246 657 psa.
1262 577 1304 640 D.

40 682 84 739 ds
106 677 148 740 In
168 681 284 760 integr.
303 679 439 738 restrtut.

623 793 652 874 s.
673 789 724 856 oe.

549 892 664 946 Intentio
679 893 797 948 redonis.

131 992 190 1056 Sin
206 999 346 1076 uterque
367 1013 402 1055 se
417 991 568 1056 stitisset:
589 1001 667 1056 tunc
684 993 726 1056 od
749 995 941 1058 citationem
963 994 1055 1078 prior
1079 997 1304 1080 respondebat

38 1123 138 1164 reus:
165 1100 227 1164 uu
244 1109 279 1163 tu
295 1120 346 1174 es,
368 1101 425 1178 qui
441 1119 490 1163 ms
507 1101 641 1162 vadatus
663 1104 719 1162 es?
733 1102 791 1162 ¹uli
808 1109 843 1164 tu
863 1123 912 1176 es,
934 1107 990 1184 qut
1008 1124 1057 1166 me
1078 1107 1203 1166 citasti?
1221 1105 1305 1170 Eoos

38 1229 103 1291 ego
122 1229 172 1270 nze
194 1208 250 1270 uta·
267 1211 353 1280 sisto,
373 1216 408 1268 tu
431 1215 540 1268 contro
561 1215 593 1268 et
620 1215 651 1268 te
671 1207 749 1270 mm
766 1213 850 1271 sule.
878 1207 934 1274 Ad
949 1208 1033 1272 hanc
1056 1211 1145 1272 enirn
1167 1211 1303 1276 sollem-

40 1337 123 1380 nem
147 1313 318 1379 formulam
336 1312 480 1376 omnium
501 1313 717 1396 interpretum
735 1335 895 1380 consensu
916 1317 1052 1401 respicit
1067 1317 1205 1382 Plautus
1223 1320 1302 1384 Cur·

41 1425 106 1486 cul.
129 1427 201 1484 Act.
222 1423 247 1482 I.
270 1443 311 1483 sc.
332 1421 362 1484 3.
384 1441 412 1482 o.
433 1421 463 1482 5.
485 1422 551 1502 sqq.

131 1531 191 1592 Pu.
215 1549 277 1592 uss
300 1550 344 1590 ru
365 1547 818 1612 ss,qurrc1rcorsr.rusrus
847 1530 987 1594 Venerir‘s
1010 1537 1252 1597 rrnruorsrrst

133 1657 194 1698 nur
216 1655 261 1701 ru
281 1655 333 1709 ss,
353 1655 415 1710 qur
437 1655 490 1696 us
511 1635 611 1698 trilello
637 1636 768 1699 Venerio
789 1640 1001 1700 orrarrsrr?
1019 1658 1089 1700 scos
1109 1659 1167 1701 me.

130 1762 228 1804 srsro
248 1763 312 1806 seo
335 1763 415 1806 mr
430 1762 493 1814 sss,
507 1751 538 1806 et
558 1743 637 1804 mitt
654 1751 764 1806 contra
785 1745 891 1806 ttritem
906 1763 951 1806 rs
971 1763 1016 1806 ur
1029 1764 1160 1820 ersus,
1175 1749 1302 1812 suadeo.

43 1861 253 1924 Provocatus
268 1857 331 1922 hoc
347 1857 446 1922 modo
460 1865 568 1920 actor:
583 1873 712 1924 nosses
728 1879 763 1922 se
775 1853 896 1945 ajebat.
911 1857 1076 1954 Quorsum
1092 1859 1207 1926 itidem
1223 1865 1303 1947 peri

45 1967 157 2030 tinent
177 1963 237 2029 ills
257 1963 370 2028 Plauti
387 1965 537 2048 proxime
554 1965 746 2048 sequentias

135 2083 200 2143 Prr.
220 2100 358 2155 asenne
375 2099 450 2142 num
477 2086 508 2143 st
534 2081 647 2154 adsim,
671 2083 758 2144 houd
777 2101 919 2144 russum
941 2087 1017 2163 quin
1037 2085 1117 2146 mur
1140 2087 1223 2148 mule
1249 2089 1301 2160 cst,

149 2161 153 2180 ³
523 2190 585 2248 mel
604 2207 716 2249 meum.

46 2295 242 2379 Regercbst
255 2315 355 2379 porro
370 2314 455 2376 reus,
474 2311 558 2370 Quin
572 2299 644 2358 sis?
660 2292 722 2356 (lui
737 2301 831 2356 actor
843 2293 1069 2377 respondebat
1083 2309 1161 2360 Atos
1184 2303 1218 2358 et
1233 2303 1301 2360 tum

46 2403 119 2486 ipso
142 2401 342 2487 sequebatur
356 2402 455 2482 actio,
470 2421 530 2466 reo
546 2401 693 2481 intenta,
709 2407 800 2463 certa
821 2399 964 2464 formula
985 2409 1157 2484 concepta,
1179 2400 1301 2466 veluti:

45 2527 120 2588 stu,
142 2525 301 2588 rursuuu,
324 2526 418 2584 Quum
441 2523 615 2589 sussum,
637 2523 736 2572 Msuu
758 2523 854 2588 ussit,
874 2505 929 2572 vel
951 2523 1023 2588 AJO,
1045 2525 1089 2570 'ru
1111 2523 1190 2571 mrsu
1211 2525 1301 2574 unns

46 2633 178 2682 elusus
199 2633 384 2682 ososrsnu.
410 2616 549 2682 Juvabit
571 2637 654 2700 ergo
674 2613 831 2680 formulas
853 2615 1018 2678 actionum
1041 2615 1301 2700 praecipuarum,

49 2747 91 2788 eo
114 2725 250 2805 ordine,
265 2745 336 2808 =quo
358 2745 413 2811 eas
435 2725 622 2808 imperator
642 2723 706 2786 hoc
728 2722 827 2786 titulo
848 2723 1038 2806 proposuit,
1059 2722 1239 2807 colligere,
1254 2733 1301 2806 ut,

47 2833 128 2923 quid
145 2831 282 2916 singulis
305 2831 470 2896 actionum
493 2830 641 2895 formulis
663 2836 778 2912 petere
800 2828 890 2893 soliti
906 2829 970 2892 sint
985 2828 1140 2909 Romani,
1158 2839 1199 2892 e'o
1215 2830 1302 2894 dilu-

47 2941 154 3004 cidius
176 2936 343 3024 adpsreat.
371 2939 491 3022 Neque
514 2945 625 3000 tamen
649 2935 803 3018 eliquisa
824 2934 919 2999 nobis
941 2936 1107 3020 requiret,
1131 2944 1166 3001 ut
1187 2958 1301 3002 omnes

47 3051 208 3129 actiones,
224 3064 359 3132 quarum
377 3054 411 3110 et
425 3045 576 3107 rhetores
592 3043 826 3118 meminerunt,
842 3042 1063 3125 explicemus,
1079 3043 1183 3108 veluti
1197 3043 1303 3109 actio·
1389 3117 1394 3124 .

46 3177 124 3220 nem
139 3157 324 3236 dementius,
341 3156 486 3235 incompti
502 3153 661 3234 maleficii,
689 3153 821 3223 tattonis,
836 3147 940 3210 malos
955 3156 1161 3224 tractationis,
1177 3153 1302 3214 addica-

49 3268 151 3326 tr‘om's.
164 3263 284 3326 Earum
301 3261 386 3324 enim
394 3261 575 3344 plerasque
590 3279 657 3321 non
670 3258 703 3328 in
718 3244 805 3338 loro,
821 3255 878 3318 sed
891 3255 925 3318 in
933 3255 1101 3319 rhetorum
1113 3256 1233 3319 scholis
1243 3261 1316 3321 ηε(

49 3383 100 3436 tes
123 3391 210 3450 esse,
225 3367 424 3453 jampridem
447 3366 561 3431 docuit
583 3365 735 3450 Cujacius
755 3353 928 3427 Obsero'att.
945 3363 1002 3424 IX.
1016 3361 1067 3426 13.
1082 3365 1173 3424 Heio.
1193 3363 1303 3427 Ante-

51 3499 149 3564 quam
168 3498 249 3542 vero
270 3497 339 3538 rem
355 3473 723 3560 ipsam-aggrediamur,
740 3472 824 3558 juris
842 3471 1023 3550 rationem,
1042 3491 1106 3555 qua
1122 3471 1302 3556 antiquitus

49 3583 196 3649 Romani
216 3583 250 3646 in
273 3583 456 3647 actionibus
479 3569 688 3644 instituendis
715 3580 765 3643 usi
786 3589 877 3661 sunt,
905 3577 1041 3664 ejusque
1061 3577 1301 3644 vicissitudines

49 3693 199 3758 breviter
215 3712 427 3776 exponemus.
449 3688 550 3754 Mrtlrl.

648 3843 655 3858 .
678 3796 729 3861 23.

542 3907 620 3975 Lepir
626 3799 751 3959 §actiones
763 3905 803 3972 t).

134 4009 237 4095 Legis
253 3983 400 4073 actiones
413 4029 437 4070 s.
451 4005 622 4090 legitimae
638 4007 786 4071 actiones
800 4009 829 4088 ¹)
849 4012 943 4068 erant
963 4013 1054 4082 actus
1076 4000 1242 4082 solennes,
1259 3999 1301 4063 ad

120 4187 155 4268 q)
176 4183 240 4250 Geji
257 4183 324 4235 Iert.
336 4182 384 4235 IV.
399 4182 419 4248 ξ.
436 4186 468 4234 10
478 4209 510 4220 -·
520 4183 562 4230 31.
580 4179 781 4233 Miihleubruch
796 4177 824 4231 in
841 4178 893 4232 den
909 4171 1030 4229 Heidelb.
1039 4169 1135 4224 Jatrt.
1148 4172 1196 4223 der
1206 4171 1301 4223 litter.

47 4290 125 4328 num.
141 4276 167 4324 4.
186 4285 213 4337 p.
229 4273 341 4323 53-55.
368 4268 482 4331 Dupont
496 4264 612 4333 Disquis.
629 4265 656 4316 irs
674 4272 809 4317 comment.
824 4265 873 4316 lv.
889 4261 952 4327 Gaji
972 4259 993 4325 ἓ.
1013 4257 1136 4310 lI-IV.
1153 4272 1180 4322 p.
1195 4259 1300 4306 6—51.
1406 4262 1410 4272 “

46 4359 166 4412 Heffter.
182 4353 328 4408 Obseruatt.
338 4352 374 4403 ud
389 4351 449 4418 Gaj.
458 4363 517 4416 oap.
527 4353 603 4402 2-8.
620 4349 755 4402 Zimmern
772 4351 788 4404 l.
799 4351 816 4402 l.
831 4349 852 4416 §.
863 4351 906 4398 32.
915 4348 957 4396 3³.
966 4345 1008 4394 35.
1021 4342 1169 4407 §.us-44.
1184 4339 1205 4406 ξ.
1211 4342 1253 4391 47.
1260 4339 1303 4389 48.

51 4443 143 4496 Ueber
165 4439 206 4492 dic
228 4437 306 4503 Leuis
332 4436 446 4488 octiomr
469 4435 526 4486 und
548 4435 596 4486 das
623 4429 904 4502 Ceutumoirolpcrieltt
928 4429 976 4480 der
995 4424 1104 4478 Rsimer.
1129 4423 1192 4476 Vou
1215 4423 1302 4475 eiuem

46 4525 208 4582 Praktikcr.
230 4523 360 4575 Zwiclreu
373 4525 447 4574 1839.
462 4523 487 4572 8.
609 4549 613 4554 -

123 4612 153 4678 r)
173 4609 206 4662 1..
225 4612 250 4660 2.
272 4606 292 4673 ἓ.
310 4609 335 4658 6.
354 4604 391 4656 D.
409 4604 441 4655 de
459 4603 524 4671 erip.
533 4605 593 4672 jur.
