3062 5156
163 390 164 393 ’
223 393 294 460 232
316 364 321 370 ⁵
591 390 777 458 duremur
799 389 881 468 Lm.
908 389 936 458 l.
963 389 1052 458 Car.
1078 391 1105 459 l.

230 565 443 629 marmoribus
461 565 549 649 apud
561 565 693 628 Gruter.
705 566 864 648 Inem'ptt.
877 587 909 648 p.
924 566 1111 628 DLXXIII.
1127 587 1157 627 n.
1170 566 1199 628 1.
1209 565 1239 629 2.
1247 587 1282 648 p.
1297 567 1475 630 DLXXIV.

228 695 260 737 n.
276 676 305 736 5.
319 675 348 737 6.
366 682 444 757 etp.
464 673 633 750 DLXXV.
654 695 685 736 n.
699 673 730 736 1.
1246 676 1251 680 “

801 815 829 896 ς.
852 813 902 875 15.
980 829 983 835 ·

233 927 345 999 Trajani
361 938 387 982 et
403 927 541 982 Hadriani
555 929 583 982 in
601 929 689 982 danda
710 932 812 983 civitate
830 927 982 982 liberalitas.
1004 929 1049 981 An
1067 931 1224 983 Hadrianus
1248 940 1341 983 auctor
1359 931 1473 982 constitn-
1521 939 1522 1012 t

462 1015 546 1076 tionis,
564 1033 615 1083 qna
633 1013 800 1068 cinitaa'cnm
818 1013 880 1067 orbe
899 1015 1022 1067 Romano
1041 1018 1250 1068 communicata?

311 1115 495 1199 Hispaniae
514 1116 715 1200 potissimum
735 1115 896 1200 Trajanus
919 1115 1019 1197 favit,
1038 1114 1109 1199 ipse
1131 1117 1307 1200 Hispanus.
1330 1115 1428 1178 Unde
1444 1115 1472 1178 in

231 1221 301 1306 ejus
314 1205 418 1285 numis
431 1205 611 1288 *occurrunt
630 1223 804 1305 municipia
823 1223 1016 1304 Italicense,
1034 1223 1220 1307 Inlipense‚
1236 1222 1396 1300 Albense,
1415 1223 1473 1286 Ur-

149 1374 154 1382 ,
231 1351 408 1414 gaoncnse.
431 1330 559 1408 Quibus
579 1351 622 1392 ex
641 1352 803 1394 marmore
826 1331 913 1414 apud
931 1329 1064 1394 Gruter.
1079 1332 1237 1412 Inscripti.
1250 1353 1284 1412 p.
1306 1331 1432 1392 CLXII.
1446 1352 1472 1390 n.

231 1437 262 1500 3.
280 1437 425 1501 addendi
448 1438 648 1519 Icaeditani,
667 1438 867 1500 Lancienses
886 1437 1064 1521 oppidani,
1085 1437 1219 1517 Talori,
1238 1437 1473 1501 Interamnicn-

231 1565 291 1625 seS,
308 1544 460 1627 Colarni,
475 1547 691 1627 Lancienses,
708 1545 929 1626 Trascudani‚
942 1544 1057 1626 Aravi‚
1077 1546 1377 1628 Meidubrigenses‚
1393 1546 1472 1608 Ara-

229 1652 411 1736 brigenses
428 1654 621 1736 Banienses‚
637 1654 809 1726 Paesures,
825 1673 906 1739 quos
922 1673 1037 1716 omnes
1057 1677 1075 1716 a
1092 1653 1238 1737 Trojano
1255 1653 1385 1716 demum
1401 1654 1472 1715 civi-

69 1823 72 1836 .
124 1763 132 1780 ¹
229 1767 299 1824 tate
324 1759 483 1842 donatos,
502 1783 569 1825 non
590 1783 675 1824 vana
697 1760 903 1824 divinatione
924 1761 1059 1846 conjicit
1075 1762 1135 1824 ΕΖ.
1154 1761 1276 1844 Spanh.
1300 1763 1372 1822 Orb.
1391 1763 1471 1822 Iton
1521 1805 1522 1848 p

229 1868 346 1928 Ercrc.
363 1871 390 1928 Ι.
407 1889 432 1929 c.
448 1867 498 1930 18.
517 1890 549 1950 p.
567 1867 638 1930 108.
658 1891 702 1950 aq.
723 1868 817 1931 Idem
840 1868 1001 1953 Princeps
1025 1869 1162 1954 singuiis
1186 1869 1381 1956 quibusdam
1405 1868 1472 1930 snb·

210 1973 309 2036 inde
332 1973 474 2037 civitatis
485 1977 562 2059 jura
581 1975 676 2039 dedit
693 1983 812 2058 rogatu
832 1977 1024 2059 amicorum,
1044 1985 1081 2041 ut
1098 1984 1193 2061 patet
1213 1999 1255 2039 ex
1274 1977 1471 2058 Plin‘lripr'rt.
1521 1951 1522 1964 ἵ

172 2139 174 2142 .
232 2082 273 2142 X.
291 2073 553 2144 22.6.107.10‘8.
576 2082 666 2160 Quin
681 2103 779 2167 quum
794 2083 964 2148 vicesimas
980 2085 1200 2149 hereditatum
1217 2094 1317 2149 antea
1332 2084 1471 2168 pendere

230 2194 430 2270 cogerentur
452 2189 532 2252 novi
557 2191 662 2270 cives,
685 2211 742 2252 eos
767 2191 831 2253 boc
857 2213 959 2254 onere
984 2194 1123 2276 primurn
1149 2192 1278 2273 Nerva,
1301 2192 1424 2256 deinde
1443 2199 1472 2252 et

230 2296 392 2380 Trajanus
402 2294 568 2360 liberavit.
578 2297 685 2374 Quod
697 2298 861 2382 Principis
872 2299 1068 2363 beneficium
1081 2300 1249 2364 collaudat
1257 2299 1344 2362 Piin.
1356 2301 1470 2379 Pancg.

229 2425 255 2465 e.
272 2401 324 2465 37.
341 2403 531 2474 Hadrianus
549 2414 704 2487 sequutus
722 2405 899 2490 Trajanum
915 2408 1041 2470 Latiam
1060 2411 1167 2470 multis
1183 2408 1358 2470 arbitantur
1379 2406 1471 2468 dedit:

229 2511 349 2572 tributa
365 2511 470 2570 mnltrb
485 2515 614 2584 renn'sr't,
631 2520 666 2574 ut
678 2511 827 2596 loquitur
841 2513 1006 2597 Spartian.
1025 2535 1053 2576 n.
1068 2516 1232 2576 Hadrrbni
1245 2537 1269 2577 c.
1285 2513 1336 2576 21.
1358 2513 1408 2576 At
1422 2511 1471 2574 da-

229 2625 285 2680 tae
302 2615 343 2676 ab
364 2635 405 2676 eo
425 2616 567 2680 civitatis
583 2617 624 2680 in
648 2619 753 2680 nunris
773 2628 807 2682 et
827 2618 993 2704 lapidibus
1012 2621 1104 2686 nulla
1125 2643 1260 2706 usquam
1283 2623 1320 2685 fit
1341 2621 1470 2698 mentio,

228 2723 292 2786 nisi
308 2722 398 2806 quod
415 2723 448 2785 in
470 2744 630 2786 marmore
651 2727 709 2790 sub
729 2747 770 2788 eo
788 2726 943 2810 legantur
959 2711 1150 2794 Munianus.
1170 2747 1324 2794 nunrcnu
1343 2747 1376 2790 r.
1391 2745 1471 2792 Auni.

86 2879 94 2892 .
212 2845 398 2894 *nanurnnr
423 2847 501 2893 nuo.
534 2818 737 2896 crvrurrnnr:
766 2832 901 2897 Gruter-i
936 2839 1096 2916 Inscripta.
1121 2858 1155 2918 p.
1182 2836 1367 2899 cocunt.
1397 2859 1427 2900 n.
1448 2835 1471 2896 1.

229 2938 329 3002 Unde
351 2937 544 3002 Civilitanos
563 2941 603 3002 ab
621 2962 662 3002 eo
679 2940 814 3004 civitate
827 2941 978 3022 donatos,
994 2941 1124 3024 colligit
1135 2941 1263 3025 Spanh:
1280 2946 1351 3005 r‘br‘d.
1365 2941 1471 3026 plot.

228 3045 311 3106 Sunt
329 3045 478 3128 quidem,
499 3047 555 3130 qui
574 3047 779 3134 Hadrianum
799 3056 968 3112 auctorem
988 3057 1106 3132 putent
1130 3049 1370 3114 celeberrimae
1392 3050 1471 3113 illius

119 3283 125 3288 ’
226 3261 264 3324 I..
282 3259 392 3322 121).
413 3263 452 3323 de
471 3261 565 3322 Statu
583 3265 659 3324 tona.
681 3283 762 3344 quos
785 3262 819 3324 in
840 3284 913 3326 eum
939 3285 1084 3343 errorem
1103 3265 1235 3328 induxit
1256 3263 1469 3348 Chrysostom.

227 3367 272 3428 ad
292 3369 363 3428 Act.
385 3371 493 3448 Apost.
515 3367 565 3430 25.
584 3390 616 3450 p.
634 3368 705 3442 875.
731 3371 821 3432 Tamo
839 3373 898 3433 IV.
923 3373 994 3434 edit.
1016 3373 1112 3434 Saatl.
1135 3373 1204 3436 Sed
1229 3371 1290 3435 bos
1314 3372 1469 3435 rationem

227 3473 355 3566 fugere,
370 3472 483 3557 paullo
499 3482 575 3557 post
589 3475 766 3540 clarissime
785 3479 968 3563 adparebit.

805 3665 833 3746 g.
854 3663 905 3728 16.
1019 3715 1024 3720 .

470 3777 515 3828 An
533 3796 564 3830 ca
582 3779 729 3832 constitutio
748 3777 888 3834 tribuenda
905 3783 1039 3835 Antonino
1057 3783 1235 3851 Imperatori?

1521 2133 1522 2166 i

131 3140 136 3150 ⁶
227 3153 471 3216 constitutionis
486 3152 527 3215 de
543 3154 679 3219 civitate
699 3176 769 3218 curn
784 3157 938 3218 universo
954 3156 1035 3218 orbe
1053 3156 1206 3221 Romano
1224 3157 1471 3220 communicata:

310 3875 430 3962 Aeque
447 3875 573 3941 faHitur
586 3879 609 3942 J
611 3880 789 3944 ustinianus
805 3883 1000 3965 Imperator,
1023 3884 1080 3968 qui
1096 3884 1261 3947 celebrem
1289 3881 1380 3945 iilam
1397 3855 1469 3941 coir·

228 3982 431 4072 stitutionem
459 3983 632 4049 Antonino
659 3989 722 4051 Pio
745 3989 861 4052 tribuit
886 3990 966 4052 Noa.
989 3991 1040 4053 78.
1064 3994 1093 4054 5.
1122 3991 1268 4076 quamvis
1297 3999 1370 4052 eum
1399 3996 1468 4050 ante

183 4165 185 4172 Α
227 4089 459 4174 Spanhemium
476 4099 601 4156 tantum
613 4117 679 4159 non
694 4118 807 4160 omnes
823 4119 923 4160 caeca
934 4098 999 4161 fide
1016 4099 1146 4183 sequuti
1162 4099 1227 4162 sint
1242 4103 1286 4180 ΙΙ).
1302 4096 1350 4159 At
1365 4115 1470 4179 quam·

237 4285 241 4290 ’
299 4298 332 4364 n)
351 4297 524 4353 Contrarium
542 4309 631 4354 tamen
657 4307 719 4354 ante
743 4303 937 4368 Spanhemium
961 4305 1140 4357 observarunt
1162 4303 1334 4358 Wesembec.
1360 4299 1469 4354 Paratit.

229 4380 265 4430 ad
277 4381 314 4431 tit.
324 4381 359 4434 D.
369 4383 400 4433 de
412 4383 489 4437 Statu
504 4387 571 4438 lnam.
589 4404 660 4438 num.
672 4392 698 4439 5.
711 4387 791 4440 Petit.
801 4390 865 4456 Lep.
876 4390 956 4442 Attin.
964 4408 995 4458 p.
1010 4395 1069 4444 136.
1082 4391 1173 4443 Vates.
1185 4391 1213 4441 in
1227 4389 1286 4440 Nat.
1297 4389 1334 4440 nd
1342 4387 1469 4452 Facerptr
1521 4403 1522 4444 ξ

227 4463 321 4516 Dionis
331 4483 358 4533 p.
373 4471 430 4520 108.
444 4487 481 4538 sq.
495 4467 523 4538 [*
535 4487 571 4522 ex
585 4470 713 4535 editione,
733 4488 803 4540 quac
818 4472 921 4538 prodiit
934 4475 1049 4527 Parisiis
1063 4479 1138 4528 1834.
1155 4477 1192 4538 4.]
1205 4473 1301 4526 claud.
1314 4474 1425 4525 Salmas.
1441 4468 1469 4524 dt
1521 4479 1522 4536 j

228 4549 304 4601 mado
315 4567 388 4604 ntur.
406 4570 428 4604 c.
449 4557 489 4607 19.
494 4571 523 4622 p.
535 4558 594 4608 854.
613 4571 650 4624 tq.
663 4557 774 4623 Rupert.
787 4559 824 4610 acl
831 4560 863 4611 L.
872 4563 896 4610 2.
911 4559 945 4610 D.
959 4560 998 4612 de.
1017 4559 1090 4630 Orip.
1099 4561 1160 4630 jnr.
1175 4577 1197 4612 c.
1212 4565 1236 4612 1.
1246 4576 1274 4627 p.
1289 4562 1330 4612 1⁷.
1344 4561 1383 4611 18.
1395 4553 1469 4606 Heirt.
1521 4577 1522 4626 3
