3062 5156
136 429 141 436 ·
228 406 301 474 206
673 399 748 467 Lm.
773 400 800 468 l.
826 400 906 469 Trr.
931 401 1041 469 XXV:

227 576 378 660 perferre
397 595 439 637 ne
456 583 524 638 tum
541 573 676 659 quidem
691 573 818 658 potuit,
835 595 918 658 prae
936 576 1077 639 tumultu
1096 575 1331 640 recusantiuma
1345 576 1472 641 Suetou

228 661 315 767 Aug.
331 703 356 745 c.
370 681 420 746 34.
435 683 555 766 quue
569 684 704 765 respicit
717 683 913 766 Propertius
928 684 970 746 ΙΙ.
984 683 1015 746 (i
1028 705 1057 746 o.
1072 683 1102 745 l.
1117 705 1162 764 sq.

427 791 546 851 Gavisa
562 800 693 854 atcerte
709 811 897 863 sunnam,
915 792 1063 872 Cyntlts'rs,
1077 811 1204 865 mnu,

471 897 542 973 Quo
557 900 712 978 quondam
728 900 953 975 edictajlemas
968 907 1101 980 uterque
1116 899 1189 974 diu,

424 1003 473 1064 Ni
484 1025 539 1065 nos
555 1005 707 1067 detruderet
714 1028 726 1078 ,·
765 1041 788 1052 -
809 1042 851 1052 —
871 1039 915 1052 -
935 1042 961 1051 -

226 1103 395 1196 Repetitis
421 1119 531 1173 tamen
559 1110 738 1196 aliquoties
762 1112 1007 1196 rogationibus,
1030 1112 1078 1175 ita
1107 1111 1238 1174 demum
1261 1112 1391 1196 perlata
1416 1122 1474 1195 est,

228 1228 265 1282 ut
289 1217 421 1282 ademta
446 1217 593 1280 lenitaue
617 1226 712 1302 parte
734 1240 934 1302 poenarum,
960 1221 1132 1302 auctisque
1156 1219 1328 1304 praemiiS,
1352 1221 1474 1283 vacatio

228 1326 363 1390 triennii
385 1324 642 1388 concederetur:
666 1327 802 1390 Suetou.
820 1331 906 1408 Aug.
927 1349 953 1388 c.
977 1327 1028 1391 34.
1049 1327 1212 1390 Triennio
1235 1347 1317 1392 vero
1339 1327 1400 1392 illo
1420 1329 1474 1391 cir-

227 1441 378 1498 cumacto
387 1479 397 1514 ,
420 1432 531 1496 denuo
549 1433 675 1496 biennii
691 1434 768 1498 data
784 1442 834 1497 est
846 1435 989 1517 vacatio,
1007 1436 1162 1521 adeoque
1176 1436 1234 1499 lex
1249 1435 1308 1498 illa
1326 1434 1369 1498 de
1386 1435 1475 1500 mari-

227 1542 335 1608 tandis
349 1540 520 1603 ordinibus
535 1539 666 1603 demum
682 1563 769 1604 anno
786 1559 929 1604 nccuvn.
945 1541 1022 1604 Sex.
1038 1542 1141 1606 Aelio
1158 1543 1242 1606 Cato
1260 1552 1294 1606 et
1312 1542 1349 1605 C.
1366 1542 1474 1606 Sentio

227 1649 405 1714 Saturnino
429 1647 520 1710 Coss.
536 1648 680 1732 perlata,
703 1670 858 1733 annoque
875 1668 1022 1714 nccnxfl.
1046 1651 1080 1714 in
1102 1651 1213 1736 legem
1234 1651 1371 1736 Papiam
1391 1651 1475 1734 Pop—

226 1777 344 1844 paeam
362 1756 536 1838 transfusa,
553 1756 639 1820 vires
654 1778 727 1822 suas
743 1778 897 1821 exserere
914 1759 1043 1844 coepit:
1058 1759 1127 1823 Dio
1146 1760 1233 1822 LVI.
1250 1759 1300 1822 10.
1314 1759 1360 1841 f).

817 1941 845 2020 ς.
866 1941 897 2004 7.

503 2055 559 2107 Lex
577 2056 668 2124 Papia
686 2055 817 2124 Poppaeo
834 2063 860 2107 et
872 2057 997 2125 praemia
1013 2055 1208 2116 πολυπαιδίας.

310 2155 472 2219 Nimirum
489 2157 617 2219 vicerat
641 2157 822 2220 caelibatus
845 2156 1064 2243 orbitatisque
1085 2179 1187 2239 amor,
1203 2157 1301 2238 adeo,
1322 2163 1358 2219 ut
1377 2158 1419 2220 A.
1438 2155 1475 2220 U.

155 2280 157 2285 ·
219 2262 265 2327 c.
283 2281 405 2327 nccux.
425 2265 554 2350 equites
576 2265 721 2328 Romani
743 2286 946 2349 magnopere
967 2264 1009 2328 de
1035 2265 1228 2351 abroganda
1251 2265 1312 2327 hac
1330 2265 1409 2350 lege
1431 2265 1476 2327 la-

224 2374 393 2436 borarent.
416 2372 538 2435 Paullo
553 2381 629 2457 post
646 2373 814 2456 Augustus
835 2373 981 2458 insignes
997 2373 1071 2436 illas
1091 2373 1207 2435 habuit
1227 2373 1395 2436 orationes
1414 2379 1474 2435 tam

120 2471 123 2481 ’
227 2481 269 2545 ad
285 2480 446 2560 caelibes,
464 2501 561 2563 quam
577 2479 620 2542 ad
640 2481 814 2565 conjuch,
832 2502 911 2564 quas
929 2481 1073 2544 servavit
1090 2480 1158 2543 Dio
1174 2479 1363 2543 Cass.LVI.
1377 2478 1475 2541 2-9.
1522 2543 1523 2546 ,

115 2659 123 2670 ‚
227 2588 319 2650 Suet.
338 2593 425 2668 Aug.
446 2607 472 2647 c.
487 2585 537 2648 35.
568 2587 725 2670 Denique
748 2609 835 2652 anno
856 2589 898 2652 U.
918 2587 954 2650 C.
975 2606 1137 2652 nconxnr.
1157 2587 1236 2650 ferri
1250 2587 1350 2671 jussit
1369 2604 1474 2650 suern

227 2711 354 2760 ranmn
376 2711 570 2776 Porsinna,
592 2715 677 2780 quae
702 2695 737 2758 in
755 2697 831 2780 jure
853 2702 966 2758 nostro
990 2697 1088 2759 etiam
1116 2712 1184 2758 unx
1204 2711 1304 2758 sunm
1326 2702 1361 2756 et
1382 2710 1475 2756 rann

227 2802 426 2887 adpellatur‚
447 2802 523 2885 quia
544 2803 578 2866 in
603 2823 675 2864 eam
693 2802 805 2866 Juliae
831 2803 915 2866 istae
939 2804 1131 2886 rogationes
1151 2802 1333 2886 pleraeque
1354 2799 1475 2864 conflu-
1521 2789 1522 2821 ¹

226 2918 355 2986 ¹nerant.
376 2909 540 2972 Tulerunt
556 2909 640 2974 hanc
658 2910 768 2996 legem
786 2911 829 2974 ad
845 2909 1004 2994 populum
1019 2911 1065 2974 M.
1083 2911 1207 2994 Papius
1229 2909 1367 2974 Mutilus
1390 2907 1474 2985 etQ.

227 3020 404 3104 Poppaeus
424 3016 611 3099 SecunduS,
632 3017 791 3083 Consules
813 3019 941 3082 suffecti
955 3024 1001 3099 ε),
1022 3038 1159 3102 quorum
1180 3026 1299 3081 neuter
1317 3015 1374 3080 vel
1397 3038 1475 3079 uxo-

225 3148 294 3191 rem
316 3126 478 3206 habebat,
496 3124 550 3188 rel
573 3125 715 3190 liberos:
731 3128 799 3190 Dio
818 3126 906 3188 Cass.
924 3127 1011 3188 LVI.
1024 3126 1074 3189 10.
1094 3147 1137 3188 ex
1156 3147 1240 3210 quo,
1261 3145 1358 3210 quam
1381 3123 1475 3187 fuerit

226 3236 310 3298 haec
324 3233 383 3296 lex
396 3234 592 3316 necessaria,
611 3234 709 3297 facile
725 3233 906 3318 intelliges.
929 3233 969 3296 In
987 3255 1027 3297 ea
1045 3235 1155 3318 capita
1173 3232 1261 3296 haud
1274 3254 1382 3316 pauca
1401 3253 1475 3316 age·

225 3343 307 3406 bant
321 3340 363 3412 de
379 3340 533 3424 praemiis
546 3341 764 3416 πολυπαιδίας.
788 3341 843 3405 Sic
862 3363 881 3403 e
898 3341 1046 3424 pluribus
1064 3342 1247 3408 candidatis
1264 3340 1475 3425 praefereba-
1519 3341 1520 3345 ’

129 3523 136 3530 ,
227 3456 280 3510 tor
302 3446 343 3528 is,
367 3447 423 3531 qui
448 3447 559 3532 plures
581 3447 764 3512 sustulisset
786 3448 926 3513 liberos:
947 3449 1056 3513 Tacit.
1079 3452 1197 3514 Annal.
1217 3448 1292 3512 XV.
1308 3447 1361 3524 19,
1391 3447 1474 3510 Plin.

296 3723 325 3786 l)
347 3722 389 3774 Cf.
408 3739 470 3774 cum
488 3723 547 3786 his,
566 3739 637 3790 quac
655 3724 689 3776 de
706 3725 802 3778 harum
821 3728 912 3791 legum
929 3727 1017 3778 aetate
1034 3724 1086 3776 hoc
1103 3724 1131 3776 iu
1149 3727 1210 3778 loco
1224 3725 1297 3778 dicta
1315 3727 1396 3789 suut,
1415 3725 1475 3777 Chr.

226 3809 270 3860 Fr.
289 3806 417 3860 Wcuclrii
435 3807 562 3861 observat.
581 3810 617 3860 ad
624 3809 823 3879 juris-prudent.
840 3809 1025 3878 elepantr'orsm
1035 3809 1098 3876 sac.
1110 3825 1168 3876 cup.
1180 3811 1216 3862 11.
1229 3809 1257 3861 iu
1269 3824 1364 3876 opusc.
1376 3826 1395 3860 a
1410 3808 1475 3862 Stic-

226 3893 292 3944 bero
311 3892 375 3944 edit.
392 3907 420 3958 p.
436 3895 599 3946 aaa—2³7.
617 3892 704 3946 Mittt.

294 3979 327 4043 g)
347 3977 379 4028 Iu
401 3977 539 4045 plerisque
563 3978 639 4030 fastis
663 3979 715 4030 hoc
737 3994 787 4043 par
804 3979 955 4032 Consulum
974 3978 1151 4030 desideratur.
1178 3977 1233 4030 Sed
1249 3994 1310 4029 rem
1327 3975 1475 4043 expediunt

226 4064 377 4128 fragmenta
395 4060 548 4125 Capitolina
566 4064 640 4130 apud
658 4060 786 4129 Pighium
804 4065 902 4138 Annal.
915 4082 945 4132 p.
965 4068 1005 4117 19.
1022 4063 1051 4114 in
1070 4061 1171 4130 quibus
1188 4062 1270 4128 hujus
1288 4062 1354 4116 anui
1371 4063 1475 4115 Consu·
1516 4085 1517 4131 q

226 4149 269 4200 les'
288 4146 327 4199 ita
350 4149 536 4197 recenseatur:
562 4161 585 4200 c.
610 4163 750 4200 sorranus.
774 4163 800 4204 o.
825 4163 848 4200 r.
871 4165 897 4205 o.
916 4163 942 4202 n.
964 4161 1085 4200 sturnus
1109 4164 1134 4204 a.
1159 4161 1303 4200 susumus.
1321 4162 1347 4203 ο.
1366 4161 1390 4199 r.
1408 4162 1434 4202 a.
1453 4159 1474 4196 r.

226 4244 384 4286 caueamus.
410 4245 456 4283 ux.
482 4246 509 4284 κ.
526 4246 583 4286 tus.
609 4249 637 4285 u.
665 4248 765 4286 rarius.
792 4248 820 4284 u.
845 4248 868 4286 s.
891 4247 920 4284 u.
939 4247 964 4286 u.
985 4245 1110 4286 nunnus.
1127 4248 1153 4288 a.
1171 4245 1313 4284 marmus.
1331 4247 1357 4288 e.
1374 4245 1400 4284 r·
1413 4247 1441 4288 a·
1453 4243 1475 4281 r.

225 4327 371 4369 saturnus.
397 4316 514 4369 Exstant
539 4332 649 4386 quoque
676 4318 819 4386 utriusque
841 4319 919 4370 numi
940 4317 1015 4386 apud
1033 4317 1160 4370 Golzium
1178 4319 1205 4368 iu
1224 4317 1298 4369 Fast.
1314 4335 1342 4385 p.
1361 4322 1424 4372 229.
1442 4333 1474 4384 sq.
1515 4337 1516 4393 q

225 4401 272 4453 ubi
287 4405 376 4453 tamen
391 4402 538 4468 Poppaeus
551 4417 606 4454 nou
620 4402 764 4462 Secundus,
777 4403 825 4453 scd
837 4417 1003 4456 sscuuonsus
1015 4399 1229 4468 cognominatur.
1241 4401 1284 4452 De
1297 4407 1379 4468 gente
1393 4401 1475 4469 Papia

225 4485 358 4537 ridendus
385 4485 475 4538 Patiu.
494 4487 526 4537 de
536 4487 630 4553 famil.
651 4487 730 4539 Rom.
745 4504 775 4555 p.
794 4491 854 4540 ³29.
873 4493 900 4540 ct
918 4487 952 4538 dc
976 4493 1092 4554 utraque
1120 4487 1262 4539 Commeat.
1284 4495 1376 4539 noster
1396 4487 1474 4540 adl.
1514 4543 1515 4552 ἵ

224 4569 281 4621 Jnt.
300 4577 325 4619 ct
343 4571 414 4636 Pap.
432 4569 489 4624 Lab.
508 4570 532 4625 I.
550 4591 571 4624 c.
590 4578 615 4624 4.
633 4571 713 4624 Heln.
742 4583 748 4592 “
