3062 5156
468 979 1111 1158 'Anrnnolx

672 1288 678 1293 .
715 1218 867 1293 LIBRI
896 1219 930 1294 Ι.
959 1279 962 1284 ,

803 1415 839 1452 DE

193 1531 312 1594 JURE
345 1522 561 1608 ANTIQUO
593 1530 763 1594 CIVIUM
794 1531 1118 1616 ROMANORUM‚
1147 1536 1441 1631 LATINORUM,

142 1658 146 1662 ’
236 1640 448 1726 ITALlAE,
471 1639 863 1729 PROWNCIARUM,
876 1641 968 1704 NEC
989 1642 1087 1706 NON
1111 1643 1403 1711 CONDITIONE

104 1740 107 1748 ’
623 1748 1011 1812 PEREGRINORUM.

193 1916 318 2018 Liber
332 1955 453 2039 primus
468 1955 827 2018 Institutionum-totus
847 1955 916 2039 agit
933 1956 974 2019 de
998 1956 1214 2023 divisionibus
1236 1980 1442 2042 personarum
1517 1975 1518 2008 r

193 2065 324 2128 ratione
339 2073 451 2128 statua.
469 2064 578 2142 Quum
594 2084 674 2126 vero
691 2085 904 2148 personarum
919 2073 1019 2130 status
1035 2069 1178 2130 maxime
1193 2066 1316 2151 triplex
1329 2066 1443 2151 injure

192 2171 346 2235 Romano
369 2172 566 2254 traderetur,
587 2157 788 2235 LmERTArls
809 2181 904 2256 puta,
931 2153 1099 2238 civrrams
1122 2183 1157 2239 et
1177 2191 1356 2238 FAMILJAE:
1375 2175 1443 2236 Tri-

147 2279 149 2286 ‘
193 2280 355 2342 bonianus
375 2280 506 2342 nonnisi
527 2302 582 2342 eas
603 2278 714 2342 attulit
733 2279 912 2344 divisiones
931 2302 1161 2365 personarum,
1182 2302 1267 2367 quae
1286 2283 1330 2346 ad
1347 2282 1443 2344 liber-

193 2389 269 2452 tatis
295 2388 508 2473 familiaeque
535 2395 653 2451 statum
683 2387 851 2470 pertinere
877 2388 1086 2452 videbantur.
1116 2390 1170 2452 De
1197 2390 1341 2454 civitatis
1363 2399 1443 2455 statu

192 2495 277 2561 nihil
299 2496 468 2576 disseruit,
489 2495 614 2576 forsan,
635 2495 726 2579 quod
745 2516 800 2576 ea,
827 2517 912 2580 quae
932 2496 995 2557 huc
1017 2497 1205 2580 pertinent,
1222 2500 1300 2582 jura
1320 2507 1443 2562 tantun

193 2625 260 2666 non
279 2603 390 2665 omnia
409 2600 583 2667 everterat
594 2603 758 2666 Antonini
776 2603 969 2691 Caracallae
988 2605 1194 2688 constitutio,
1216 2606 1257 2668 de
1271 2608 1349 2691 jure
1368 2607 1444 2669 civi-

192 2711 269 2774 tatis
292 2732 362 2800 cum
384 2712 534 2773 omnibns
561 2712 650 2774 orbis
666 2711 811 2775 Romani
832 2707 952 2776 incolis
973 2713 1260 2777 communicando:
1284 2715 1443 2779 1,.17.1).

192 2822 232 2882 de
244 2819 429 2886 statuoom.
441 2819 488 2882 At
503 2819 650 2904 quamvis
664 2819 813 2882 excusari
829 2830 994 2910 mereatur
1006 2821 1246 2884 Tribonianusz
1257 2843 1317 2886 nos
1336 2831 1442 2886 tamen

191 2928 302 2990 forsan
328 2949 394 2990 non
423 2948 529 3012 aeque
552 2927 739 2990 videremur
768 2930 964 3010 excusandi,
990 2930 1016 2991 si
1041 2939 1106 2992 tam
1132 2930 1337 3013 praeclaram
1360 2931 1443 2993 anti-

178 3015 354 3120 quitatum
382 3034 613 3100 Romanarum¹
632 3045 777 3120 partem,
805 3057 890 3120 quae
916 3045 966 3099 tot
988 3037 1074 3120 juris
1098 3039 1202 3121 nostri
1227 3047 1441 3123 veterumque

192 3151 361 3206 auctorum
377 3141 459 3207 locis
477 3153 543 3208 tarn
563 3143 731 3228 egregiam
751 3143 858 3205 lucem
878 3142 1044 3224 adcendit,
1061 3145 1215 3208 intactam
1232 3146 1332 3231 plane
1349 3169 1442 3232 prac-

113 3335 115 3340 ,
191 3252 455 3315 termitteremus.
483 3252 621 3314 Juvabit
644 3253 758 3335 itaque
784 3259 859 3335 post
888 3251 963 3314 car.
986 3252 1133 3335 Sigonii,
1156 3255 1216 3315 ΕΖ.
1239 3255 1441 3338 Spanhemii,

191 3359 396 3442 aliorumque
421 3358 694 3424 luculentissimas
720 3361 1014 3424 commentationes
1029 3367 1058 3442 ²)
1091 3381 1131 3424 ea
1153 3359 1194 3422 de
1215 3379 1301 3424 JURR
1325 3381 1441 3426 01va

191 3483 417 3549 Romanonuu,
436 3485 648 3547 carmenum,
667 3485 856 3550 laeuorsum,
875 3469 1279 3554 PROv1N01An1UM,deque
1301 3479 1390 3536 statu
1411 3481 1441 3534 et

191 3575 383 3637 conditione
407 3592 671 3640 Pnnnonmonum
692 3575 745 3638 hic
771 3577 969 3661 conjunctim
995 3576 1172 3660 exhibere,
1194 3598 1279 3662 qnae
1303 3578 1346 3642 ad
1368 3578 1441 3642 illu-

191 3682 356 3746 strandum
369 3683 425 3767 jus
440 3683 625 3746 Romanum
642 3706 739 3767 quam
755 3685 896 3749 maxime
913 3685 1023 3748 facere
1038 3685 1248 3749 videbuntur.

259 3890 290 3956 a)
311 3890 394 3942 Haud
412 3887 493 3954 pauci
511 3889 545 3940 de
562 3889 612 3940 hae
629 3908 659 3942 re
677 3891 799 3958 egregios
818 3890 962 3943 ediderunt
984 3891 1201 3945 commentarios.
1224 3890 1318 3943 Caroli
1336 3889 1441 3956 Sigonii

169 4030 172 4037 ,
190 3980 218 4026 et
234 3975 284 4028 ΕΖ.
311 3973 468 4040 Spanlremii
486 3979 594 4027 aeterna
613 3981 695 4044 atque
712 3976 813 4029 eximia
830 3992 914 4042 opera
931 3976 1033 4029 nemini
1051 3975 1144 4042 ignota
1161 3980 1232 4027 sunt.
1250 3975 1304 4027 His
1323 3975 1440 4027 addendi

189 4059 268 4112 Alex.
286 4059 322 4110 ab
340 4060 419 4112 Alex.
441 4059 544 4111 Genial.
558 4051 633 4112 Dioni
654 4060 705 4111 IV.
726 4063 766 4112 10.
784 4061 907 4127 Onuphr.
925 4061 1042 4114 Panuin.
1061 4063 1092 4113 de
1106 4062 1175 4130 Imp.
1191 4062 1271 4113 Rom.
1288 4065 1314 4113 5.
1334 4061 1439 4113 Seldeu.

190 4145 222 4195 de
242 4143 354 4212 Syncdr.
374 4144 416 4194 ΙΙ.
432 4162 460 4212 p.
478 4145 917 4216 danem.Dodwe11.Pfaeleet.
935 4145 1075 4198 Cambden.
1089 4164 1121 4214 p.
1133 4151 1190 4198 194.
1208 4148 1281 4197 Pctn
1296 4145 1357 4197 Jos.
1370 4145 1440 4196 Can-

189 4229 269 4281 tclius
288 4231 319 4281 dc
335 4229 405 4296 ch.
425 4230 504 4281 Rom.
522 4249 549 4298 p,
568 4233 627 4282 208.
646 4228 745 4284 etalii.
764 4231 844 4283 Heia.
863 4231 994 4296 Capitalis
1012 4231 1087 4294 liber,
1106 4247 1191 4298 equo
1205 4229 1331 4296 plurima,
1344 4231 1374 4282 in
1392 4231 1439 4280 hac

120 4301 124 4306 ¹
189 4314 346 4379 Adpendiec
364 4314 398 4366 ab
416 4314 563 4368 Heineccio
582 4315 680 4377 adlata,
698 4319 762 4367 sunt
779 4317 956 4380 emendanda,
975 4322 1016 4368 est
1034 4317 1094 4369 Alb.
1112 4317 1184 4370 Diet.
1199 4316 1305 4368 Trekell
1324 4315 1439 4370 Selecto-

188 4417 249 4450 rum
266 4399 457 4469 Antiquitatum
476 4401 660 4454 Romanarum
674 4401 747 4451 Pars
765 4399 798 4462 Ι.,
816 4401 843 4451 in
861 4419 912 4470 qua
920 4403 1085 4470 potissimum
1097 4403 1184 4470 coitur
1201 4402 1303 4471 dejure
1321 4400 1438 4457 civitatis,

193 4483 342 4542 Qniritium,
361 4485 440 4544 Latii,
453 4484 548 4544 Italico
566 4493 613 4536 etc.
632 4485 883 4551 Hag.Com.1744.
900 4488 925 4537 8.
943 4486 1046 4538 Auctor
1064 4486 1093 4538 in
1107 4488 1235 4540 universo
1248 4487 1299 4537 hoc
1317 4489 1380 4538 loco
1394 4485 1438 4551 ju·

130 4635 136 4638 -
188 4565 257 4619 ravit
275 4570 330 4618 fere
348 4568 376 4619 in
394 4569 476 4620 verba
495 4570 557 4621 Car.
577 4569 682 4635 Sigonii
701 4575 727 4622 et
744 4571 793 4621 Ez.
813 4569 978 4635 Spanhcmii.
997 4569 1085 4623 Haut.
