3058 5164
252 377 326 448 750
673 370 749 440 Ias.
774 369 834 440 IV.
858 367 939 440 Τιτ.
965 369 1095 438 XVIII

256 549 297 614 ds
313 549 468 614 Admar.
482 553 527 632 t).
546 545 587 612 In
602 545 682 632 jore
703 545 828 611 deinde
850 567 871 610 a
896 544 1098 624 Quaesitore
1119 544 1304 632 postulabat
1318 545 1450 628 admotu,

256 667 294 724 ut
307 658 426 721 liceret
439 655 502 720 sibi
517 675 629 716 men
644 655 790 732 :lesmor
805 653 942 718 coelius
958 655 1236 738 adcumulatae.
1251 654 1451 716 rusticias

255 767 416 828 Diam
437 763 528 826 Varr.
542 784 570 826 e.
582 761 635 824 20.
650 782 736 847 quae
758 769 869 826 tamen
891 761 1073 846 postulatio
1089 761 1189 824 etiam
1212 761 1340 824 absente
1352 783 1398 824 reo
1408 763 1453 824 lieri

256 878 399 958 poterat.
420 871 525 934 Erant
539 889 633 952 vero,
657 869 714 954 qui
730 869 889 934 adcusare
910 891 978 934 non
995 878 1162 953 poterant,
1176 868 1279 933 veluti
1293 867 1416 931 mulieres
1425 870 1452 948 ¹),

256 977 388 1064 pupilli,
407 977 465 1062 qui
479 976 678 1061 stipendium
694 977 884 1056 merebant,
903 977 1052 1042 infames.
1074 977 1130 1040 Sic
1144 995 1209 1038 nec
1228 975 1334 1039 liberti
1346 977 1405 1060 jure
1417 975 1453 1037 al-

258 1085 416 1150 cusabant
439 1093 612 1168 patronos:
633 1088 669 1148 I.
682 1083 713 1148 8.
729 1085 771 1148 I).
793 1086 833 1148 dc
850 1085 1003 1148 Aderant.
1026 1105 1089 1148 neo
1110 1084 1310 1162 Quaestores
1328 1082 1450 1144 Pmstnns

257 1200 294 1258 et
308 1190 483 1256 Praesides
504 1213 597 1256 suos:
619 1192 739 1257 Cicero
755 1193 914 1254 mutnus
934 1191 1026 1253 Verr.
1042 1213 1069 1254 o.
1088 1190 1140 1254 19.
1161 1191 1261 1256 Unde
1282 1201 1314 1254 et
1333 1189 1452 1252 admutu

257 1299 427 1385 postulare
441 1307 593 1384 poterat,
608 1299 635 1362 si
651 1299 685 1364 ei
699 1299 906 1364 commodum
929 1297 1110 1380 videretur,
1124 1307 1161 1362 ut
1176 1297 1333 1384 judicium
1345 1297 1379 1360 ‹ls
1390 1296 1453 1358 alru-

259 1415 368 1472 satore
391 1407 504 1488 lieret,
525 1415 633 1470 utrum
649 1409 698 1469 r'lls’
716 1406 835 1470 liceret
854 1405 1031 1488 adcusare,
1046 1427 1170 1470 necne:
1192 1405 1453 1469 auctoratum:-

257 1517 345 1578 aium
363 1513 454 1576 t12.
468 1519 531 1598 fin.
552 1513 641 1594 Quin
666 1521 700 1578 et
721 1513 814 1578 locus
837 1523 908 1577 erat
931 1513 1215 1598 anticategoriae,
1238 1511 1291 1574 vel
1307 1509 1451 1574 adcusationi

259 1621 481 1702 adcusatoris,
497 1621 522 1684 si
547 1622 619 1708 quis
641 1621 674 1685 ei
695 1622 798 1707 majus
813 1621 939 1684 crimen
953 1622 1133 1706 objiceret:
1148 1621 1188 1682 L.
1203 1619 1254 1682 19.
1272 1621 1304 1680 0.
1325 1619 1452 1698 Quiricus.

258 1751 322 1794 non
329 1751 413 1814 poss.
426 1738 460 1793 et
477 1738 554 1792 tunc
569 1751 681 1794 caussa
694 1729 826 1816 majoris
837 1729 980 1792 criminis
992 1729 1247 1813 praeferebatur
1262 1727 1373 1804 minori,
1382 1744 1452 1810 quau-

260 1835 310 1900 vis
333 1835 422 1922 prius
445 1836 574 1901 delato:
595 1837 674 1901 121.
691 1838 724 1899 0.
739 1839 804 1900 eod.
820 1842 865 1899 tr't.
888 1837 942 1900 De
967 1837 1085 1921 quibus
1100 1835 1349 1920 antecategoriis
1361 1829 1451 1908 erudite,

261 1951 298 2010 ut
313 1943 416 2027 solet,
438 1945 509 2028 agit
524 1943 676 2030 Cujacius
697 1945 870 2007 Observata
886 1944 961 2007 XX.
980 1945 1010 2006 7.
1032 1945 1166 2008 Exemti
1187 1964 1319 2029 quoque
1334 1949 1398 2004 erant
1411 1935 1448 1996 ali-

263 2050 320 2140 qui
339 2051 380 2116 ab
396 2050 534 2115 aliorum
557 2051 833 2128 adcusationibus,
847 2051 957 2115 veluti.
976 2055 1203 2138 magistratus:
1226 2052 1334 2114 Livius
1347 2041 1450 2109 tutat.

263 2167 297 2224 et
311 2160 464 2224 absentes
486 2156 691 2244 reipublicae
708 2181 836 2222 caussa:
856 2159 1012 2223 Valerius
1028 2162 1118 2223 Max.
1135 2162 1196 2224 III.
1211 2159 1243 2222 7.
1259 2159 1289 2222 9.
1311 2155 1366 2232 Qui
1376 2170 1451 2215 nonen

262 2254 448 2350 deserebat,
463 2267 645 2332 vocabatur
660 2267 846 2348 adcusator,
864 2267 966 2354 idque
990 2276 1088 2352 turpe
1102 2289 1218 2330 munus
1240 2265 1402 2339 habebatur,
1416 2254 1451 2318 nisi
1485 2249 1486 2332 Ῐ

169 2405 173 2418 ’
262 2377 335 2461 quis
350 2384 406 2440 aut
420 2373 636 2462 reipublicae,
652 2384 709 2440 aut
727 2375 914 2460 patrocinii,
930 2385 986 2439 aut
1008 2383 1233 2459 paternarum,
1246 2382 1300 2436 aut
1311 2367 1450 2458 propriarum

262 2481 506 2548 inimicitiarum
523 2505 636 2547 caussa
648 2483 690 2546 ad
706 2484 926 2547 adcusandum
944 2483 1136 2548 adsederet:
1149 2483 1270 2546 Cicero
1282 2483 1317 2545 de
1326 2467 1449 2562 offisllll·

265 2593 425 2656 Publicos
446 2601 557 2656 tamen
573 2588 702 2654 Romae
721 2591 819 2654 fuisse
835 2591 1055 2674 adcusatores,
1076 2591 1132 2677 qui
1149 2589 1275 2655 delicta
1295 2583 1448 2674 publicapu-

264 2706 499 2783 sequerentur,
520 2705 613 2782 patet
638 2719 681 2760 ex
706 2698 876 2762 Ciceronis
903 2701 992 2763 orat.
1009 2721 1072 2784 pro
1091 2701 1161 2762 Sex.
1178 2699 1288 2761 Roscio
1303 2683 1444 2758 Amesrll·

265 2813 300 2870 οι
315 2803 418 2870 rum
432 2805 547 2888 Epntt.
563 2803 668 2892 [ην.
683 2805 714 2870 9.
733 2808 769 2870 r.
783 2805 835 2870 20.
856 2809 908 2870 rr.
922 2805 990 2892 aa]

887 2947 939 3014 18.

330 3056 365 3112 Is
382 3057 491 3112 mois:
507 3058 715 3126 repetundarum
731 3058 811 3112 simul
825 2949 954 3128 plimloti
965 3060 1083 3127 patroni.
1103 3058 1151 3114 nt:
1166 3059 1263 3128 plores
1278 3074 1305 3110 :r
1320 3053 1422 3134 qffsrrttl⁸

549 3142 727 3208 admoturos,
736 3144 841 3213 judicio
854 3141 1075 3214 praemittebatur
1093 3144 1228 3196 mairano·

349 3242 385 3308 Si
401 3240 482 3304 socii
504 3242 757 3327 repetundarum
781 3265 877 3331 quem
895 3245 1123 3330 postulabant:
1146 3244 1325 3328 oportebat
1335 3257 1374 3302 sos
1387 3223 1450 3291 simul

265 3359 463 3436 potestatem
477 3357 630 3433 patronos
648 3355 832 3416 nommant:
845 3353 1013 3438 postulare
1028 3359 1073 3436 s).
1096 3352 1341 3417 concedebatur
1349 3340 1374 3405 il
1382 3333 1449 3408 80¹⁰:

334 3541 365 3608 θ)
384 3542 428 3593 ΒΘ
444 3540 615 3595 amatione
632 3539 758 3594 universe
775 3543 896 3611 egregias
914 3544 1045 3596 habemus
1064 3543 1270 3596 observationes
1286 3519 1453 3593 Perettitttll
1483 3511 1485 3590 l

266 3623 428 3694 Iavmqatt.
451 3627 554 3696 antiqui
566 3627 642 3700 jari:
659 3645 681 3680 o.
699 3630 725 3679 ³.
746 3641 789 3696 sq.
807 3645 834 3694 p.
852 3633 965 3682 ott-90.
992 3629 1033 3682 Cf.
1052 3627 1191 3682 Ferratins
1216 3629 1285 3697 Epp.
1302 3628 1323 3679 Ι.
1337 3627 1357 3674 n
1372 3617 1454 3671 turnus

267 3709 301 3764 dc
312 3710 428 3778 publicis
441 3709 648 3764 adouaatoribns
662 3710 817 3778 opinionem
830 3714 968 3782 redarguit
982 3715 1114 3768 Perellius
1125 3715 1143 3767 l.
1153 3714 1170 3766 l.
1182 3731 1205 3767 c.
1218 3720 1245 3768 4.
1257 3729 1283 3779 p.
1294 3707 1386 3764 79-90·
1399 3689 1454 3750 Hui·

333 3797 359 3864 t)
379 3795 441 3849 Nisi
457 3801 608 3863 parentum,
626 3795 820 3864 liberorumve,
838 3797 946 3868 patroni
964 3799 1008 3851 vel
1025 3803 1164 3865 patronae,
1182 3800 1226 3851 vel
1245 3812 1332 3852 eornm
1348 3787 1394 3850 filli,
1406 3779 1454 3872 filli

268 3882 310 3933 rel
332 3872 439 3947 nepotis
463 3887 578 3933 mortem
596 3891 827 3952 exsequerentur:
851 3887 884 3938 L.
904 3891 926 3938 l.
947 3885 981 3936 D.
1003 3883 1034 3936 d:
1052 3885 1178 3937 Alema:
1199 3884 1274 3953 quod
1300 3886 1324 3933 et
1344 3878 1372 3929 dc
1385 3863 1455 3937 pupils

268 3965 479 4027 observandum,
498 3964 546 4034 qui
557 3965 626 4020 alios
638 3967 754 4024 consilio
765 3975 886 4024 tutorum
898 3971 986 4024 Iacere
1003 3985 1066 4022 reos
1083 3975 1221 4035 poterant,
1240 3968 1265 4021 si
1281 3967 1313 4020 de
1327 3967 1421 4031 patrum,
1431 3944 1455 3996 ll

268 4065 379 4104 avorum
394 4057 480 4103 morte
499 4052 622 4106 habenda
639 4061 711 4107 esset
728 4055 866 4124 quaestio:
885 4058 917 4110 L.
931 4060 957 4110 2
974 4056 995 4124 ξ.
1012 4061 1035 4108 t.
1054 4056 1090 4106 D.
1104 4057 1161 4107 eod.
1176 4057 1317 4108 Praeterea
1328 4044 1417 4101 leubae
1428 4031 1455 4084 ³¹¹·
1481 4045 1483 4098 l

269 4135 456 4200 mittebantur,
479 4133 504 4188 si
521 4135 655 4190 deterrent
671 4138 774 4193 emman
791 4140 956 4208 majestatis:
981 4143 1014 4194 L.
1033 4145 1058 4194 8.
1077 4141 1112 4192 D.
1132 4141 1168 4193 ad
1184 4142 1247 4208 Lep.
1265 4137 1319 4190 .Ιαὶ.
1336 4130 1417 4200 Mrjnt
1429 4131 1456 4169 u·
1478 4099 1483 4219 1

268 4234 368 4273 nome:
386 4221 419 4273 s.
435 4221 483 4274 un.
502 4222 523 4289 ς.
540 4227 566 4276 a.
584 4224 619 4276 o.
637 4225 673 4277 aa
688 4227 752 4295 aaa.
770 4227 827 4280 rut.
845 4227 877 4279 a
894 4245 1008 4291 annona,
1026 4231 1054 4278 e:
1070 4224 1189 4294 denique
1205 4219 1345 4288 marcar:
1359 4215 1386 4267 n
1402 4199 1456 4262 ul
1481 4287 1483 4300 Ι

270 4304 302 4356 de
319 4306 406 4375 Episc-
425 4315 451 4358 at
473 4307 566 4360 Oloris.
584 4309 664 4363 Heia.
811 4301 818 4312 ¹
1290 4357 1293 4366 ¹
1481 4303 1483 4314 '

321 4393 324 4404 '
351 4393 384 4459 s)
403 4391 512 4461 From.
530 4391 580 4462 109.
594 4393 689 4448 seran
706 4411 766 4463 esp.
779 4398 827 4450 1v.
844 4397 891 4465 (a
904 4397 1027 4467 parom
1041 4394 1164 4461 suumn
1182 4408 1225 4459 sp.
1240 4385 1454 4452 aletrannus·
1481 4377 1482 4438 t

268 4473 394 4610 qqdloum
405 4479 642 4612 pptppnommqne
660 4480 770 4534 nomina
788 4480 868 4536 etiam
886 4481 915 4536 in
933 4461 1032 4534 tribulis
1051 4481 1184 4534 servanda
1200 4485 1289 4538 erant:
1305 4471 1358 4527 ibis
1371 4483 1389 4517 c.
1401 4459 1455 4516 llll·

301 4593 309 4610 .
327 4571 385 4624 sqq.
435 4579 454 4610 ss
484 4600 490 4614 .
