3056 5168
497 462 552 538 Da
579 459 729 532 Orrrcro
753 409 903 532 duurcrsi
1255 470 1354 564 735.

66 657 185 722 TIUM,
217 655 330 716 NEQUE
358 655 390 704 lS
411 655 566 704 SERVILIO
587 655 610 700 A
632 654 767 702 GATULO
791 654 1048 722 RESTI'I'UATUR,
1070 654 1143 702 TUM
1165 657 1329 706 GATULUM

66 747 244 814 nauuaro'
257 748 301 827 ¹¹).
331 745 415 810 Tum
443 763 524 831 ergo
541 744 664 832 judicis
686 752 759 809 erat
787 729 1010 830 cognoscere,
1037 769 1079 810 an
1102 746 1221 812 fundus
1243 758 1330 814 esset

66 854 204 920 actoris.
226 853 481 939 Nonnumquam
496 873 570 916 reus
587 854 819 937 exceptionem
835 855 1016 940 objecerat,
1035 862 1069 917 et
1084 864 1151 917 tum
1172 853 1229 916 illa
1246 876 1330 938 quo-

66 957 140 1048 que
156 959 499 1044 comprehendebatur
521 959 664 1024 formula
678 965 706 1041 c)
728 961 918 1046 judicisque
935 972 1022 1041 erat,
1045 981 1264 1046 cognoscere,
1288 985 1329 1026 an

66 1069 231 1154 exceptio
254 1068 315 1134 illa
335 1069 439 1153 possit
458 1091 477 1134 a
499 1089 558 1132 reo
581 1068 807 1132 demonstrari.
830 1068 947 1132 Veluti
970 1069 996 1133 si
1018 1070 1160 1132 Praetor
1181 1069 1243 1133 bac
1261 1069 1331 1135 for-

67 1177 164 1244 mula
196 1176 336 1256 dederat
364 1177 535 1262 judicem:
565 1194 593 1240 c.
621 1193 763 1252 rourum
791 1193 902 1242 runux
931 1194 1037 1259 usro,
1069 1195 1113 1240 ar
1143 1193 1174 1240 sr
1205 1194 1331 1259 parur,

64 1303 193 1350 AGRUM
215 1300 417 1349 eanNA'rnru
435 1298 580 1348 Snernll
601 1299 692 1366 ESSE,
710 1300 873 1348 GATULUM
890 1301 1069 1367 Damnare,
1084 1301 1201 1348 EX'I'RA
1221 1301 1329 1365 QUAM,

67 1411 103 1460 sr
128 1408 384 1456 rasranrnruu
405 1406 649 1472 rnonuonrua,
673 1407 718 1454 ux
737 1407 805 1468 ouo
827 1409 984 1456 suenrus
1007 1409 1131 1456 carum
1153 1409 1241 1458 ussa.
1263 1393 1331 1456 Hic

67 1499 254 1586 praecipue
275 1497 384 1582 judex
410 1501 647 1582 cognoscebat,
677 1521 719 1562 an
747 1499 816 1562 tale
844 1508 991 1562 exstaret
1021 1506 1261 1564 testamentum.
1290 1499 1330 1564 Id

70 1606 283 1694 quodetiam
301 1605 342 1670 de
364 1605 604 1689 replicatione,
621 1605 846 1690 duplicatione
870 1614 904 1669 et
920 1608 1039 1670 ceteris
1063 1606 1330 1692 adlegationibus

71 1724 126 1778 est
143 1711 394 1778 observandum.
418 1713 476 1776 Sin
485 1713 648 1797 judicium
665 1721 750 1776 esset
765 1713 874 1778 bonae
890 1714 980 1796 fidei,
996 1713 1071 1778 talis
1088 1723 1160 1780 erat
1175 1713 1331 1777 formula:

71 1839 105 1890 sr
129 1840 251 1903 rannr,
266 1802 420 1884 Mnnvruru
442 1836 597 1884 snrvrnro
616 1837 740 1884 nonum
761 1837 831 1884 Aur
853 1838 1064 1906 sruunrnrssa,
1080 1839 1150 1886 Aur
1172 1837 1330 1902 necessa,

72 1948 150 1995 ‘rura
174 1943 341 2006 Quaerunt
363 1943 519 1991 Mauvreru
542 1943 696 1992 snnvrnro
712 1945 753 1990 on
775 1944 846 2014 nau
869 1945 938 1992 Rau
961 1946 1119 1992 caneux
1141 1923 1345 1992 rrnueoua'

77 2049 367 2119 oronrnr,rANr1
384 2039 594 2098 brunerus?
607 2035 664 2098 Sin
681 2035 887 2100 arbitrarium
904 2034 1061 2124 denique,
1084 2034 1160 2100 talis
1176 2043 1247 2100 erat
1263 2035 1333 2098 for-

78 2143 185 2208 mula:
204 2159 286 2208 nsro
307 2159 470 2223 enarrer,
489 2159 533 2205 nr
555 2157 585 2204 ει
607 2157 716 2204 esaar
730 2179 772 2190 -
787 2160 943 2207 uauvruru
962 2159 1111 2219 vusrruu,
1134 2155 1230 2220 QUAM
1253 2159 1332 2208 sun·
1361 2139 1364 2146 ’

74 2266 192 2318 vrnrus
212 2266 374 2314 ssxfflrner
396 2265 741 2329 pomeranensem,
757 2266 871 2324 uuouu
892 2267 923 2314 rs
935 2266 1095 2313 nnnrrruo
1116 2264 1247 2314 Juurcrs
1260 2265 1331 2312 EAM

73 2375 266 2440 Exureuar,
296 2373 369 2421 TUM
393 2371 522 2430 Quaurr
550 2374 587 2419 ru
614 2373 720 2420 nrrnu
747 2372 921 2421 sunvlnrus
949 2373 1242 2438 JURAR1r,'rANr1
1268 2371 1332 2420 nn-

73 2483 215 2532 MNAro:
239 2465 313 2529 Car.
336 2462 490 2548 Sigonius
512 2465 550 2526 de
572 2465 702 2526 Judr'eris
720 2463 811 2526 Ι.24.
830 2486 861 2546 p.
875 2463 946 2526 497.
969 2486 1014 2548 sq.
1035 2463 1174 2527 Paucis:
1195 2465 1332 2526 Praetor

74 2575 121 2640 de
136 2577 216 2658 jure
236 2575 477 2656 cognoscebat,
501 2573 701 2654 decerne'ns,
724 2572 803 2658 quid
819 2573 896 2658 jure
919 2572 961 2635 sit
982 2571 1282 2656 pronunciandum,
1305 2571 1332 2636 si

73 2691 174 2750 actor
195 2681 413 2744 intentionem
437 2701 525 2744 suam
545 2681 733 2766 probasset:
748 2682 853 2765 juder
875 2680 997 2745 deinde
1013 2678 1055 2743 de
1068 2681 1161 2760 secto
1176 2678 1333 2763 dispicie-

71 2795 155 2873 bat,
177 2795 282 2852 utrum
306 2795 399 2850 actor
420 2787 585 2850 actionem
607 2809 713 2870 suam,
734 2811 775 2851 an
798 2810 873 2852 reus
892 2789 1124 2872 exceptionem
1146 2789 1250 2871 possit
1273 2789 1331 2851 de-

71 2904 270 2962 monstrare.
292 2893 327 2957 Si
344 2894 427 2978 juris
444 2901 568 2956 tanturn
587 2902 672 2956 esset
688 2895 849 2979 quaestio,
864 2897 1006 2959 Praetor
1022 2895 1109 2958 solus
1130 2903 1226 2958 extra
1242 2895 1332 2959 ordi-

70 3027 155 3070 nem
186 3003 422 3086 cognoscebat:
446 2999 523 3063 Ger.
550 3000 680 3064 Noodt·
695 3003 733 3062 de
755 3003 912 3083 jurr'sdr'ct.
935 3012 965 3064 et
986 3006 1094 3084 imper.
1117 3004 1141 3064 Ι.
1164 3002 1194 3066 8.
1229 3003 1331 3082 (Vid.

70 3123 190 3178 tamen
205 3131 291 3196 quae
307 3117 423 3182 notata
438 3108 570 3172 suntad
586 3109 640 3174 fin.
655 3109 684 3191 §.
699 3107 728 3170 6.
745 3107 814 3171 Tit.
830 3107 907 3190 VI.)

667 3260 696 3342 §-
717 3259 748 3323 a.

596 3377 735 3444 Lependm
752 3383 819 3429 eret.

163 3479 379 3563 Legebantur
393 3477 427 3540 hi
442 3477 573 3562 judices
590 3501 609 3541 a
623 3476 839 3540 Praetoribus
854 3476 888 3539 in
904 3480 1002 3554 urbe;
1017 3479 1050 3541 iu
1062 3476 1235 3562 provincia
1249 3497 1330 3542 vero

72 3613 96 3654 a
120 3588 298 3679 Praesides
324 3586 452 3650 Seneca
473 3588 511 3650 de
531 3587 644 3664 Benef.
659 3587 717 3647 III.
733 3584 762 3646 7.
781 3585 829 3648 ita
849 3593 977 3668 tamen,
993 3595 1028 3651 ut
1051 3587 1225 3650 discrimen
1245 3591 1331 3650 esset

72 3699 170 3761 inter
186 3695 314 3780 judicia
330 3694 474 3778 publica,
491 3702 525 3757 et
546 3693 685 3778 privata.
706 3692 746 3756 In
763 3693 902 3777 publicis
918 3694 1050 3778 judices
1070 3695 1270 3780 legebantur
1288 3713 1330 3756 ex

74 3803 236 3885 decuriis,
252 3823 337 3889 quae
354 3802 388 3863 in
404 3799 513 3864 album
531 3801 616 3866 mitti
630 3801 792 3866 solebant.
815 3800 917 3865 Tales
933 3802 1086 3868 decuriae
1102 3803 1251 3888 judicum
1267 3801 1330 3864 ini-

73 3914 130 3977 tio
148 3918 243 3974 erant
264 3911 374 3992 binae,
390 3908 512 3972 deinde
535 3917 611 3991 tres,
626 3918 743 3993 postea
756 3907 923 3992 Augustus
946 3919 1091 3995 quartam
1109 3933 1152 3974 ex
1173 3909 1328 3973 inferiore

76 4039 184 4084 censu
214 4017 378 4099 addebat,
409 4036 493 4102 quae
529 4020 709 4082 vocabatur
737 4019 999 4094 ducenariorum,
1019 4018 1259 4104 judicabatque
1287 4015 1328 4078 de

154 4225 186 4293 b)
207 4226 286 4278 Hanc
302 4224 395 4292 potius
414 4220 531 4279 dixerim
544 4219 661 4287 speciem
674 4224 811 4291 quandam
823 4225 981 4278 arbitrariae
994 4224 1135 4276 formulae.
1156 4223 1197 4275 cf.
1213 4221 1337 4290 quaeda

77 4309 245 4366 inconcinna
261 4311 440 4364 formularum
457 4307 643 4373 conceptione,
661 4309 736 4373 apud
753 4309 904 4376 Signinum,
923 4308 1101 4367 Heineccium
1115 4306 1237 4374 aliosque
1250 4305 1330 4360 obvia

79 4395 247 4461 scriptores,
267 4396 313 4462 qui
332 4402 394 4450 ante
408 4395 471 4463 Geji
485 4390 692 4446 commentarios
714 4403 835 4460 repertos
855 4397 994 4461 vixerunt,
1014 4391 1159 4461 aliquoties
1176 4392 1330 4448 observavi-

79 4497 160 4546 mus,
179 4484 256 4534 velut
270 4483 305 4534 ad
324 4483 377 4536 Tit
395 4482 444 4533 VI.
462 4481 483 4547 t.
501 4484 543 4534 36.
561 4483 617 4532 not
635 4494 662 4530 x.
693 4477 780 4534 Mart.
1242 4471 1244 4475 ’

154 4565 184 4631 c)
202 4561 320 4632 Iniquus
332 4583 397 4635 ergo
410 4572 469 4620 erat
480 4567 609 4628 Praetor,
627 4563 652 4615 si
669 4561 697 4614 in
715 4565 778 4618 data
797 4567 912 4618 formula
929 4563 1066 4616 omitteret
1083 4562 1277 4631 exceptionem.
1295 4565 1331 4616 Et

81 4659 150 4703 tunc
161 4649 344 4705 Tribunorum
357 4658 464 4720 poterat
476 4645 615 4716 implorari
627 4647 773 4702 auxilium:
792 4649 888 4702 Cicero
902 4647 1005 4702 Acadd.
1021 4649 1139 4710 Quaerit.
1149 4650 1169 4704 I
1172 4649 1331 4706 V.=30.Her'n.
