<?xml version="1.0" encoding="UTF-8"?>
<!DOCTYPE html PUBLIC "-//W3C//DTD XHTML 1.0 Transitional//EN"
    "http://www.w3.org/TR/xhtml1/DTD/xhtml1-transitional.dtd">
<html xmlns="http://www.w3.org/1999/xhtml" xml:lang="en" lang="en">
 <head>
  <title>
</title>
<meta http-equiv="Content-Type" content="text/html;charset=utf-8" />
  <meta name='ocr-system' content='tesseract 3.04.00' />
  <meta name='ocr-capabilities' content='ocr_page ocr_carea ocr_par ocr_line ocrx_word'/>
</head>
<body>
  <div class='ocr_page' id='page_1' title='image "./jogottliebheine00haubgoog_0334.png"; bbox 0 0 3062 5164; ppageno 0'>
   <div class='ocr_carea' id='block_1_1' title="bbox 400 417 1301 497">
    <p class='ocr_par' dir='ltr' id='par_1_1' title="bbox 400 417 1301 497">
     <span class='ocr_line' id='line_1_1' title="bbox 400 417 1301 497; baseline 0.014 -13"><span class='ocrx_word' id='word_1_1' title='bbox 400 461 403 469; x_wconf 89' lang='lat'><strong>.</strong></span> <span class='ocrx_word' id='word_1_2' title='bbox 514 418 570 486; x_wconf 85' lang='lat' dir='ltr'><strong>lla</strong></span> <span class='ocrx_word' id='word_1_3' title='bbox 595 417 690 488; x_wconf 75' lang='lat' dir='ltr'><strong>duaa</strong></span> <span class='ocrx_word' id='word_1_4' title='bbox 715 419 831 488; x_wconf 82' lang='lat' dir='ltr'><strong>Lsrn.</strong></span> <span class='ocrx_word' id='word_1_5' title='bbox 1228 430 1301 497; x_wconf 77' lang='lat'><strong>293</strong></span> 
     </span>
    </p>
   </div>
   <div class='ocr_carea' id='block_1_2' title="bbox 47 593 1304 1540">
    <p class='ocr_par' dir='ltr' id='par_1_2' title="bbox 47 593 1304 1540">
     <span class='ocr_line' id='line_1_2' title="bbox 48 593 1301 688; baseline 0.006 -31"><span class='ocrx_word' id='word_1_6' title='bbox 48 594 86 658; x_wconf 92' lang='lat' dir='ltr'><strong>ab</strong></span> <span class='ocrx_word' id='word_1_7' title='bbox 112 593 249 657; x_wconf 90' lang='lat' dir='ltr'><strong>illorum</strong></span> <span class='ocrx_word' id='word_1_8' title='bbox 272 593 517 678; x_wconf 78' lang='lat' dir='ltr'><strong>praerogativis</strong></span> <span class='ocrx_word' id='word_1_9' title='bbox 535 594 723 659; x_wconf 81' lang='lat' dir='ltr'><strong>abfuerunt.</strong></span> <span class='ocrx_word' id='word_1_10' title='bbox 752 595 988 661; x_wconf 80' lang='lat' dir='ltr'><strong>Consistebant</strong></span> <span class='ocrx_word' id='word_1_11' title='bbox 1011 597 1153 688; x_wconf 82' lang='lat' dir='ltr'><strong>civitatis</strong></span> <span class='ocrx_word' id='word_1_12' title='bbox 1167 599 1245 684; x_wconf 90' lang='lat' dir='ltr'><strong>jura</strong></span> <span class='ocrx_word' id='word_1_13' title='bbox 1268 601 1301 664; x_wconf 93' lang='lat' dir='ltr'><strong>in</strong></span> 
     </span>
     <span class='ocr_line' id='line_1_3' title="bbox 49 701 1303 786; baseline 0.004 -21"><span class='ocrx_word' id='word_1_14' title='bbox 49 724 156 782; x_wconf 89' lang='lat' dir='ltr'><strong>censu,</strong></span> <span class='ocrx_word' id='word_1_15' title='bbox 176 701 317 782; x_wconf 87' lang='lat' dir='ltr'><strong>militia,</strong></span> <span class='ocrx_word' id='word_1_16' title='bbox 334 701 480 783; x_wconf 89' lang='lat' dir='ltr'><strong>tributis,</strong></span> <span class='ocrx_word' id='word_1_17' title='bbox 496 703 669 786; x_wconf 84' lang='lat' dir='ltr'><strong>suffragiis,</strong></span> <span class='ocrx_word' id='word_1_18' title='bbox 683 703 881 785; x_wconf 79' lang='lat' dir='ltr'>honoribus,</span> <span class='ocrx_word' id='word_1_19' title='bbox 898 711 933 768; x_wconf 90' lang='lat' dir='ltr'><strong>et</strong></span> <span class='ocrx_word' id='word_1_20' title='bbox 946 705 1054 770; x_wconf 88' lang='lat' dir='ltr'><strong>sacris.</strong></span> <span class='ocrx_word' id='word_1_21' title='bbox 1076 706 1214 770; x_wconf 83' lang='lat' dir='ltr'><strong>Latinos</strong></span> <span class='ocrx_word' id='word_1_22' title='bbox 1230 706 1303 770; x_wconf 84' lang='lat' dir='ltr'><strong>Ro-</strong></span> 
     </span>
     <span class='ocr_line' id='line_1_4' title="bbox 47 808 1303 898; baseline 0.005 -26"><span class='ocrx_word' id='word_1_23' title='bbox 47 831 116 873; x_wconf 88' lang='lat' dir='ltr'><strong>mae</strong></span> <span class='ocrx_word' id='word_1_24' title='bbox 140 825 273 876; x_wconf 71' lang='lat' dir='ltr'><strong>censos</strong></span> <span class='ocrx_word' id='word_1_25' title='bbox 295 831 385 890; x_wconf 89' lang='lat' dir='ltr'><strong>esse,</strong></span> <span class='ocrx_word' id='word_1_26' title='bbox 406 831 565 894; x_wconf 81' lang='lat' dir='ltr'><strong>nusquam</strong></span> <span class='ocrx_word' id='word_1_27' title='bbox 585 808 682 894; x_wconf 85' lang='lat' dir='ltr'><strong>lego,</strong></span> <span class='ocrx_word' id='word_1_28' title='bbox 704 811 767 873; x_wconf 90' lang='lat' dir='ltr'><strong>nisi</strong></span> <span class='ocrx_word' id='word_1_29' title='bbox 786 812 896 874; x_wconf 84' lang='lat' dir='ltr'><strong>furtim</strong></span> <span class='ocrx_word' id='word_1_30' title='bbox 920 812 1101 898; x_wconf 87' lang='lat' dir='ltr'><strong>aliquando</strong></span> <span class='ocrx_word' id='word_1_31' title='bbox 1124 814 1158 876; x_wconf 93' lang='lat' dir='ltr'><strong>in</strong></span> <span class='ocrx_word' id='word_1_32' title='bbox 1174 815 1303 878; x_wconf 86' lang='lat' dir='ltr'><strong>tabulas</strong></span> 
     </span>
     <span class='ocr_line' id='line_1_5' title="bbox 51 916 1304 1004; baseline 0.002 -23"><span class='ocrx_word' id='word_1_33' title='bbox 51 916 220 981; x_wconf 81' lang='lat' dir='ltr'>censuales</span> <span class='ocrx_word' id='word_1_34' title='bbox 239 917 441 1001; x_wconf 90' lang='lat' dir='ltr'><strong>irreperent,</strong></span> <span class='ocrx_word' id='word_1_35' title='bbox 459 917 550 1001; x_wconf 93' lang='lat' dir='ltr'><strong>quod</strong></span> <span class='ocrx_word' id='word_1_36' title='bbox 566 916 688 980; x_wconf 90' lang='lat' dir='ltr'><strong>deinde</strong></span> <span class='ocrx_word' id='word_1_37' title='bbox 704 919 783 1004; x_wconf 87' lang='lat' dir='ltr'><strong>lege</strong></span> <span class='ocrx_word' id='word_1_38' title='bbox 799 919 956 1000; x_wconf 78' lang='lat' dir='ltr'><strong>Claudia,</strong></span> <span class='ocrx_word' id='word_1_39' title='bbox 976 919 1100 1002; x_wconf 89' lang='lat' dir='ltr'><strong>Papia,</strong></span> <span class='ocrx_word' id='word_1_40' title='bbox 1117 928 1152 983; x_wconf 91' lang='lat' dir='ltr'><strong>et</strong></span> <span class='ocrx_word' id='word_1_41' title='bbox 1173 921 1304 986; x_wconf 88' lang='lat' dir='ltr'><strong>Licinia</strong></span> 
     </span>
     <span class='ocr_line' id='line_1_6' title="bbox 50 1025 1303 1108; baseline 0.003 -20"><span class='ocrx_word' id='word_1_42' title='bbox 50 1026 157 1088; x_wconf 83' lang='lat' dir='ltr'><strong>Mucia</strong></span> <span class='ocrx_word' id='word_1_43' title='bbox 173 1025 318 1088; x_wconf 87' lang='lat' dir='ltr'><strong>vetitum</strong></span> <span class='ocrx_word' id='word_1_44' title='bbox 335 1045 424 1105; x_wconf 86' lang='lat' dir='ltr'><strong>esse,</strong></span> <span class='ocrx_word' id='word_1_45' title='bbox 445 1045 544 1108; x_wconf 85' lang='lat' dir='ltr'><strong>supra</strong></span> <span class='ocrx_word' id='word_1_46' title='bbox 565 1025 812 1089; x_wconf 80' lang='lat' dir='ltr'><strong>observavimus</strong></span> <span class='ocrx_word' id='word_1_47' title='bbox 830 1026 858 1107; x_wconf 85' lang='lat'><strong>§.</strong></span> <span class='ocrx_word' id='word_1_48' title='bbox 876 1025 927 1088; x_wconf 78' lang='lat'><strong>52.</strong></span> <span class='ocrx_word' id='word_1_49' title='bbox 949 1025 998 1088; x_wconf 78' lang='lat' dir='ltr'><strong>At</strong></span> <span class='ocrx_word' id='word_1_50' title='bbox 1017 1045 1061 1088; x_wconf 85' lang='lat' dir='ltr'><strong>ex</strong></span> <span class='ocrx_word' id='word_1_51' title='bbox 1077 1027 1150 1090; x_wconf 91' lang='lat' dir='ltr'><strong>Liv.</strong></span> <span class='ocrx_word' id='word_1_52' title='bbox 1169 1029 1256 1090; x_wconf 80' lang='lat' dir='ltr'><strong>XLI.</strong></span> <span class='ocrx_word' id='word_1_53' title='bbox 1273 1029 1303 1092; x_wconf 83' lang='grc' dir='ltr'><strong>Β.</strong></span> 
     </span>
     <span class='ocr_line' id='line_1_7' title="bbox 53 1132 1303 1220; baseline 0.002 -26"><span class='ocrx_word' id='word_1_54' title='bbox 53 1141 191 1209; x_wconf 85' lang='lat' dir='ltr'><strong>constat,</strong></span> <span class='ocrx_word' id='word_1_55' title='bbox 208 1133 345 1198; x_wconf 90' lang='lat' dir='ltr'><strong>Latinos</strong></span> <span class='ocrx_word' id='word_1_56' title='bbox 364 1132 398 1194; x_wconf 95' lang='lat' dir='ltr'><strong>in</strong></span> <span class='ocrx_word' id='word_1_57' title='bbox 428 1132 617 1196; x_wconf 86' lang='lat' dir='ltr'><strong>civitatibus</strong></span> <span class='ocrx_word' id='word_1_58' title='bbox 641 1133 706 1196; x_wconf 91' lang='lat' dir='ltr'><strong>suis</strong></span> <span class='ocrx_word' id='word_1_59' title='bbox 726 1155 797 1196; x_wconf 91' lang='lat' dir='ltr'><strong>esse</strong></span> <span class='ocrx_word' id='word_1_60' title='bbox 818 1154 943 1196; x_wconf 88' lang='lat' dir='ltr'><strong>censos.</strong></span> <span class='ocrx_word' id='word_1_61' title='bbox 966 1133 1167 1197; x_wconf 87' lang='lat' dir='ltr'><strong>Verosimile</strong></span> <span class='ocrx_word' id='word_1_62' title='bbox 1188 1135 1303 1220; x_wconf 89' lang='lat' dir='ltr'><strong>itaque</strong></span> 
     </span>
     <span class='ocr_line' id='line_1_8' title="bbox 55 1238 1302 1321; baseline 0.002 -19"><span class='ocrx_word' id='word_1_63' title='bbox 55 1249 112 1321; x_wconf 88' lang='lat' dir='ltr'><strong>est,</strong></span> <span class='ocrx_word' id='word_1_64' title='bbox 130 1240 165 1302; x_wconf 90' lang='lat' dir='ltr'><strong>in</strong></span> <span class='ocrx_word' id='word_1_65' title='bbox 181 1240 275 1308; x_wconf 83' lang='lat' dir='ltr'><strong>Latii</strong></span> <span class='ocrx_word' id='word_1_66' title='bbox 294 1238 480 1304; x_wconf 90' lang='lat' dir='ltr'><strong>civitatibus</strong></span> <span class='ocrx_word' id='word_1_67' title='bbox 502 1259 568 1302; x_wconf 91' lang='lat' dir='ltr'><strong>non</strong></span> <span class='ocrx_word' id='word_1_68' title='bbox 591 1241 695 1304; x_wconf 89' lang='lat' dir='ltr'><strong>minus</strong></span> <span class='ocrx_word' id='word_1_69' title='bbox 718 1263 757 1304; x_wconf 90' lang='lat' dir='ltr'><strong>ac</strong></span> <span class='ocrx_word' id='word_1_70' title='bbox 772 1241 901 1304; x_wconf 88' lang='lat' dir='ltr'><strong>Romae</strong></span> <span class='ocrx_word' id='word_1_71' title='bbox 920 1260 1050 1304; x_wconf 89' lang='lat' dir='ltr'><strong>censum</strong></span> <span class='ocrx_word' id='word_1_72' title='bbox 1072 1239 1172 1305; x_wconf 84' lang='lat' dir='ltr'><strong>fuisse</strong></span> <span class='ocrx_word' id='word_1_73' title='bbox 1194 1251 1302 1306; x_wconf 86' lang='lat' dir='ltr'><strong>actum</strong></span> 
     </span>
     <span class='ocr_line' id='line_1_9' title="bbox 58 1345 1303 1431; baseline 0.002 -21"><span class='ocrx_word' id='word_1_74' title='bbox 58 1370 74 1410; x_wconf 90' lang='lat' dir='ltr'><strong>a</strong></span> <span class='ocrx_word' id='word_1_75' title='bbox 95 1347 353 1431; x_wconf 89' lang='lat' dir='ltr'><strong>magistratibus,</strong></span> <span class='ocrx_word' id='word_1_76' title='bbox 375 1347 571 1430; x_wconf 91' lang='lat' dir='ltr'><strong>tabulasque</strong></span> <span class='ocrx_word' id='word_1_77' title='bbox 600 1347 772 1412; x_wconf 81' lang='lat' dir='ltr'><strong>censuales</strong></span> <span class='ocrx_word' id='word_1_78' title='bbox 795 1347 918 1412; x_wconf 88' lang='lat' dir='ltr'><strong>deinde</strong></span> <span class='ocrx_word' id='word_1_79' title='bbox 941 1345 1084 1412; x_wconf 83' lang='lat' dir='ltr'><strong>Romam</strong></span> <span class='ocrx_word' id='word_1_80' title='bbox 1113 1351 1234 1413; x_wconf 87' lang='lat' dir='ltr'><strong>missas.</strong></span> <span class='ocrx_word' id='word_1_81' title='bbox 1263 1348 1303 1412; x_wconf 91' lang='lat' dir='ltr'><strong>Id</strong></span> 
     </span>
     <span class='ocr_line' id='line_1_10' title="bbox 60 1455 990 1540; baseline -0.001 -22"><span class='ocrx_word' id='word_1_82' title='bbox 60 1455 135 1518; x_wconf 90' lang='lat' dir='ltr'><strong>enim</strong></span> <span class='ocrx_word' id='word_1_83' title='bbox 151 1456 256 1519; x_wconf 89' lang='lat' dir='ltr'><strong>etiam</strong></span> <span class='ocrx_word' id='word_1_84' title='bbox 272 1455 307 1519; x_wconf 92' lang='lat' dir='ltr'><strong>in</strong></span> <span class='ocrx_word' id='word_1_85' title='bbox 323 1455 463 1519; x_wconf 86' lang='lat' dir='ltr'><strong>coloniis</strong></span> <span class='ocrx_word' id='word_1_86' title='bbox 476 1455 549 1518; x_wconf 88' lang='lat' dir='ltr'><strong>fieri</strong></span> <span class='ocrx_word' id='word_1_87' title='bbox 568 1455 719 1538; x_wconf 85' lang='lat' dir='ltr'><strong>solitum,</strong></span> <span class='ocrx_word' id='word_1_88' title='bbox 734 1476 832 1519; x_wconf 90' lang='lat' dir='ltr'><strong>nemo</strong></span> <span class='ocrx_word' id='word_1_89' title='bbox 848 1457 990 1540; x_wconf 87' lang='lat' dir='ltr'><strong>ignorat.</strong></span> 
     </span>
    </p>
   </div>
   <div class='ocr_carea' id='block_1_3' title="bbox 64 1609 1347 3513">
    <p class='ocr_par' dir='ltr' id='par_1_3' title="bbox 450 1609 905 1786">
     <span class='ocr_line' id='line_1_11' title="bbox 647 1609 756 1673; baseline 0.018 -2"><span class='ocrx_word' id='word_1_90' title='bbox 647 1655 654 1671; x_wconf 90' lang='lat'><strong>.</strong></span> <span class='ocrx_word' id='word_1_91' title='bbox 677 1609 729 1673; x_wconf 87' lang='grc'><strong>90.</strong></span> <span class='ocrx_word' id='word_1_92' title='bbox 752 1614 756 1627; x_wconf 82' lang='grc'><strong>“</strong></span> 
     </span>
     <span class='ocr_line' id='line_1_12' title="bbox 450 1610 905 1786; baseline 0.004 -18"><span class='ocrx_word' id='word_1_93' title='bbox 450 1717 484 1768; x_wconf 86' lang='lat' dir='ltr'><strong>Ut</strong></span> <span class='ocrx_word' id='word_1_94' title='bbox 501 1725 526 1768; x_wconf 84' lang='lat' dir='ltr'><strong>et</strong></span> <span class='ocrx_word' id='word_1_95' title='bbox 534 1717 584 1786; x_wconf 74' lang='lat' dir='ltr'><strong>jau</strong></span> <span class='ocrx_word' id='word_1_96' title='bbox 601 1610 709 1770; x_wconf 59' lang='lat' dir='ltr'><strong>militiae</strong></span> <span class='ocrx_word' id='word_1_97' title='bbox 726 1719 905 1772; x_wconf 79' lang='lat' dir='ltr'><strong>intercoelos.</strong></span> 
     </span>
    </p>

    <p class='ocr_par' dir='ltr' id='par_1_4' title="bbox 64 1816 1347 3513">
     <span class='ocr_line' id='line_1_13' title="bbox 135 1816 1304 1902; baseline -0.002 -21"><span class='ocrx_word' id='word_1_98' title='bbox 135 1817 240 1881; x_wconf 88' lang='lat' dir='ltr'><strong>Porro</strong></span> <span class='ocrx_word' id='word_1_99' title='bbox 258 1823 292 1879; x_wconf 90' lang='lat' dir='ltr'><strong>et</strong></span> <span class='ocrx_word' id='word_1_100' title='bbox 309 1833 464 1880; x_wconf 80' lang='lat' dir='ltr'><strong>ururrmn</strong></span> <span class='ocrx_word' id='word_1_101' title='bbox 475 1817 569 1902; x_wconf 89' lang='lat' dir='ltr'><strong>jure,</strong></span> <span class='ocrx_word' id='word_1_102' title='bbox 588 1816 646 1880; x_wconf 89' lang='lat' dir='ltr'><strong>sed</strong></span> <span class='ocrx_word' id='word_1_103' title='bbox 660 1818 775 1902; x_wconf 90' lang='lat' dir='ltr'><strong>paullo</strong></span> <span class='ocrx_word' id='word_1_104' title='bbox 791 1817 1016 1900; x_wconf 84' lang='lat' dir='ltr'><strong>adstrictiore,</strong></span> <span class='ocrx_word' id='word_1_105' title='bbox 1032 1818 1223 1902; x_wconf 84' lang='lat' dir='ltr'><strong>gaudebant</strong></span> <span class='ocrx_word' id='word_1_106' title='bbox 1237 1818 1304 1880; x_wconf 90' lang='lat' dir='ltr'><strong>La-</strong></span> 
     </span>
     <span class='ocr_line' id='line_1_14' title="bbox 67 1923 1305 2010; baseline 0.002 -26"><span class='ocrx_word' id='word_1_107' title='bbox 67 1923 126 1985; x_wconf 91' lang='lat' dir='ltr'><strong>tini.</strong></span> <span class='ocrx_word' id='word_1_108' title='bbox 147 1923 257 1986; x_wconf 92' lang='lat' dir='ltr'><strong>Primo</strong></span> <span class='ocrx_word' id='word_1_109' title='bbox 275 1924 362 1986; x_wconf 91' lang='lat' dir='ltr'><strong>enim</strong></span> <span class='ocrx_word' id='word_1_110' title='bbox 374 1946 416 1987; x_wconf 90' lang='lat' dir='ltr'><strong>ne</strong></span> <span class='ocrx_word' id='word_1_111' title='bbox 433 1945 542 2009; x_wconf 88' lang='lat' dir='ltr'><strong>prose</strong></span> <span class='ocrx_word' id='word_1_112' title='bbox 563 1925 695 2008; x_wconf 89' lang='lat' dir='ltr'><strong>quidem</strong></span> <span class='ocrx_word' id='word_1_113' title='bbox 714 1925 846 1989; x_wconf 90' lang='lat' dir='ltr'><strong>tuendis</strong></span> <span class='ocrx_word' id='word_1_114' title='bbox 863 1948 952 1990; x_wconf 87' lang='lat' dir='ltr'><strong>arma</strong></span> <span class='ocrx_word' id='word_1_115' title='bbox 967 1925 1126 2009; x_wconf 86' lang='lat' dir='ltr'><strong>expedire</strong></span> <span class='ocrx_word' id='word_1_116' title='bbox 1139 1931 1305 2010; x_wconf 85' lang='lat' dir='ltr'><strong>poterant,</strong></span> 
     </span>
     <span class='ocr_line' id='line_1_15' title="bbox 64 2030 1306 2115; baseline 0.001 -24"><span class='ocrx_word' id='word_1_117' title='bbox 64 2030 172 2114; x_wconf 89' lang='lat' dir='ltr'><strong>injussu</strong></span> <span class='ocrx_word' id='word_1_118' title='bbox 195 2030 314 2115; x_wconf 92' lang='lat' dir='ltr'><strong>populi</strong></span> <span class='ocrx_word' id='word_1_119' title='bbox 328 2031 489 2113; x_wconf 87' lang='lat' dir='ltr'><strong>Romani,</strong></span> <span class='ocrx_word' id='word_1_120' title='bbox 506 2040 542 2095; x_wconf 93' lang='lat' dir='ltr'><strong>ut</strong></span> <span class='ocrx_word' id='word_1_121' title='bbox 564 2038 703 2096; x_wconf 87' lang='lat' dir='ltr'><strong>testatur</strong></span> <span class='ocrx_word' id='word_1_122' title='bbox 724 2033 796 2095; x_wconf 92' lang='lat' dir='ltr'><strong>Liv.</strong></span> <span class='ocrx_word' id='word_1_123' title='bbox 809 2033 869 2097; x_wconf 84' lang='lat' dir='ltr'><strong>III.</strong></span> <span class='ocrx_word' id='word_1_124' title='bbox 884 2033 935 2097; x_wconf 90' lang='grc'><strong>19.</strong></span> <span class='ocrx_word' id='word_1_125' title='bbox 962 2031 1097 2096; x_wconf 90' lang='lat' dir='ltr'><strong>Deinde</strong></span> <span class='ocrx_word' id='word_1_126' title='bbox 1118 2031 1306 2095; x_wconf 89' lang='lat' dir='ltr'><strong>militabant</strong></span> 
     </span>
     <span class='ocr_line' id='line_1_16' title="bbox 66 2137 1347 2222; baseline 0.001 -23"><span class='ocrx_word' id='word_1_127' title='bbox 66 2140 188 2222; x_wconf 91' lang='lat' dir='ltr'><strong>quidem</strong></span> <span class='ocrx_word' id='word_1_128' title='bbox 206 2159 279 2201; x_wconf 90' lang='lat' dir='ltr'><strong>cum</strong></span> <span class='ocrx_word' id='word_1_129' title='bbox 296 2137 470 2220; x_wconf 90' lang='lat' dir='ltr'><strong>Romanis,</strong></span> <span class='ocrx_word' id='word_1_130' title='bbox 484 2161 596 2202; x_wconf 89' lang='lat' dir='ltr'><strong>verum</strong></span> <span class='ocrx_word' id='word_1_131' title='bbox 614 2161 681 2204; x_wconf 90' lang='lat' dir='ltr'><strong>non</strong></span> <span class='ocrx_word' id='word_1_132' title='bbox 698 2147 734 2203; x_wconf 90' lang='lat' dir='ltr'><strong>ut</strong></span> <span class='ocrx_word' id='word_1_133' title='bbox 750 2138 940 2222; x_wconf 89' lang='lat' dir='ltr'><strong>legionarii,</strong></span> <span class='ocrx_word' id='word_1_134' title='bbox 958 2141 1016 2203; x_wconf 86' lang='lat' dir='ltr'><strong>aed</strong></span> <span class='ocrx_word' id='word_1_135' title='bbox 1034 2148 1199 2222; x_wconf 85' lang='lat' dir='ltr'><strong>tamquam</strong></span> <span class='ocrx_word' id='word_1_136' title='bbox 1212 2137 1305 2219; x_wconf 85' lang='lat' dir='ltr'><strong>socii,</strong></span> <span class='ocrx_word' id='word_1_137' title='bbox 1346 2167 1347 2172; x_wconf 42' lang='lat'>¹</span> 
     </span>
     <span class='ocr_line' id='line_1_17' title="bbox 64 2244 1305 2330; baseline 0.002 -24"><span class='ocrx_word' id='word_1_138' title='bbox 64 2253 95 2307; x_wconf 93' lang='lat' dir='ltr'><strong>ut</strong></span> <span class='ocrx_word' id='word_1_139' title='bbox 108 2247 259 2310; x_wconf 90' lang='lat' dir='ltr'><strong>adcurate</strong></span> <span class='ocrx_word' id='word_1_140' title='bbox 279 2266 323 2308; x_wconf 85' lang='lat' dir='ltr'><strong>ex</strong></span> <span class='ocrx_word' id='word_1_141' title='bbox 338 2245 483 2330; x_wconf 86' lang='lat' dir='ltr'><strong>Polybio</strong></span> <span class='ocrx_word' id='word_1_142' title='bbox 508 2248 609 2310; x_wconf 91' lang='lat' dir='ltr'><strong>docet</strong></span> <span class='ocrx_word' id='word_1_143' title='bbox 625 2247 714 2330; x_wconf 91' lang='lat' dir='ltr'><strong>Lips.</strong></span> <span class='ocrx_word' id='word_1_144' title='bbox 732 2249 771 2308; x_wconf 87' lang='lat' dir='ltr'><strong>de</strong></span> <span class='ocrx_word' id='word_1_145' title='bbox 786 2249 871 2308; x_wconf 74' lang='lat' dir='ltr'><strong>malit.</strong></span> <span class='ocrx_word' id='word_1_146' title='bbox 888 2249 977 2309; x_wconf 82' lang='lat' dir='ltr'><strong>Rom.</strong></span> <span class='ocrx_word' id='word_1_147' title='bbox 992 2248 1017 2310; x_wconf 91' lang='lat' dir='ltr'><strong>I.</strong></span> <span class='ocrx_word' id='word_1_148' title='bbox 1033 2248 1063 2309; x_wconf 83' lang='lat'><strong>6.</strong></span> <span class='ocrx_word' id='word_1_149' title='bbox 1076 2269 1111 2329; x_wconf 87' lang='lat' dir='ltr'><strong>p.</strong></span> <span class='ocrx_word' id='word_1_150' title='bbox 1128 2245 1180 2307; x_wconf 84' lang='grc'><strong>48.</strong></span> <span class='ocrx_word' id='word_1_151' title='bbox 1205 2244 1305 2308; x_wconf 89' lang='lat' dir='ltr'><strong>Unde</strong></span> 
     </span>
     <span class='ocr_line' id='line_1_18' title="bbox 65 2353 1305 2438; baseline 0.002 -26"><span class='ocrx_word' id='word_1_152' title='bbox 65 2353 161 2416; x_wconf 91' lang='lat' dir='ltr'><strong>miuus</strong></span> <span class='ocrx_word' id='word_1_153' title='bbox 179 2374 245 2416; x_wconf 89' lang='lat' dir='ltr'><strong>rem</strong></span> <span class='ocrx_word' id='word_1_154' title='bbox 259 2373 322 2416; x_wconf 88' lang='lat' dir='ltr'><strong>acu</strong></span> <span class='ocrx_word' id='word_1_155' title='bbox 339 2354 452 2438; x_wconf 88' lang='lat' dir='ltr'><strong>tetigit</strong></span> <span class='ocrx_word' id='word_1_156' title='bbox 468 2354 542 2417; x_wconf 85' lang='lat' dir='ltr'><strong>Car.</strong></span> <span class='ocrx_word' id='word_1_157' title='bbox 557 2353 713 2438; x_wconf 83' lang='lat' dir='ltr'><strong>Sigonius</strong></span> <span class='ocrx_word' id='word_1_158' title='bbox 729 2354 849 2415; x_wconf 85' lang='lat' dir='ltr'><strong>de&#39;anl.</strong></span> <span class='ocrx_word' id='word_1_159' title='bbox 858 2356 928 2436; x_wconf 86' lang='lat' dir='ltr'><strong>jar.</strong></span> <span class='ocrx_word' id='word_1_160' title='bbox 945 2354 1016 2415; x_wconf 87' lang='lat' dir='ltr'><strong>Ital.</strong></span> <span class='ocrx_word' id='word_1_161' title='bbox 1032 2353 1058 2414; x_wconf 90' lang='lat' dir='ltr'><strong>I.</strong></span> <span class='ocrx_word' id='word_1_162' title='bbox 1072 2353 1102 2414; x_wconf 93' lang='grc'><strong>4.</strong></span> <span class='ocrx_word' id='word_1_163' title='bbox 1113 2376 1145 2436; x_wconf 84' lang='lat' dir='ltr'><strong>p.</strong></span> <span class='ocrx_word' id='word_1_164' title='bbox 1159 2354 1232 2416; x_wconf 84' lang='grc'><strong>494.</strong></span> <span class='ocrx_word' id='word_1_165' title='bbox 1248 2353 1305 2437; x_wconf 91' lang='lat' dir='ltr'><strong>qui</strong></span> 
     </span>
     <span class='ocr_line' id='line_1_19' title="bbox 64 2459 1306 2545; baseline 0.002 -25"><span class='ocrx_word' id='word_1_166' title='bbox 64 2459 195 2522; x_wconf 87' lang='lat' dir='ltr'><strong>Latinos</strong></span> <span class='ocrx_word' id='word_1_167' title='bbox 211 2461 295 2523; x_wconf 92' lang='lat' dir='ltr'><strong>inter</strong></span> <span class='ocrx_word' id='word_1_168' title='bbox 310 2459 434 2524; x_wconf 87' lang='lat' dir='ltr'><strong>auxilia</strong></span> <span class='ocrx_word' id='word_1_169' title='bbox 453 2461 563 2545; x_wconf 90' lang='lat' dir='ltr'><strong>ponit,</strong></span> <span class='ocrx_word' id='word_1_170' title='bbox 579 2481 664 2544; x_wconf 87' lang='lat' dir='ltr'><strong>quae</strong></span> <span class='ocrx_word' id='word_1_171' title='bbox 683 2460 791 2524; x_wconf 89' lang='lat' dir='ltr'><strong>Varro</strong></span> <span class='ocrx_word' id='word_1_172' title='bbox 807 2462 846 2524; x_wconf 86' lang='lat' dir='ltr'><strong>de</strong></span> <span class='ocrx_word' id='word_1_173' title='bbox 860 2460 977 2544; x_wconf 68' lang='lat' dir='ltr'><strong>braga.</strong></span> <span class='ocrx_word' id='word_1_174' title='bbox 993 2463 1065 2524; x_wconf 81' lang='lat' dir='ltr'><strong>Lat.</strong></span> <span class='ocrx_word' id='word_1_175' title='bbox 1077 2462 1098 2524; x_wconf 93' lang='lat' dir='ltr'><em>I</em></span> <span class='ocrx_word' id='word_1_176' title='bbox 1101 2461 1134 2522; x_wconf 87' lang='lat' dir='ltr'><strong>V.</strong></span> <span class='ocrx_word' id='word_1_177' title='bbox 1150 2459 1201 2522; x_wconf 88' lang='lat'><strong>16.</strong></span> <span class='ocrx_word' id='word_1_178' title='bbox 1211 2482 1244 2542; x_wconf 86' lang='lat' dir='ltr'><strong>p.</strong></span> <span class='ocrx_word' id='word_1_179' title='bbox 1256 2459 1306 2524; x_wconf 88' lang='lat'><strong>16.</strong></span> 
     </span>
     <span class='ocr_line' id='line_1_20' title="bbox 68 2568 1307 2650; baseline 0.002 -23"><span class='ocrx_word' id='word_1_180' title='bbox 68 2585 103 2627; x_wconf 86' lang='lat' dir='ltr'><strong>ex</strong></span> <span class='ocrx_word' id='word_1_181' title='bbox 119 2570 314 2650; x_wconf 76' lang='lat' dir='ltr'><strong>alrene&#39;gem&#39;s3</strong></span> <span class='ocrx_word' id='word_1_182' title='bbox 326 2568 444 2630; x_wconf 83' lang='lat' dir='ltr'><strong>Festus</strong></span> <span class='ocrx_word' id='word_1_183' title='bbox 462 2568 521 2631; x_wconf 86' lang='lat' dir='ltr'><strong>sub</strong></span> <span class='ocrx_word' id='word_1_184' title='bbox 540 2588 623 2630; x_wconf 90' lang='lat' dir='ltr'><strong>voce</strong></span> <span class='ocrx_word' id='word_1_185' title='bbox 641 2571 811 2632; x_wconf 76' lang='lat' dir='ltr'><strong>auxiliares</strong></span> <span class='ocrx_word' id='word_1_186' title='bbox 824 2568 939 2650; x_wconf 59' lang='lat' dir='ltr'><strong>pase.</strong></span> <span class='ocrx_word' id='word_1_187' title='bbox 956 2589 999 2632; x_wconf 86' lang='lat' dir='ltr'><strong>ex</strong></span> <span class='ocrx_word' id='word_1_188' title='bbox 1014 2573 1103 2632; x_wconf 77' lang='lat' dir='ltr'><strong>sociis</strong></span> <span class='ocrx_word' id='word_1_189' title='bbox 1122 2577 1307 2630; x_wconf 67' lang='lat' dir='ltr'><strong>exterarum</strong></span> 
     </span>
     <span class='ocr_line' id='line_1_21' title="bbox 69 2675 1306 2760; baseline 0.003 -26"><span class='ocrx_word' id='word_1_190' title='bbox 69 2679 213 2736; x_wconf 83' lang='lat' dir='ltr'><strong>actionum</strong></span> <span class='ocrx_word' id='word_1_191' title='bbox 233 2675 419 2738; x_wconf 86' lang='lat' dir='ltr'><strong>constitisse</strong></span> <span class='ocrx_word' id='word_1_192' title='bbox 440 2675 496 2738; x_wconf 90' lang='lat' dir='ltr'><strong>ait.</strong></span> <span class='ocrx_word' id='word_1_193' title='bbox 519 2675 604 2738; x_wconf 88' lang='lat' dir='ltr'><strong>Tum</strong></span> <span class='ocrx_word' id='word_1_194' title='bbox 621 2675 751 2738; x_wconf 88' lang='lat' dir='ltr'><strong>demum</strong></span> <span class='ocrx_word' id='word_1_195' title='bbox 769 2697 850 2760; x_wconf 89' lang='lat' dir='ltr'><strong>ergo</strong></span> <span class='ocrx_word' id='word_1_196' title='bbox 873 2675 908 2739; x_wconf 94' lang='lat' dir='ltr'><strong>hi</strong></span> <span class='ocrx_word' id='word_1_197' title='bbox 930 2697 1001 2740; x_wconf 90' lang='lat' dir='ltr'><strong>esse</strong></span> <span class='ocrx_word' id='word_1_198' title='bbox 1020 2683 1203 2760; x_wconf 90' lang='lat' dir='ltr'><strong>coeperunt</strong></span> <span class='ocrx_word' id='word_1_199' title='bbox 1224 2675 1306 2738; x_wconf 88' lang='lat' dir='ltr'><strong>socii</strong></span> 
     </span>
     <span class='ocr_line' id='line_1_22' title="bbox 75 2782 1308 2866; baseline 0.004 -26"><span class='ocrx_word' id='word_1_200' title='bbox 75 2789 104 2842; x_wconf 89' lang='lat' dir='ltr'><strong>ct</strong></span> <span class='ocrx_word' id='word_1_201' title='bbox 117 2782 299 2863; x_wconf 87' lang='lat' dir='ltr'><strong>auxiliares,</strong></span> <span class='ocrx_word' id='word_1_202' title='bbox 321 2804 419 2865; x_wconf 91' lang='lat' dir='ltr'><strong>quum</strong></span> <span class='ocrx_word' id='word_1_203' title='bbox 435 2783 548 2846; x_wconf 87' lang='lat' dir='ltr'><strong>Latini</strong></span> <span class='ocrx_word' id='word_1_204' title='bbox 567 2792 602 2847; x_wconf 89' lang='lat' dir='ltr'><strong>et</strong></span> <span class='ocrx_word' id='word_1_205' title='bbox 616 2783 695 2847; x_wconf 88' lang='lat' dir='ltr'><strong>ltali</strong></span> <span class='ocrx_word' id='word_1_206' title='bbox 716 2784 851 2848; x_wconf 91' lang='lat' dir='ltr'><strong>civitate</strong></span> <span class='ocrx_word' id='word_1_207' title='bbox 868 2783 983 2847; x_wconf 87' lang='lat' dir='ltr'><strong>donati</strong></span> <span class='ocrx_word' id='word_1_208' title='bbox 995 2783 1203 2866; x_wconf 83' lang='lat' dir='ltr'><strong>legionariae</strong></span> <span class='ocrx_word' id='word_1_209' title='bbox 1221 2783 1308 2846; x_wconf 90' lang='lat' dir='ltr'><strong>mili-</strong></span> 
     </span>
     <span class='ocr_line' id='line_1_23' title="bbox 74 2887 1307 2976; baseline 0.003 -26"><span class='ocrx_word' id='word_1_210' title='bbox 74 2887 128 2951; x_wconf 86' lang='lat' dir='ltr'><strong>tiae</strong></span> <span class='ocrx_word' id='word_1_211' title='bbox 147 2889 410 2976; x_wconf 89' lang='lat' dir='ltr'><strong>praerogativam</strong></span> <span class='ocrx_word' id='word_1_212' title='bbox 432 2898 722 2975; x_wconf 86' lang='lat' dir='ltr'><strong>consequerentur.</strong></span> <span class='ocrx_word' id='word_1_213' title='bbox 743 2891 784 2954; x_wconf 97' lang='lat' dir='ltr'><strong>Id</strong></span> <span class='ocrx_word' id='word_1_214' title='bbox 805 2911 904 2975; x_wconf 91' lang='lat' dir='ltr'><strong>porro</strong></span> <span class='ocrx_word' id='word_1_215' title='bbox 927 2890 1133 2970; x_wconf 84' lang='lat' dir='ltr'><strong>addendum,</strong></span> <span class='ocrx_word' id='word_1_216' title='bbox 1152 2890 1250 2953; x_wconf 88' lang='lat' dir='ltr'><strong>sociis</strong></span> <span class='ocrx_word' id='word_1_217' title='bbox 1272 2898 1307 2954; x_wconf 94' lang='lat' dir='ltr'><strong>et</strong></span> 
     </span>
     <span class='ocr_line' id='line_1_24' title="bbox 73 2995 1308 3082; baseline 0.004 -25"><span class='ocrx_word' id='word_1_218' title='bbox 73 2995 169 3060; x_wconf 89' lang='lat' dir='ltr'><strong>Latini</strong></span> <span class='ocrx_word' id='word_1_219' title='bbox 183 2997 325 3061; x_wconf 89' lang='lat' dir='ltr'><strong>nominis</strong></span> <span class='ocrx_word' id='word_1_220' title='bbox 343 3018 474 3082; x_wconf 86' lang='lat' dir='ltr'><strong>semper</strong></span> <span class='ocrx_word' id='word_1_221' title='bbox 486 2997 649 3081; x_wconf 88' lang='lat' dir='ltr'><strong>triplicem</strong></span> <span class='ocrx_word' id='word_1_222' title='bbox 667 2998 825 3082; x_wconf 88' lang='lat' dir='ltr'><strong>equitum,</strong></span> <span class='ocrx_word' id='word_1_223' title='bbox 842 2997 1022 3082; x_wconf 90' lang='lat' dir='ltr'><strong>aliquando</strong></span> <span class='ocrx_word' id='word_1_224' title='bbox 1037 3005 1071 3060; x_wconf 91' lang='lat' dir='ltr'><strong>et</strong></span> <span class='ocrx_word' id='word_1_225' title='bbox 1085 2998 1233 3081; x_wconf 90' lang='lat' dir='ltr'><strong>peditum</strong></span> <span class='ocrx_word' id='word_1_226' title='bbox 1247 3019 1308 3062; x_wconf 92' lang='lat' dir='ltr'><strong>nu-</strong></span> 
     </span>
     <span class='ocr_line' id='line_1_25' title="bbox 74 3103 1324 3190; baseline 0.001 -26"><span class='ocrx_word' id='word_1_227' title='bbox 74 3108 369 3189; x_wconf 86' lang='lat' dir='ltr'><strong>memmimperasse</strong></span> <span class='ocrx_word' id='word_1_228' title='bbox 382 3103 561 3168; x_wconf 90' lang='lat' dir='ltr'><strong>Romanos.</strong></span> <span class='ocrx_word' id='word_1_229' title='bbox 578 3105 632 3169; x_wconf 92' lang='lat' dir='ltr'><strong>Sic</strong></span> <span class='ocrx_word' id='word_1_230' title='bbox 651 3105 738 3190; x_wconf 90' lang='lat' dir='ltr'><strong>apud</strong></span> <span class='ocrx_word' id='word_1_231' title='bbox 754 3104 953 3168; x_wconf 80' lang='lat' dir='ltr'><strong>Liv.111.22.</strong></span> <span class='ocrx_word' id='word_1_232' title='bbox 972 3104 1057 3167; x_wconf 87' lang='lat' dir='ltr'><strong>duae</strong></span> <span class='ocrx_word' id='word_1_233' title='bbox 1074 3113 1184 3187; x_wconf 87' lang='lat' dir='ltr'><strong>partes</strong></span> <span class='ocrx_word' id='word_1_234' title='bbox 1199 3105 1324 3168; x_wconf 71' lang='lat' dir='ltr'><strong>socio-1</strong></span> 
     </span>
     <span class='ocr_line' id='line_1_26' title="bbox 75 3209 1309 3296; baseline 0.002 -24"><span class='ocrx_word' id='word_1_235' title='bbox 75 3229 133 3272; x_wconf 86' lang='lat' dir='ltr'><strong>rum</strong></span> <span class='ocrx_word' id='word_1_236' title='bbox 152 3213 181 3276; x_wconf 91' lang='lat' dir='ltr'><strong>in</strong></span> <span class='ocrx_word' id='word_1_237' title='bbox 202 3212 371 3294; x_wconf 84' lang='lat' dir='ltr'><strong>exercitu,</strong></span> <span class='ocrx_word' id='word_1_238' title='bbox 388 3212 488 3275; x_wconf 89' lang='lat' dir='ltr'><strong>tertia</strong></span> <span class='ocrx_word' id='word_1_239' title='bbox 505 3213 624 3276; x_wconf 87' lang='lat' dir='ltr'><strong>civium</strong></span> <span class='ocrx_word' id='word_1_240' title='bbox 644 3222 725 3276; x_wconf 89' lang='lat' dir='ltr'><strong>erat.</strong></span> <span class='ocrx_word' id='word_1_241' title='bbox 747 3212 841 3276; x_wconf 90' lang='lat' dir='ltr'><strong>Idem</strong></span> <span class='ocrx_word' id='word_1_242' title='bbox 860 3212 950 3275; x_wconf 87' lang='lat' dir='ltr'><em>XXI.</em></span> <span class='ocrx_word' id='word_1_243' title='bbox 966 3210 1016 3274; x_wconf 87' lang='lat'><strong>17.</strong></span> <span class='ocrx_word' id='word_1_244' title='bbox 1031 3209 1151 3290; x_wconf 84' lang='lat' dir='ltr'><strong>refert,</strong></span> <span class='ocrx_word' id='word_1_245' title='bbox 1167 3219 1309 3296; x_wconf 87' lang='lat' dir='ltr'><strong>quatuor</strong></span> 
     </span>
     <span class='ocr_line' id='line_1_27' title="bbox 73 3315 1308 3410; baseline 0.002 -31"><span class='ocrx_word' id='word_1_246' title='bbox 73 3327 101 3381; x_wconf 90' lang='lat' dir='ltr'><strong>et</strong></span> <span class='ocrx_word' id='word_1_247' title='bbox 117 3321 228 3404; x_wconf 87' lang='lat' dir='ltr'><strong>viginti</strong></span> <span class='ocrx_word' id='word_1_248' title='bbox 243 3319 393 3405; x_wconf 92' lang='lat' dir='ltr'><strong>peditum</strong></span> <span class='ocrx_word' id='word_1_249' title='bbox 407 3319 634 3410; x_wconf 84' lang='lat' dir='ltr'><strong>Romanorum</strong></span> <span class='ocrx_word' id='word_1_250' title='bbox 652 3319 756 3383; x_wconf 88' lang='lat' dir='ltr'><strong>millia</strong></span> <span class='ocrx_word' id='word_1_251' title='bbox 776 3319 875 3384; x_wconf 89' lang='lat' dir='ltr'><strong>fuisse</strong></span> <span class='ocrx_word' id='word_1_252' title='bbox 892 3319 1023 3402; x_wconf 89' lang='lat' dir='ltr'><strong>scripta,</strong></span> <span class='ocrx_word' id='word_1_253' title='bbox 1039 3315 1130 3380; x_wconf 85' lang='lat' dir='ltr'><strong>mille</strong></span> <span class='ocrx_word' id='word_1_254' title='bbox 1152 3329 1186 3384; x_wconf 85' lang='lat' dir='ltr'><strong>et</strong></span> <span class='ocrx_word' id='word_1_255' title='bbox 1202 3318 1308 3382; x_wconf 90' lang='lat' dir='ltr'><strong>octin-</strong></span> 
     </span>
     <span class='ocr_line' id='line_1_28' title="bbox 74 3425 1310 3513; baseline 0 -27"><span class='ocrx_word' id='word_1_256' title='bbox 74 3435 175 3510; x_wconf 86' lang='lat' dir='ltr'><strong>gentos</strong></span> <span class='ocrx_word' id='word_1_257' title='bbox 193 3429 338 3512; x_wconf 83' lang='lat' dir='ltr'><strong>equites:</strong></span> <span class='ocrx_word' id='word_1_258' title='bbox 356 3428 517 3490; x_wconf 88' lang='lat' dir='ltr'><strong>sociorum</strong></span> <span class='ocrx_word' id='word_1_259' title='bbox 539 3426 758 3513; x_wconf 89' lang='lat' dir='ltr'><strong>quadraginta</strong></span> <span class='ocrx_word' id='word_1_260' title='bbox 776 3437 918 3512; x_wconf 90' lang='lat' dir='ltr'><strong>quatuor</strong></span> <span class='ocrx_word' id='word_1_261' title='bbox 939 3425 1099 3510; x_wconf 89' lang='lat' dir='ltr'><strong>peditum,</strong></span> <span class='ocrx_word' id='word_1_262' title='bbox 1116 3437 1150 3488; x_wconf 87' lang='lat' dir='ltr'><strong>et</strong></span> <span class='ocrx_word' id='word_1_263' title='bbox 1169 3434 1310 3510; x_wconf 86' lang='lat' dir='ltr'><strong>quatuor</strong></span> 
     </span>
    </p>
   </div>
   <div class='ocr_carea' id='block_1_4' title="bbox 73 3515 1311 3726">
    <p class='ocr_par' dir='ltr' id='par_1_5' title="bbox 73 3515 1311 3726">
     <span class='ocr_line' id='line_1_29' title="bbox 74 3515 1311 3620; baseline 0.003 -26"><span class='ocrx_word' id='word_1_264' title='bbox 74 3535 214 3618; x_wconf 91' lang='lat' dir='ltr'><strong>equitum.</strong></span> <span class='ocrx_word' id='word_1_265' title='bbox 236 3534 317 3598; x_wconf 78' lang='lat' dir='ltr'><strong>Alia</strong></span> <span class='ocrx_word' id='word_1_266' title='bbox 337 3515 491 3620; x_wconf 88' lang='lat' dir='ltr'><strong>exempla</strong></span> <span class='ocrx_word' id='word_1_267' title='bbox 512 3546 587 3599; x_wconf 86' lang='lat' dir='ltr'><strong>sunt</strong></span> <span class='ocrx_word' id='word_1_268' title='bbox 607 3534 695 3619; x_wconf 90' lang='lat' dir='ltr'><strong>apud</strong></span> <span class='ocrx_word' id='word_1_269' title='bbox 715 3535 788 3598; x_wconf 91' lang='lat' dir='ltr'><strong>Liv.</strong></span> <span class='ocrx_word' id='word_1_270' title='bbox 807 3533 962 3596; x_wconf 83' lang='lat' dir='ltr'><em>XXXIV.</em></span> <span class='ocrx_word' id='word_1_271' title='bbox 979 3533 1030 3598; x_wconf 81' lang='lat'><strong>56.</strong></span> <span class='ocrx_word' id='word_1_272' title='bbox 1050 3533 1191 3596; x_wconf 89' lang='lat' dir='ltr'><em>XXXV.</em></span> <span class='ocrx_word' id='word_1_273' title='bbox 1204 3532 1257 3598; x_wconf 80' lang='lat'><strong>20.</strong></span> <span class='ocrx_word' id='word_1_274' title='bbox 1275 3539 1311 3598; x_wconf 87' lang='lat' dir='ltr'><strong>et</strong></span> 
     </span>
     <span class='ocr_line' id='line_1_30' title="bbox 73 3639 1309 3726; baseline -0.001 -24"><span class='ocrx_word' id='word_1_275' title='bbox 73 3639 141 3705; x_wconf 89' lang='lat' dir='ltr'><strong>alibi</strong></span> <span class='ocrx_word' id='word_1_276' title='bbox 159 3643 288 3726; x_wconf 86' lang='lat' dir='ltr'><strong>passim.</strong></span> <span class='ocrx_word' id='word_1_277' title='bbox 310 3642 409 3705; x_wconf 89' lang='lat' dir='ltr'><strong>Unde</strong></span> <span class='ocrx_word' id='word_1_278' title='bbox 430 3664 498 3705; x_wconf 91' lang='lat' dir='ltr'><strong>nou</strong></span> <span class='ocrx_word' id='word_1_279' title='bbox 525 3641 646 3726; x_wconf 89' lang='lat' dir='ltr'><strong>injuria</strong></span> <span class='ocrx_word' id='word_1_280' title='bbox 668 3648 849 3725; x_wconf 89' lang='lat' dir='ltr'><strong>queruntur</strong></span> <span class='ocrx_word' id='word_1_281' title='bbox 874 3640 961 3725; x_wconf 92' lang='lat' dir='ltr'><strong>apud</strong></span> <span class='ocrx_word' id='word_1_282' title='bbox 985 3639 1155 3724; x_wconf 91' lang='lat' dir='ltr'><strong>Vellejum</strong></span> <span class='ocrx_word' id='word_1_283' title='bbox 1177 3641 1309 3704; x_wconf 84' lang='lat' dir='ltr'><strong>Patere.</strong></span> 
     </span>
    </p>
   </div>
   <div class='ocr_carea' id='block_1_5' title="bbox 75 3837 1392 4414">
    <p class='ocr_par' dir='ltr' id='par_1_6' title="bbox 75 3837 1392 4414">
     <span class='ocr_line' id='line_1_31' title="bbox 77 3837 1311 3910; baseline 0.003 -21"><span class='ocrx_word' id='word_1_284' title='bbox 77 3837 180 3894; x_wconf 80' lang='lat' dir='ltr'><strong>Tabulae</strong></span> <span class='ocrx_word' id='word_1_285' title='bbox 199 3839 387 3894; x_wconf 78' lang='lat' dir='ltr'><strong>Heracleensis</strong></span> <span class='ocrx_word' id='word_1_286' title='bbox 405 3849 485 3908; x_wconf 87' lang='lat' dir='ltr'><strong>parte</strong></span> <span class='ocrx_word' id='word_1_287' title='bbox 512 3842 617 3909; x_wconf 82' lang='lat' dir='ltr'><strong>(Gostt.</strong></span> <span class='ocrx_word' id='word_1_288' title='bbox 637 3845 712 3895; x_wconf 87' lang='grc'><strong>1316.</strong></span> <span class='ocrx_word' id='word_1_289' title='bbox 730 3842 770 3908; x_wconf 83' lang='grc'><strong>3.)</strong></span> <span class='ocrx_word' id='word_1_290' title='bbox 786 3857 816 3910; x_wconf 87' lang='lat' dir='ltr'><strong>p.</strong></span> <span class='ocrx_word' id='word_1_291' title='bbox 834 3843 868 3894; x_wconf 83' lang='grc'><strong>73</strong></span> <span class='ocrx_word' id='word_1_292' title='bbox 880 3869 915 3878; x_wconf 91' lang='grc'><strong>-</strong></span> <span class='ocrx_word' id='word_1_293' title='bbox 926 3843 968 3892; x_wconf 86' lang='grc'><strong>81.</strong></span> <span class='ocrx_word' id='word_1_294' title='bbox 993 3843 1021 3891; x_wconf 89' lang='lat' dir='ltr'><strong>et</strong></span> <span class='ocrx_word' id='word_1_295' title='bbox 1038 3838 1163 3905; x_wconf 84' lang='lat' dir='ltr'><strong>saepius,</strong></span> <span class='ocrx_word' id='word_1_296' title='bbox 1187 3853 1238 3889; x_wconf 90' lang='lat' dir='ltr'><strong>nec</strong></span> <span class='ocrx_word' id='word_1_297' title='bbox 1255 3856 1311 3892; x_wconf 87' lang='lat' dir='ltr'><strong>non</strong></span> 
     </span>
     <span class='ocr_line' id='line_1_32' title="bbox 75 3921 1312 3992; baseline 0 -18"><span class='ocrx_word' id='word_1_298' title='bbox 75 3921 178 3979; x_wconf 82' lang='lat' dir='ltr'><strong>Dirlrseu</strong></span> <span class='ocrx_word' id='word_1_299' title='bbox 200 3924 276 3978; x_wconf 80' lang='lat' dir='ltr'><strong>Obcs.</strong></span> <span class='ocrx_word' id='word_1_300' title='bbox 294 3925 331 3978; x_wconf 86' lang='lat' dir='ltr'><strong>ad</strong></span> <span class='ocrx_word' id='word_1_301' title='bbox 350 3923 466 3977; x_wconf 77' lang='lat' dir='ltr'><strong>Tabulae</strong></span> <span class='ocrx_word' id='word_1_302' title='bbox 484 3925 671 3979; x_wconf 77' lang='lat' dir='ltr'><strong>Heracleensis</strong></span> <span class='ocrx_word' id='word_1_303' title='bbox 686 3927 799 3978; x_wconf 81' lang='lat' dir='ltr'><strong>Partem</strong></span> <span class='ocrx_word' id='word_1_304' title='bbox 818 3925 938 3988; x_wconf 84' lang='lat' dir='ltr'><strong>alteram,</strong></span> <span class='ocrx_word' id='word_1_305' title='bbox 951 3941 1017 3992; x_wconf 81' lang='lat' dir='ltr'><strong>qaae</strong></span> <span class='ocrx_word' id='word_1_306' title='bbox 1034 3923 1111 3990; x_wconf 66' lang='lat' dir='ltr'><strong>aalys</strong></span> <span class='ocrx_word' id='word_1_307' title='bbox 1122 3923 1192 3974; x_wconf 76' lang='lat' dir='ltr'><strong>acris</strong></span> <span class='ocrx_word' id='word_1_308' title='bbox 1207 3923 1312 3991; x_wconf 85' lang='lat' dir='ltr'><strong>Neapo-</strong></span> 
     </span>
     <span class='ocr_line' id='line_1_33' title="bbox 78 4006 1383 4079; baseline 0.005 -23"><span class='ocrx_word' id='word_1_309' title='bbox 78 4006 138 4061; x_wconf 78' lang='lat' dir='ltr'><strong>lilasi</strong></span> <span class='ocrx_word' id='word_1_310' title='bbox 152 4012 256 4063; x_wconf 80' lang='lat' dir='ltr'><strong>nomine</strong></span> <span class='ocrx_word' id='word_1_311' title='bbox 273 4011 343 4060; x_wconf 80' lang='lat' dir='ltr'><strong>venit</strong></span> <span class='ocrx_word' id='word_1_312' title='bbox 363 4009 472 4076; x_wconf 82' lang='lat' dir='ltr'><strong>(Berol.</strong></span> <span class='ocrx_word' id='word_1_313' title='bbox 493 4014 567 4063; x_wconf 82' lang='lat'><strong>1817.</strong></span> <span class='ocrx_word' id='word_1_314' title='bbox 591 4011 632 4076; x_wconf 84' lang='lat'><strong>8.)</strong></span> <span class='ocrx_word' id='word_1_315' title='bbox 653 4029 682 4079; x_wconf 86' lang='lat' dir='ltr'><strong>p.</strong></span> <span class='ocrx_word' id='word_1_316' title='bbox 702 4014 754 4064; x_wconf 77' lang='lat'><strong>203</strong></span> <span class='ocrx_word' id='word_1_317' title='bbox 767 4013 873 4062; x_wconf 71' lang='lat'>-212</span> <span class='ocrx_word' id='word_1_318' title='bbox 891 4009 980 4062; x_wconf 80' lang='lat' dir='ltr'><strong>Haud.</strong></span> <span class='ocrx_word' id='word_1_319' title='bbox 1002 4009 1146 4062; x_wconf 82' lang='lat' dir='ltr'><strong>Caeterum</strong></span> <span class='ocrx_word' id='word_1_320' title='bbox 1154 4006 1311 4076; x_wconf 81' lang='lat' dir='ltr'><strong>fundanum</strong></span> <span class='ocrx_word' id='word_1_321' title='bbox 1374 4017 1383 4026; x_wconf 88' lang='lat'><em>&#39;</em></span> 
     </span>
     <span class='ocr_line' id='line_1_34' title="bbox 76 4091 1311 4161; baseline 0.003 -19"><span class='ocrx_word' id='word_1_322' title='bbox 76 4103 165 4160; x_wconf 82' lang='lat' dir='ltr'><strong>semper</strong></span> <span class='ocrx_word' id='word_1_323' title='bbox 184 4111 245 4148; x_wconf 89' lang='lat' dir='ltr'><strong>esse</strong></span> <span class='ocrx_word' id='word_1_324' title='bbox 262 4093 420 4160; x_wconf 88' lang='lat' dir='ltr'><strong>ponendum</strong></span> <span class='ocrx_word' id='word_1_325' title='bbox 438 4107 489 4160; x_wconf 91' lang='lat' dir='ltr'><strong>pro</strong></span> <span class='ocrx_word' id='word_1_326' title='bbox 498 4093 599 4161; x_wconf 84' lang='lat' dir='ltr'><strong>suado,</strong></span> <span class='ocrx_word' id='word_1_327' title='bbox 619 4093 740 4160; x_wconf 88' lang='lat' dir='ltr'><strong>spuriam</strong></span> <span class='ocrx_word' id='word_1_328' title='bbox 758 4099 847 4146; x_wconf 86' lang='lat' dir='ltr'><strong>autem</strong></span> <span class='ocrx_word' id='word_1_329' title='bbox 866 4093 1008 4146; x_wconf 86' lang='lat' dir='ltr'><strong>lectionem</strong></span> <span class='ocrx_word' id='word_1_330' title='bbox 1025 4112 1041 4145; x_wconf 90' lang='lat' dir='ltr'><strong>e</strong></span> <span class='ocrx_word' id='word_1_331' title='bbox 1064 4091 1149 4159; x_wconf 78' lang='lat' dir='ltr'><strong>siglae</strong></span> <span class='ocrx_word' id='word_1_332' title='bbox 1167 4093 1311 4158; x_wconf 86' lang='lat' dir='ltr'><strong>cujusdam</strong></span> 
     </span>
     <span class='ocr_line' id='line_1_35' title="bbox 75 4175 1311 4246; baseline 0.002 -20"><span class='ocrx_word' id='word_1_333' title='bbox 75 4180 108 4229; x_wconf 85' lang='lat' dir='ltr'><strong>vel</strong></span> <span class='ocrx_word' id='word_1_334' title='bbox 123 4181 269 4234; x_wconf 85' lang='lat' dir='ltr'><strong>omissione</strong></span> <span class='ocrx_word' id='word_1_335' title='bbox 285 4181 329 4230; x_wconf 90' lang='lat' dir='ltr'><strong>vel</strong></span> <span class='ocrx_word' id='word_1_336' title='bbox 346 4179 415 4230; x_wconf 79' lang='lat' dir='ltr'><strong>falsa</strong></span> <span class='ocrx_word' id='word_1_337' title='bbox 432 4179 652 4244; x_wconf 87' lang='lat' dir='ltr'><strong>interpretatione</strong></span> <span class='ocrx_word' id='word_1_338' title='bbox 670 4193 729 4232; x_wconf 88' lang='lat' dir='ltr'><strong>esse</strong></span> <span class='ocrx_word' id='word_1_339' title='bbox 747 4187 849 4241; x_wconf 83' lang='lat' dir='ltr'><strong>ortam,</strong></span> <span class='ocrx_word' id='word_1_340' title='bbox 867 4177 990 4246; x_wconf 82' lang='lat' dir='ltr'><strong>nihilque</strong></span> <span class='ocrx_word' id='word_1_341' title='bbox 1007 4177 1082 4229; x_wconf 85' lang='lat' dir='ltr'><strong>aliud</strong></span> <span class='ocrx_word' id='word_1_342' title='bbox 1107 4176 1218 4228; x_wconf 92' lang='lat' dir='ltr'><strong>verbum</strong></span> <span class='ocrx_word' id='word_1_343' title='bbox 1242 4175 1311 4228; x_wconf 89' lang='lat' dir='ltr'><strong>istoc</strong></span> 
     </span>
     <span class='ocr_line' id='line_1_36' title="bbox 75 4253 1392 4332; baseline 0.001 -20"><span class='ocrx_word' id='word_1_344' title='bbox 75 4259 222 4329; x_wconf 72' lang='lat' dir='ltr'><strong>significare,</strong></span> <span class='ocrx_word' id='word_1_345' title='bbox 234 4263 289 4316; x_wconf 84' lang='lat' dir='ltr'><strong>nisi</strong></span> <span class='ocrx_word' id='word_1_346' title='bbox 305 4279 367 4316; x_wconf 87' lang='lat' dir='ltr'><strong>eum</strong></span> <span class='ocrx_word' id='word_1_347' title='bbox 381 4266 523 4330; x_wconf 85' lang='lat' dir='ltr'><strong>poputum,</strong></span> <span class='ocrx_word' id='word_1_348' title='bbox 542 4263 590 4332; x_wconf 86' lang='lat' dir='ltr'><strong>qui</strong></span> <span class='ocrx_word' id='word_1_349' title='bbox 607 4266 687 4329; x_wconf 85' lang='lat' dir='ltr'><strong>pleno</strong></span> <span class='ocrx_word' id='word_1_350' title='bbox 698 4264 762 4330; x_wconf 88' lang='lat' dir='ltr'><strong>jare</strong></span> <span class='ocrx_word' id='word_1_351' title='bbox 779 4279 811 4316; x_wconf 86' lang='lat' dir='ltr'><strong>ao</strong></span> <span class='ocrx_word' id='word_1_352' title='bbox 829 4263 950 4316; x_wconf 86' lang='lat' dir='ltr'><strong>dominio</strong></span> <span class='ocrx_word' id='word_1_353' title='bbox 964 4261 1112 4325; x_wconf 82' lang='lat' dir='ltr'><strong>Qniritium</strong></span> <span class='ocrx_word' id='word_1_354' title='bbox 1126 4262 1241 4323; x_wconf 82' lang='lat' dir='ltr'><strong>truatur,</strong></span> <span class='ocrx_word' id='word_1_355' title='bbox 1259 4261 1311 4314; x_wconf 89' lang='lat' dir='ltr'><strong>sibi</strong></span> <span class='ocrx_word' id='word_1_356' title='bbox 1389 4253 1392 4260; x_wconf 75' lang='grc'><em>“</em></span> 
     </span>
     <span class='ocr_line' id='line_1_37' title="bbox 75 4345 1311 4414; baseline 0.002 -16"><span class='ocrx_word' id='word_1_357' title='bbox 75 4359 221 4408; x_wconf 76' lang='lat' dir='ltr'><strong>persuasum</strong></span> <span class='ocrx_word' id='word_1_358' title='bbox 239 4349 320 4402; x_wconf 85' lang='lat' dir='ltr'><strong>habet</strong></span> <span class='ocrx_word' id='word_1_359' title='bbox 339 4349 369 4402; x_wconf 89' lang='lat' dir='ltr'><strong>C.</strong></span> <span class='ocrx_word' id='word_1_360' title='bbox 396 4350 426 4402; x_wconf 82' lang='lat' dir='ltr'><strong>F.</strong></span> <span class='ocrx_word' id='word_1_361' title='bbox 451 4350 482 4402; x_wconf 82' lang='lat' dir='ltr'><strong>L.</strong></span> <span class='ocrx_word' id='word_1_362' title='bbox 501 4350 612 4402; x_wconf 79' lang='lat' dir='ltr'><strong>Schultz</strong></span> <span class='ocrx_word' id='word_1_363' title='bbox 632 4348 866 4402; x_wconf 80' lang='lat' dir='ltr'><strong>Slaalswr&#39;ssencalv.</strong></span> <span class='ocrx_word' id='word_1_364' title='bbox 885 4349 933 4400; x_wconf 85' lang='lat' dir='ltr'><strong>der</strong></span> <span class='ocrx_word' id='word_1_365' title='bbox 954 4346 1101 4414; x_wconf 62' lang='lat' dir='ltr'><strong>illimem-l.</strong></span> <span class='ocrx_word' id='word_1_366' title='bbox 1119 4351 1162 4400; x_wconf 79' lang='lat'><strong>5⁷.</strong></span> <span class='ocrx_word' id='word_1_367' title='bbox 1180 4345 1246 4413; x_wconf 91' lang='lat' dir='ltr'><strong>ibiq.</strong></span> <span class='ocrx_word' id='word_1_368' title='bbox 1268 4348 1311 4400; x_wconf 87' lang='lat' dir='ltr'><strong>vel</strong></span> 
     </span>
    </p>
   </div>
   <div class='ocr_carea' id='block_1_6' title="bbox 75 4429 1509 4502">
    <p class='ocr_par' dir='ltr' id='par_1_7' title="bbox 75 4429 1509 4502">
     <span class='ocr_line' id='line_1_38' title="bbox 75 4429 1509 4502; baseline 0.001 -21"><span class='ocrx_word' id='word_1_369' title='bbox 75 4432 180 4486; x_wconf 82' lang='lat' dir='ltr'><strong>maxime</strong></span> <span class='ocrx_word' id='word_1_370' title='bbox 198 4451 224 4500; x_wconf 90' lang='lat' dir='ltr'><strong>p.</strong></span> <span class='ocrx_word' id='word_1_371' title='bbox 243 4439 302 4486; x_wconf 80' lang='lat'><strong>426.</strong></span> <span class='ocrx_word' id='word_1_372' title='bbox 320 4450 390 4502; x_wconf 77' lang='lat' dir='ltr'><strong>sqq,</strong></span> <span class='ocrx_word' id='word_1_373' title='bbox 407 4433 532 4498; x_wconf 80' lang='lat' dir='ltr'><strong>inprimis</strong></span> <span class='ocrx_word' id='word_1_374' title='bbox 550 4441 641 4486; x_wconf 87' lang='lat' dir='ltr'><strong>autem</strong></span> <span class='ocrx_word' id='word_1_375' title='bbox 660 4434 694 4484; x_wconf 87' lang='lat' dir='ltr'><strong>de</strong></span> <span class='ocrx_word' id='word_1_376' title='bbox 707 4433 825 4498; x_wconf 84' lang='lat' dir='ltr'><strong>Savigny</strong></span> <span class='ocrx_word' id='word_1_377' title='bbox 844 4433 872 4484; x_wconf 90' lang='lat' dir='ltr'><strong>in</strong></span> <span class='ocrx_word' id='word_1_378' title='bbox 890 4433 915 4484; x_wconf 93' lang='lat' dir='ltr'><strong>d.</strong></span> <span class='ocrx_word' id='word_1_379' title='bbox 935 4431 1062 4484; x_wconf 80' lang='lat' dir='ltr'><strong>Zeitsclrr.</strong></span> <span class='ocrx_word' id='word_1_380' title='bbox 1073 4429 1102 4498; x_wconf 83' lang='lat' dir='ltr'><strong>s.</strong></span> <span class='ocrx_word' id='word_1_381' title='bbox 1118 4430 1205 4498; x_wconf 76' lang='lat' dir='ltr'><strong>pescle.</strong></span> <span class='ocrx_word' id='word_1_382' title='bbox 1219 4431 1254 4482; x_wconf 81' lang='lat' dir='ltr'><strong>R.</strong></span> <span class='ocrx_word' id='word_1_383' title='bbox 1272 4431 1311 4488; x_wconf 81' lang='lat' dir='ltr'><strong>W.</strong></span> <span class='ocrx_word' id='word_1_384' title='bbox 1395 4481 1397 4483; x_wconf 83' lang='lat'><strong>.</strong></span> <span class='ocrx_word' id='word_1_385' title='bbox 1505 4451 1509 4462; x_wconf 73' lang='lat'><strong><em>¹</em></strong></span> 
     </span>
    </p>
   </div>
   <div class='ocr_carea' id='block_1_7' title="bbox 76 4514 1315 4673">
    <p class='ocr_par' dir='ltr' id='par_1_8' title="bbox 76 4514 1315 4673">
     <span class='ocr_line' id='line_1_39' title="bbox 76 4514 1313 4586; baseline -0.002 -17"><span class='ocrx_word' id='word_1_386' title='bbox 76 4514 101 4566; x_wconf 77' lang='grc' dir='ltr'><strong>Τ.</strong></span> <span class='ocrx_word' id='word_1_387' title='bbox 117 4518 166 4570; x_wconf 84' lang='grc' dir='ltr'><strong>ΙΧ.</strong></span> <span class='ocrx_word' id='word_1_388' title='bbox 183 4535 211 4584; x_wconf 89' lang='lat' dir='ltr'><strong>p.</strong></span> <span class='ocrx_word' id='word_1_389' title='bbox 228 4522 281 4570; x_wconf 73' lang='grc'><strong>306</strong></span> <span class='ocrx_word' id='word_1_390' title='bbox 293 4547 324 4558; x_wconf 89' lang='grc'><strong>-</strong></span> <span class='ocrx_word' id='word_1_391' title='bbox 339 4521 399 4572; x_wconf 84' lang='grc'><strong>303.</strong></span> <span class='ocrx_word' id='word_1_392' title='bbox 418 4533 445 4584; x_wconf 89' lang='lat' dir='ltr'><strong>p.</strong></span> <span class='ocrx_word' id='word_1_393' title='bbox 464 4521 524 4571; x_wconf 78' lang='grc'><strong>337.</strong></span> <span class='ocrx_word' id='word_1_394' title='bbox 543 4533 584 4586; x_wconf 88' lang='lat' dir='ltr'><strong>sq.</strong></span> <span class='ocrx_word' id='word_1_395' title='bbox 602 4525 630 4569; x_wconf 90' lang='lat' dir='ltr'><strong>et</strong></span> <span class='ocrx_word' id='word_1_396' title='bbox 646 4516 716 4570; x_wconf 80' lang='lat' dir='ltr'><strong>inira</strong></span> <span class='ocrx_word' id='word_1_397' title='bbox 727 4519 748 4586; x_wconf 65' lang='lat' dir='ltr'><strong>t.</strong></span> <span class='ocrx_word' id='word_1_398' title='bbox 770 4521 827 4570; x_wconf 79' lang='lat'><strong>120.</strong></span> <span class='ocrx_word' id='word_1_399' title='bbox 846 4521 900 4568; x_wconf 92' lang='lat' dir='ltr'><strong>not.</strong></span> <span class='ocrx_word' id='word_1_400' title='bbox 916 4531 931 4565; x_wconf 93' lang='lat' dir='ltr'><strong>e</strong></span> <span class='ocrx_word' id='word_1_401' title='bbox 949 4515 977 4570; x_wconf 84' lang='lat' dir='ltr'><strong>in</strong></span> <span class='ocrx_word' id='word_1_402' title='bbox 995 4515 1089 4569; x_wconf 75' lang='lat' dir='ltr'><strong>tVid.</strong></span> <span class='ocrx_word' id='word_1_403' title='bbox 1105 4520 1195 4565; x_wconf 84' lang='lat' dir='ltr'><strong>tamen</strong></span> <span class='ocrx_word' id='word_1_404' title='bbox 1208 4517 1313 4568; x_wconf 84' lang='lat' dir='ltr'><strong>Kteuze</strong></span> 
     </span>
     <span class='ocr_line' id='line_1_40' title="bbox 78 4595 1315 4673; baseline -0.004 -20"><span class='ocrx_word' id='word_1_405' title='bbox 78 4595 128 4652; x_wconf 80' lang='lat' dir='ltr'><strong>lrr’t.</strong></span> <span class='ocrx_word' id='word_1_406' title='bbox 147 4601 325 4656; x_wconf 80' lang='lat' dir='ltr'><strong>Plcatarr&#39;cea</strong></span> <span class='ocrx_word' id='word_1_407' title='bbox 342 4607 413 4658; x_wconf 77' lang='lat' dir='ltr'><strong>circes</strong></span> <span class='ocrx_word' id='word_1_408' title='bbox 427 4611 515 4673; x_wconf 83' lang='lat' dir='ltr'><strong>praet.</strong></span> <span class='ocrx_word' id='word_1_409' title='bbox 534 4601 733 4656; x_wconf 69' lang='lat' dir='ltr'><strong>Staabmoaacs</strong></span> <span class='ocrx_word' id='word_1_410' title='bbox 750 4601 839 4667; x_wconf 84' lang='lat' dir='ltr'><strong>(Bert.</strong></span> <span class='ocrx_word' id='word_1_411' title='bbox 859 4601 950 4667; x_wconf 83' lang='grc'><strong>1334.)</strong></span> <span class='ocrx_word' id='word_1_412' title='bbox 969 4617 994 4668; x_wconf 88' lang='lat' dir='ltr'><strong>p.</strong></span> <span class='ocrx_word' id='word_1_413' title='bbox 1013 4605 1056 4653; x_wconf 82' lang='grc'><strong>32.</strong></span> <span class='ocrx_word' id='word_1_414' title='bbox 1075 4615 1115 4667; x_wconf 80' lang='lat' dir='ltr'><strong>sq.</strong></span> <span class='ocrx_word' id='word_1_415' title='bbox 1136 4597 1221 4651; x_wconf 77' lang='lat' dir='ltr'><strong>Milli.</strong></span> <span class='ocrx_word' id='word_1_416' title='bbox 1309 4657 1315 4668; x_wconf 33' lang='grc' dir='ltr'>ι</span> 
     </span>
    </p>
   </div>
   <div class='ocr_carea' id='block_1_8' title="bbox 0 0 1542 5164">
    <p class='ocr_par' dir='ltr' id='par_1_9' title="bbox 0 0 1542 5164">
     <span class='ocr_line' id='line_1_41' title="bbox 0 0 1542 5164; baseline 0 0"><span class='ocrx_word' id='word_1_417' title='bbox 0 0 1542 5164; x_wconf 95' lang='lat' dir='ltr'><strong> </strong></span> 
     </span>
    </p>
   </div>
  </div>
 </body>
</html>
