3056 5168
631 383 712 476 ῑμ
735 381 798 454 tv.
824 353 911 456 ππ.
931 381 1046 454 nvn.

805 559 882 644 59.
1521 607 1522 618 ,

617 675 728 730 aba
743 677 848 730 istem
861 675 927 746 quid
943 675 1067 744 eqeriat?
1521 659 1522 726 l

297 777 452 862 Iudices,
474 776 608 863 quaudo
630 776 813 841 audiebant
834 785 962 860 partes,
982 775 1181 839 dicebantur
1203 791 1344 838 ornnsis
1365 791 1468 839 nm:
1521 831 1522 838 ,

214 883 1036 970 n18.preen.d«1uauunlaprm.n.de
1054 884 1467 946 rossemanum

216 993 369 1077 Gujacius
395 992 570 1057 ouem.
595 992 632 1056 V.
653 991 706 1054 33.
737 990 845 1068 Qum
870 990 1045 1054 molestum
1066 1011 1148 1052 vero
1173 989 1276 1052 fuerit
1290 989 1467 1073 judicibus,

214 1109 410 1188 perorantes
424 1098 540 1162 audire
554 1107 720 1181 oratores,
734 1107 771 1161 et
791 1119 888 1183 quam
903 1120 1018 1184 parum
1033 1117 1134 1180 saepe
1151 1096 1194 1160 ad
1209 1117 1262 1176 ea,
1276 1117 1370 1180 quae
1386 1097 1467 1158 dice·

216 1210 351 1288 bantur,
366 1204 590 1288 attenderint,
612 1205 713 1269 facile
725 1213 819 1290 patet
840 1226 884 1268 ex
905 1205 983 1270 loco
999 1205 1037 1268 G.
1053 1203 1138 1267 Titii
1159 1203 1248 1287 apud
1263 1203 1468 1266 Macrobiun

216 1315 382 1378 Saturast.
396 1315 440 1375 IL
454 1313 505 1375 12
532 1313 668 1375 Vemiou
690 1317 725 1374 sir
745 1315 901 1374 carduum
921 1317 1044 1385 tristes,
1060 1312 1177 1392 jubent
1194 1312 1321 1372 dicere.-
1342 1331 1469 1392 quorun

215 1425 376 1506 negatum
392 1429 457 1494 est,
472 1421 593 1482 munt.
613 1401 719 1482 sudes
734 1429 829 1481 oses
844 1423 955 1502 psas,
975 1423 1063 1501 nm
1079 1422 1104 1478 a
1121 1421 1291 1478 mesum.-
1313 1418 1372 1477 uss
1386 1418 1469 1488 rear,

216 1535 265 1593 es
282 1550 317 1592 so
337 1532 442 1592 ommis
461 1528 637 1590 manuae.-
657 1528 783 1589 tudulus
798 1529 917 1609 poscit.-
937 1528 1061 1587 litteras
1081 1527 1291 1606 &epidauria
1306 1529 1468 1605 praesim

217 1639 352 1700 sustinet
366 1636 546 1718 palpebras.
567 1633 637 1698 Sed
658 1633 742 1698 baec
764 1634 903 1698 forsitan
924 1631 968 1696 de
989 1631 1065 1696 laxa
1091 1629 1313 1714 posteriorum
1343 1640 1469 1715 tempo·

217 1765 289 1810 rum
304 1741 480 1827 disciplina
499 1739 721 1840 intelligenda
736 1751 820 1806 sunt.

792 1890 823 1972 5.
843 1888 896 1953 10.

707 2006 823 2059 Tertium
834 2004 987 2075 productio.
1521 2079 1522 2082 Ἴ

301 2105 439 2172 Interim
455 2103 675 2170 audiebantur
693 2108 792 2170 etiam
814 2114 927 2186 testes,
942 2112 978 2167 et
999 2103 1144 2188 quidem,
1162 2123 1231 2166 non
1245 2102 1386 2167 remotis
1400 2123 1469 2186 par-
1521 2105 1522 2184 ξ

218 2214 326 2298 tibus,
348 2223 386 2280 ut
404 2211 507 2278 bodie
523 2213 596 2276 fieri
614 2214 719 2296 solet,
735 2235 779 2276 ex
794 2211 880 2278 male
902 2212 1075 2276 intellecta
1097 2210 1338 2275 constitutione
1348 2209 1469 2274 -Leonis

219 2323 258 2386 L.
272 2322 324 2386 14.
341 2321 374 2385 0.
388 2321 429 2384 de
449 2321 598 2385 Testsbus.
619 2320 672 2385 Ibi
689 2321 775 2385 enim
797 2325 1003 2384 secretarium
1018 2328 1152 2382 nonest
1171 2317 1277 2397 locius,
1300 2317 1362 2380 ubi
1375 2326 1468 2381 testes
1521 2329 1522 2370 l

220 2438 366 2512 secreto,
383 2436 418 2493 et
438 2429 574 2492 remotis
595 2430 760 2512 partibus,
782 2427 976 2518 audiuntur,
991 2426 1049 2490 sed
1070 2425 1181 2508 locus,
1202 2424 1324 2507 inquo
1341 2425 1467 2509 judices

218 2536 391 2626 postremis
409 2535 612 2621 temporibus
629 2557 756 2599 caussas
767 2536 1023 2622 cognoscebant,
1038 2541 1075 2598 ut
1090 2539 1219 2597 constat
1233 2512 1277 2594 ex
1290 2532 1468 2616 Hesycbio,

221 2647 255 2710 in
273 2665 356 2709 voce
374 2647 541 2723 Σέκρετον,
562 2641 636 2723 vel,
651 2651 688 2707 ut
704 2642 880 2726 Salmasius
902 2641 1037 2723 mavult,
1060 2645 1217 2724 σὲκρητον,
1239 2639 1297 2722 qui
1313 2639 1351 2702 id
1374 2641 1464 2704 inter-

145 2825 149 2832 ,
219 2757 370 2839 pretatur
393 2747 568 2833 συνέδριον,
595 2758 630 2813 et
652 2749 756 2813 Suida
777 2749 836 2814 sub
853 2747 989 2836 Στήλην.
1017 2748 1120 2811 Plura
1147 2745 1190 2807 dc
1211 2743 1276 2808 hoc
1303 2752 1466 2810 secretorio

164 2847 169 2856 ’
215 2855 382 2947 judicum,
412 2859 509 2937 (nam
541 2864 576 2921 et
597 2861 800 2922 secretarium
827 2857 954 2922 eratin
979 2855 1144 2932 ecclesiis,
1173 2853 1229 2917 ubi
1254 2854 1418 2939 Episcopi
1438 2861 1466 2917 et
1521 2857 1522 2886 ¹

219 2963 413 3051 Presbyteri
426 2963 598 3029 audiendis
614 2963 747 3028 fratrum
766 2965 911 3054 negotiis
926 2964 1106 3029 vacabant:
1117 2959 1282 3046 Sulpicius
1299 2962 1378 3026 Ser.
1390 2965 1464 3023 Did

220 3076 263 3138 ΙΙ.
278 3074 308 3136 1.
323 3075 424 3156 Epist.
443 3071 473 3135 l.
494 3081 528 3136 et
548 3071 596 3153 3.)
626 3075 815 3138 observavit
836 3073 941 3137 Henr.
964 3071 1117 3137 Valesius
1140 3068 1184 3130 ud
1199 3071 1369 3132 Ammiani
1385 3071 1464 3131 Mur·

221 3182 326 3246 sellim·
343 3179 465 3242 Iterum
482 3190 602 3264 gestor.
618 3180 691 3243 XV.
707 3180 736 3243 7.
751 3203 785 3264 p.
804 3179 855 3242 69.
874 3189 910 3244 et
925 3179 1147 3262 Gundlingius
1167 3175 1206 3242 in
1226 3176 1464 3259 Gundb'ngs'um's
1521 3149 1522 3168 Χ

221 3290 313 3352 Part.
329 3287 385 3350 IX.
407 3288 579 3351 Obseroott.
594 3287 650 3350 IV.
671 3288 787 3351 Potius
801 3285 945 3352 Romani
966 3285 1204 3372 producentem
1221 3292 1330 3348 testes
1345 3301 1461 3364 semper

221 3395 336 3460 adesse
357 3394 578 3479 patiebantur,
594 3403 631 3458 ut
653 3415 710 3458 eos
731 3395 954 3481 interrogaret
967 3395 1014 3476 ¹¹).
1035 3393 1164 3472 Quibus
1177 3392 1212 3454 in
1233 3390 1465 3476 interrogatio·

221 3503 317 3568 nibus
341 3502 519 3588 praecipue
541 3501 696 3568 elucebat
720 3512 884 3568 oratorum
908 3502 1067 3568 sollertia.
1095 3501 1210 3592 Saepe
1231 3499 1312 3563 loco
1341 3499 1467 3564 testium

186 3669 188 3674 .
221 3609 356 3675 tabulae
378 3610 661 3695 producebantur,
683 3617 720 3672 ut
739 3610 821 3675 fides
841 3611 938 3676 fieret
952 3609 1076 3695 judici:
1099 3608 1218 3672 Cicero
1246 3608 1339 3670 Orat.
1352 3628 1415 3690 pro
1435 3607 1467 3684 Q.

222 3720 332 3783 Roscio
349 3719 496 3782 Comoedo
510 3722 576 3782 insi.
592 3715 722 3782 Gellius
736 3718 841 3784 Noott.
857 3719 923 3780 Ast.
940 3717 1030 3780 XIV.
1044 3715 1075 3780 2.

814 3866 894 3929 .11.

588 3981 724 4038 &utentia
741 3867 860 4052 cjusdicc
877 3982 1005 4052 quomodo
1023 3981 1099 4034 luto?
1155 4043 1158 4050 Α

305 4082 427 4148 Caussa
440 4083 571 4148 demum
584 4084 755 4169 utrimque
775 4091 941 4168 perorata,
963 4092 1039 4168 post
1050 4081 1221 4146 meridiem
1244 4076 1389 4142 ferenda
1403 4083 1472 4138 erat

224 4193 395 4290 sententia.
416 4191 469 4255 Its
492 4185 579 4262 'enim
602 4191 711 4255 denuo
733 4190 910 4277 legebatur
930 4189 964 4253 in
987 4189 1062 4253 XII
1083 4187 1238 4252 Tabulis:
1259 4201 1348 4249 ποετ
1374 4201 1473 4246 ntum·

293 4403 325 4474 t)
345 4407 483 4462 Ferratius
508 4407 576 4476 bbp.
595 4411 618 4458 1.
638 4407 664 4458 ³.
687 4410 714 4457 et
736 4407 821 4459 Hem.
845 4403 931 4460 Mich.
949 4401 1123 4457 Hebeustreit
1146 4403 1197 4456 Pr.
1216 4401 1248 4452 ds
1265 4399 1473 4468 immoyatioae

224 4489 324 4575 testium
341 4492 369 4544 in
392 4497 500 4545 secreto.
523 4489 732 4556 bipalmos.
755 4487 842 4544 Haud.
870 4491 912 4545 ct.
930 4485 1110 4544 Mittermuier
1135 4483 1258 4562 Arcbs.
1276 4483 1346 4536 cirri.
1366 4485 1422 4536 Pr.
1442 4481 1472 4532 Υ.

224 4587 250 4638 p.
267 4577 310 4628 70.
326 4589 385 4643 sqq.
403 4573 509 4630 Mittit.-
