3062 5164
342 441 361 460 ,p
452 375 507 444 lla
531 373 649 444 &aaa
673 354 961 445 Pnandamonun.
1257 381 1329 448 329

60 555 167 616 Aelia·
180 552 356 634 Laurpridia‘
369 553 461 612 Alea.
479 554 547 614 See.
564 573 589 614 c.
607 552 636 612 ὃ.
653 551 676 616 J
678 551 784 615 astell.
805 553 847 616 ad
866 552 1045 643 Camlll'acl.
1060 556 1142 618 uuio.
1161 553 1217 615 IV.
1231 574 1265 634 p.
1278 551 1330 614 95.

66 661 164 722 Tem.
182 660 206 720 I.
225 661 285 722 ΕΖ.
304 657 478 743 Spanbem.
494 660 557 721 orb.
573 659 662 722 Rom.
679 660 795 722 Eaerc.
813 661 854 722 ΙΙ.
875 682 901 722 a.
917 659 948 721 7.
971 660 1107 743 Exque
1126 680 1207 723 vero
1223 660 1244 722 J
1247 661 1328 724 usti-

60 767 192 830 nianus
210 768 311 830 etiam
325 766 500 830 libertinos
515 765 659 830 civitatis
674 765 846 832 Romanae
867 767 949 830 fecit
966 767 1160 851 participes:
1180 768 1329 842 exolevit

63 897 185 960 paene
202 875 454 960 peregrinorum
475 895 613 956 nomen,
630 873 796 961 totiusque
819 875 907 940 orbis
922 875 1053 940 incolae
1069 876 1104 938 in
1119 877 1277 938 Romanos
1295 883 1329 938 et

6 1029 10 1070 ι
63 984 242 1046 Barbarae
266 982 363 1048 divisi
384 991 475 1064 sunt,
491 1003 573 1066 quos
590 981 677 1047 solos
698 1005 763 1046 una
784 1004 856 1047 cum
879 984 980 1048 servis
1004 983 1038 1047 in
1062 1005 1100 1046 eo
1120 986 1213 1046 uacca
1235 986 1329 1045 latrice
1424 991 1426 997 '

66 1092 187 1154 mundi
199 1095 324 1153 civitate
332 1095 546 1174 peragrabam,
563 1089 643 1154 dicit
659 1090 815 1156 Sidonius
831 1094 930 1174 Epist.
947 1093 973 1154 Ι.
989 1091 1020 1154 6.
1043 1089 1327 1168 Quemadmodum

69 1220 156 1284 ergo
172 1221 290 1262 omues
306 1198 449 1262 Romani
469 1199 606 1282 Imperii
629 1199 820 1282 provinciae
837 1201 1008 1262 Romauiae
1027 1197 1191 1264 vocabulo
1214 1198 1328 1262 venie-

70 1307 172 1370 bant:
204 1306 253 1369 ita
278 1308 430 1392 reliquae
453 1315 562 1371 terrae
587 1305 821 1390 dicebantura}
844 1305 1016 1393 βάρβαρος,
1040 1307 1095 1372 vel
1115 1307 1328 1378 barbaricam,
1390 1363 1392 1366 .

71 1414 195 1478 eadem
214 1415 337 1497 forma,
353 1436 419 1501 qua
433 1424 564 1479 veteres
584 1414 695 1479 dicere
716 1414 869 1481 solebant
886 1416 1050 1489 boeticum,
1061 1423 1231 1497 pacatum,
1254 1413 1330 1474 Viu-

72 1523 224 1596 delicam,
241 1521 410 1600 Noricum,
430 1525 594 1596 Celtarum,
618 1526 777 1598 Getr‘aam,
797 1533 833 1588 ut
848 1523 1018 1606 praeclare
1041 1521 1156 1588 docuit
1168 1521 1223 1584 lo.
1239 1518 1328 1582 Frid.

78 1627 224 1693 Gronov.
247 1631 318 1693 Ode.
334 1632 377 1693 ΙΙ.
394 1630 423 1697 8.
433 1653 468 1713 p·
486 1630 559 1694 233.

638 1782 667 1864 §.
692 1781 763 1844 135.

198 1900 201 1909 ’
322 1897 477 1964 Pereyriar'e
494 1897 522 1949 la
540 1894 606 1948 arbe
625 1897 745 1950 Praetor
762 1897 903 1967 mafflclmr'c
911 1899 962 1968 jus
981 1896 1088 1952 dicebat.

158 1996 282 2062 Libera
299 1995 405 2060 adhuc
427 1996 598 2083 republica
612 1998 725 2082 paullo
749 2000 862 2063 durior
884 2008 955 2063 erat
977 1998 1226 2084 peregrinorum
1249 2015 1329 2059 con-

70 2092 170 2166 ditio.
193 2103 331 2168 Versari
347 2105 479 2190 quidem
501 2106 536 2168 in
552 2106 634 2170 urbe
649 2114 823 2191 poterant,
840 2107 975 2184 sedita,
998 2116 1034 2171 ut
1050 2108 1197 2192 sejuncta
1213 2127 1232 2168 a
1248 2103 1329 2166 civi—

72 2210 134 2274 bus
152 2219 241 2275 esset
254 2213 288 2276 in
310 2214 504 2298 peregrinos
520 2213 718 2298 jurisdictio.
740 2214 881 2278 Praeter
903 2215 1061 2277 urbanum
1086 2214 1172 2276 enim
1188 2212 1328 2298 Praeto-

71 2343 146 2383 rem
170 2321 252 2383 alius
268 2341 401 2406 quoque
418 2328 506 2398 erat,
522 2322 716 2406 peregrinus
732 2321 854 2400 dietus,
870 2322 926 2406 qui
942 2322 1012 2406 juri
1033 2321 1122 2384 inter
1134 2320 1329 2404 peregrinos

73 2436 112 2490 et
129 2428 219 2490 cives
235 2428 375 2493 dicundo
396 2439 563 2514 praeerat:
579 2430 617 2491 I..
632 2429 662 2492 2.
678 2429 706 2510 §.
721 2427 772 2492 28.
788 2432 829 2491 D.
851 2431 889 2491 de
900 2431 994 2510 'Orig.
1005 2431 1076 2512 jar.
1101 2428 1239 2492 Crestus
1262 2427 1329 2510 pri-

74 2557 160 2598 mum
187 2545 237 2600 est
257 2536 298 2598 A.
314 2537 356 2600 U.
372 2538 408 2600 G.
424 2555 481 2602 ux.
497 2542 602 2630 t‘)‚lut
624 2544 739 2600 auctor
758 2545 808 2600 est
828 2536 918 2600 Flor.
934 2539 1017 2619 Epic.
1039 2538 1106 2600 Lm.
1125 2535 1215 2597 XIX.
1237 2535 1330 2598 Inter

77 2645 234 2707 urbanum
251 2662 333 2710 vero
354 2621 390 2710 el
409 2646 620 2730 peregrinum
636 2647 830 2709 Praetorem
846 2667 945 2730 quum
962 2645 1064 2726 aliae,
1080 2651 1148 2707 tum
1166 2642 1230 2706 hae
1246 2663 1329 2726 quo·

84 2773 142 2835 que
164 2760 264 2816 erant
280 2753 507 2838 differentiae,
532 2753 627 2840 quod
643 2754 702 2817 ille
725 2753 789 2817 hoc
808 2761 880 2816 erat
896 2753 1108 2833 honoratior,
1130 2749 1219 2836 quod
1242 2748 1330 2833 apud

80 2859 167 2922 illum
186 2861 268 2944 lege
285 2861 340 2946 agi
354 2870 503 2946 poterat,
520 2862 607 2946 apud
629 2861 715 2924 hunc
736 2883 803 2926 non
820 2868 970 2946 poterat,
986 2869 1023 2924 ut
1039 2860 1169 2922 erudite
1185 2839 1330 2921 ostendit

78 2968 190 3030 Frane.
213 2967 395 3033 Hotoman.
414 2972 453 3032 ele
474 2971 621 3052 Magislr.
638 2972 727 3033 Rom.
744 2969 927 3052 p.121.r).
949 2967 1110 3030 Eumdem
1130 2964 1273 3030 edictum
1295 2965 1328 3028 in

83 3075 157 3138 albo
178 3096 369 3161 proponere
394 3079 620 3160 consuevisse,
641 3077 731 3162 quod
751 3086 854 3161 negat
876 3075 965 3139 idem
987 3075 1210 3156 Hotomanus,
1234 3093 1331 3155 supra

81 3205 135 3246 suo
150 3183 228 3248 loco
249 3209 268 3248 a
283 3184 379 3248 nobis
394 3185 651 3250 demonstratum
668 3192 726 3248 est.

645 3361 673 3440 ς.
697 3359 768 3423 lau.

484 3476 570 3545 Saepe
589 3494 622 3528 aa
640 3475 705 3529 urbe
724 3474 931 3546 expellebantur.

156 3592 296 3656 Deinde
318 3593 352 3655 in
374 3595 455 3668 urbe
476 3593 610 3678 quidem
631 3593 828 3658 babitabant
851 3589 1033 3678 peregrini:
1053 3589 1115 3658 ¹sed
1130 3591 1235 3654 veluti
1254 3611 1332 3674 pre·
1362 3657 1365 3662 ,

77 3701 176 3764 cario.
200 3700 302 3764 Unde
318 3721 419 3784 saepe
434 3701 678 3785 magistratuum
696 3702 833 3784 arbitrio
850 3702 930 3764 urbe
948 3697 1078 3782 expulsi
1093 3705 1176 3761 sunt.
1197 3698 1251 3760 Sic
1261 3699 1330 3781 jam

77 3810 115 3870 Α.
132 3809 174 3872 U.
196 3808 402 3872 U.ucxxvr1.
421 3809 614 3893 peregrinos
637 3831 749 3874 omnes
771 3812 852 3873 urbe
869 3807 1034 3870 excedere
1051 3808 1195 3892 jusserat
1209 3806 1255 3866 M.
1271 3807 1293 3868 J
1296 3829 1332 3868 u-

80 3917 145 3980 nius
161 3917 320 3998 Pennus,
342 3915 508 3979 Tribunus
523 3917 649 4000 plebis,
672 3919 762 4001 cujus
783 3916 869 4000 legis
884 3917 1008 3979 mentio
1024 3915 1061 3978 fit
1077 3912 1163 3998 apud
1181 3911 1331 3975 Ciceron.

80 4025 116 4084 de
131 4026 223 4107 Offz'e.
241 4025 300 4084 III.
316 4022 365 4084 11.
379 4024 413 4086 in
431 4026 527 4086 Brut.
547 4046 572 4086 c.
588 4025 639 4088 28.
656 4034 691 4089 et
705 4027 838 4089 Festum
856 4027 914 4089 suh
931 4044 1014 4088 voce
1030 4023 1205 4102 respublica
1217 4043 1247 4102 p.
1260 4020 1332 4081 407.

77 4130 227 4193 Similem
251 4131 361 4216 legem
377 4130 418 4192 A.
434 4130 476 4193 U.
493 4131 530 4194 C.
546 4149 757 4197 ucnxxxvrn.
776 4132 814 4195 L.
832 4132 933 4196 Cotta
949 4131 1035 4195 etl..
1052 4129 1225 4216 Torquato
1242 4127 1332 4190 Coss.

145 4389 179 4453 p)
200 4386 255 4437 Vel
274 4385 364 4451 potius
382 4386 473 4438 DVII.
492 4386 556 4440 Vid.
575 4404 645 4456 qaae
663 4388 818 4442 notavimus
833 4389 876 4440 ad.
888 4389 909 4455 ς.
921 4391 963 4441 20.
979 4386 1032 4440 Tit
1045 4387 1080 4438 Il.
1093 4384 1150 4450 huj.
1163 4382 1233 4434 libri.
1246 4380 1332 4434 Miilrl.

145 4473 179 4539 q)
200 4470 266 4523 vid.
285 4471 349 4538 Gaji
365 4473 425 4524 inst.
442 4472 495 4525 IV.
516 4476 573 4527 104.
593 4477 650 4527 105.
668 4480 695 4526 ct
713 4474 747 4525 cl.
767 4473 801 4524 de
820 4472 938 4539 Savigny
956 4472 986 4526 in
1010 4473 1037 4524 d.
1057 4469 1185 4522 Zeitsclr.
1199 4468 1229 4536 f.
1245 4467 1332 4536 pescle.
1524 4489 1525 4558 p

79 4558 113 4609 R.
139 4557 182 4608 W.
205 4555 235 4608 Τ.
254 4555 312 4608 ΙΧ.
326 4573 355 4624 p.
374 4561 433 4610 336.
452 4556 539 4657 Mill.
1116 4608 1119 4612 ,
1385 4591 1387 4594 -
1524 4581 1525 4662 p
