3080 5154
400 355 455 424 lin
478 357 577 424 Lnen
602 357 684 427 Fus.
711 355 799 428 Gan.
825 355 938 428 'l'onm

363 510 368 517 ’
630 535 659 615 s.
679 533 711 596 4.

294 650 341 702 An
359 666 389 702 ea
407 650 444 701 ad
459 649 674 702 manumissiones
691 651 761 704 ister
778 652 848 704 vivos
861 651 1042 719 pertritum-it!

124 749 409 826 Quemadmodum
433 769 514 812 vero
537 749 620 814 haec
641 749 699 814 lex
724 751 766 814 ad
789 749 876 814 solas
901 752 1170 818 manumissiones
1194 763 1296 821 testa·

57 858 216 921 mentarias
238 859 445 942 pertinebat:
473 858 520 920 ita
540 858 629 922 inter
649 859 743 922 vivos
765 861 916 944 integrae
942 859 1089 924 familiae
1111 864 1296 928 manumitti

58 974 207 1050 poterant,
226 966 289 1028 nisi
306 965 393 1030 aliae
407 965 501 1050 leges
518 968 705 1030 obstarent:
721 965 797 1051 Gaj.
813 969 891 1028 Inst.
901 969 927 1029 Ι.
939 966 967 1027 1.
980 967 1010 1028 l.
1023 967 1065 1046 (Ι.
1078 969 1160 1050 44.).
1175 970 1295 1054 Neque

57 1075 129 1136 enim
143 1073 325 1137 verendum
350 1083 422 1138 erat
437 1083 502 1138 tam
519 1076 629 1155 facile,
645 1095 688 1138 ne
705 1075 777 1158 quis
785 1076 878 1158 justo
894 1084 979 1140 esset
992 1074 1173 1139 liberalior.
1197 1077 1295 1140 Unde

57 1183 124 1244 mira
137 1181 199 1245 fuit
215 1181 323 1244 Tacit
340 1182 422 1265 Imp.
438 1182 577 1267 religio,
594 1181 651 1267 qui
666 1184 857 1254 manumisit,
876 1185 962 1244 intra
976 1194 1100 1248 oentrcm
1117 1193 1237 1258 tamen,
1256 1205 1297 1247 m

59 1290 206 1351 Ganinmm
225 1291 364 1351 tramite
384 1291 553 1354 vsiierstur.
578 1290 711 1376 liopiso.
731 1291 764 1348 in
788 1289 884 1350 Tacit.
908 1290 958 1352 10.
980 1291 1073 1375 q'uasi
1092 1289 1231 1354 Caninia
1253 1289 1296 1354 ad

57 1395 311 1460 manumissiones
326 1396 521 1461 interrivos
536 1397 760 1482 pertinuisset.

627 1549 656 1632 ς.
678 1549 708 1611 5.

229 1664 304 1722 Quid
310 1663 436 1730 sechem,
453 1667 477 1724 si
488 1665 583 1734 plures
600 1663 767 1724 manumissi,
785 1682 863 1733 quam
882 1665 924 1717 iss
939 1666 1113 1733 permitteret.

126 1766 159 1828 Si
175 1765 304 1850 plures,
321 1786 419 1849 quam
435 1766 492 1829 lex
507 1767 719 1852 permiserat,
736 1775 845 1830 essent
861 1765 1064 1829 manumissi:
1083 1767 1135 1831 illi
1158 1775 1296 1846 tantum,

58 1874 103 1958 qui
117 1873 240 1958 priores
257 1882 352 1936 erant
364 1871 534 1957 nominati,
548 1881 604 1938 aut
620 1883 711 1938 certe
727 1874 895 1959 descripti,
906 1872 1095 1937 libertatem
1111 1896 1294 1962 conseque·

59 1984 167 2045 bantur.
191 1982 227 2045 Si
243 1979 354 2064 plures
370 1982 567 2056 manumissi,
583 2003 681 2046 nemo
697 1982 883 2045 nominatus
894 1991 952 2045 aut
967 1982 1166 2066 descriptus:
1181 2005 1294 2047 omnes

60 2088 86 2152 in
99 2090 204 2153 servili
220 2087 415 2152 conditione
430 2091 678 2174 permanebant
694 2089 793 2167 Quod
806 2099 841 2152 et
854 2099 931 2153 tuno
947 2091 1136 2170 eveniebat,
1151 2091 1177 2153 si
1193 2097 1295 2154 testa-

60 2200 143 2261 torin
158 2197 307 2262 fraudem
328 2195 413 2282 legis
430 2199 564 2261 nomina
580 2218 747 2260 servorum
768 2198 800 2258 in
823 2199 903 2259 orbe
926 2198 1024 2260 tereti
1048 2205 1105 2260 aut
1126 2197 1295 2274 διεξοδικῶς

60 2306 236 2390 scripsisset:
254 2304 540 2390 Gajilmt.1.1.2.
555 2307 596 2384 (l.
608 2305 676 2386 46.)
690 2325 786 2388 quem
801 2303 966 2367 scribendi
981 2303 1112 2366 modum
1124 2302 1295 2387 praeclare

60 2415 181 2497 exponit
199 2413 324 2476 Merill.
346 2416 416 2476 Obs.
446 2415 516 2475 VII.
536 2413 587 2474 40.
609 2417 639 2495 ⁰)
672 2410 733 2498 [et
756 2411 877 2475 rectius
909 2410 1015 2475 adhuc
1043 2409 1226 2496 Schulting.
1252 2409 1297 2472 ad
1381 2409 1387 2420 '

63 2519 367 2607 tajilnst.1.1.2.]
495 2525 497 2530 ’
611 2518 616 2522 ’

624 2661 654 2743 5.
676 2659 706 2724 o.

350 2777 399 2830 'An
412 2777 563 2846 prudenter
580 2793 639 2828 eam
656 2776 792 2830 mtuierit
803 2776 981 2834 lastinianus.

127 2878 304 2942 Enimvero
319 2878 403 2942 banc
420 2898 553 2963 quoque
571 2877 698 2962 legem,
714 2899 793 2942 sane
812 2877 1026 2958 utilissimam,
1046 2874 1176 2940 sustulit
1191 2873 1294 2938 iusti-

61 2985 172 3072 nianus,
194 2986 289 3071 quasi
310 2985 371 3049 illa
394 2994 481 3050 esset
505 2984 654 3048 libertati
671 2985 801 3064 invida,
822 2982 1063 3067 absurdumque
1079 2983 1259 3061 videretur,
1276 3005 1296 3046 a

61 3093 126 3157 vivis
137 3094 280 3178 integras
294 3093 433 3158 familias
450 3094 634 3158 manumitti
650 3115 759 3178 posse,
775 3114 843 3157 non
857 3093 938 3155 item
957 3089 1199 3154 amoribundis.
1217 3088 1295 3154 Vid.

61 3202 122 3264 lmt.
135 3205 162 3265 is.
177 3214 199 3268 t.
215 3211 250 3266 et
266 3185 313 3267 ibi
330 3200 481 3264 Vinnius.

560 3377 780 3390 Μ

484 3505 570 3568 LlB.
592 3504 620 3568 1.
642 3502 734 3566 TIT.
760 3501 854 3567 VllI.
906 3558 908 3561 .

650 3667 687 3706 DE

154 3788 247 3862 nrs
275 3785 370 3886 our
396 3784 485 3861 sur
511 3741 616 3861 unu
642 3783 829 3860 Aurum
852 3780 1004 3857 rums
1031 3777 1182 3855 sunu.

129 3949 284 4036 Sequitur
298 3948 340 4011 de
351 3949 429 4033 jure
443 3970 656 4034 personarum
671 3946 777 4011 altera
791 3943 927 4009 divisio:
943 3942 1105 4029 quaedam
1117 3938 1205 4036 enim
1220 3958 1296 4022 per·

64 4073 145 4120 sonae
160 4057 302 4144 suijuris
325 4065 409 4140 sunt,
431 4057 593 4144 quaedam
613 4055 724 4120 alieno
734 4053 804 4139 juri
827 4059 901 4118 sunt
916 4054 1094 4138 subjectae.
1116 4049 1161 4112 Et
1182 4046 1295 4112 harum

119 4279 145 4345 c)
165 4278 293 4348 Scaliger,
311 4279 422 4344 Nerius,
435 4278 625 4346 ,Schultingius
643 4282 670 4329 et
682 4278 748 4331 Otto
766 4275 847 4330 latius
865 4275 900 4327 de
916 4275 969 4326 hoe
986 4269 1122 4324 scribendi
1140 4268 1223 4322 modo
1235 4283 1298 4336 ege-

66 4368 122 4425 mnt,
138 4382 250 4433 quorum
268 4364 416 4419 sententias
433 4371 555 4418 recenset
568 4367 653 4418 Trotn
670 4362 707 4414 ad
718 4362 829 4428 Hugoa.
847 4359 879 4411 do
894 4360 983 4429 prima
995 4355 1073 4410 scrib.
1085 4354 1151 4422 erip·
1159 4369 1189 4422 p.
1198 4355 1240 4406 62
1252 4354 1297 4405 63.

67 4443 128 4505 Quae
143 4449 198 4514 ipse
216 4451 325 4519 adjicit,
340 4451 399 4520 jam
418 4455 481 4503 ante
498 4449 533 4502 ab
552 4447 689 4501 Alcandro
707 4447 749 4500 ed
768 4445 832 4513 Gaji
849 4445 866 4498 ἱ.
885 4447 1018 4498 enotata
1037 4441 1119 4494 tuere.
1141 4437 1224 4492 Cana.
1243 4438 1298 4492 Im·

69 4529 143 4590 urinis
159 4537 190 4588 oi.
206 4536 326 4590 Dirksen
345 4536 433 4588 Beitr.
450 4551 500 4588 zur
515 4533 615 4586 Kunde
630 4533 678 4585 des
696 4531 730 4584 R.
745 4527 948 4595 R.Nr.V11.§.
963 4531 989 4580 2.
1002 4541 1029 4596 p.
1042 4528 1190 4580 soe-269.
1210 4521 1298 4578 Milli.

1080 4610 1101 4672 8
