2966 5156
214 365 287 451 296
412 375 593 472 Anrnnnrx
618 371 694 440 Lm.
721 372 748 440 1.
773 371 860 441 Gar.
885 371 929 440 11.
957 357 1133 440 Dadanu
1156 371 1272 440 Lnru.

793 549 822 630 §-
843 548 895 611 94·
942 593 944 600 <

716 665 811 736 Etjue
825 682 972 718 summm.

303 771 460 854 Denique
485 769 575 853 quod
597 768 640 831 ad
658 767 713 852 jus
735 783 917 831 sncnonuu
942 765 1078 847 attinet,
1103 763 1232 828 civibus
1253 762 1399 826 Romanis
1419 771 1443 826 et

221 876 355 962 publica
375 897 467 942 sacra
493 884 528 940 et
549 875 685 960 propria
707 873 849 937 fuerunt.
870 873 919 938 A:
943 872 1129 936 communia
1153 891 1288 956 quoquc
1313 871 1442 934 nonnulla

133 993 136 998 “
220 979 315 1049 eran't
332 985 457 1049 civibus
472 1005 543 1047 cum
561 982 701 1056 Latinis3
723 989 761 1044 et
774 981 854 1051 talia
872 989 967 1044 erant
986 1003 1077 1044 sacra
1096 981 1242 1061 Dianae,
1261 999 1343 1062 quae
1357 999 1442 1040 exeu-

221 1093 279 1178 plo
299 1093 468 1157 civitatum
487 1091 600 1173 Asiae,
618 1098 754 1153 auctore
773 1089 865 1152 Serv.
878 1088 1005 1169 Tullio,
1019 1089 1150 1152 Romae
1170 1089 1207 1151 in
1225 1087 1314 1166 fano,
1330 1107 1442 1148 commu-

221 1202 316 1263 nibus
335 1201 492 1263 sumtibus
511 1207 690 1280 exstructo,
709 1197 876 1260 faciebant
886 1215 965 1259 'cum
980 1196 1141 1260 Romanis
1157 1195 1289 1260 Latini:
1304 1193 1369 1256 Liv.
1381 1193 1440 1252 itt.

222 1309 324 1373 Tales
349 1327 482 1392 quoque
504 1305 608 1368 feriae
630 1290 788 1387 Latinae,
812 1325 892 1388 quas
915 1304 1102 1368 instituerat
1126 1280 1328 1388 Tarquinius
1350 1299 1461 1382 Super-¹

221 1419 282 1480 bus
297 1418 340 1496 f).
364 1414 510 1500 Singulis
527 1414 613 1476 enim
631 1414 723 1478 annis
741 1412 986 1476 conveniebant
1005 1413 1229 1496 quadraginta
1244 1418 1364 1493 septem
1378 1407 1439 1470 Latii

223 1523 341 1608 populi
355 1524 389 1586 in
405 1530 517 1585 monte
535 1520 680 1603 excelso,
693 1520 804 1584 Albae
821 1520 1024 1599 imminente,
1041 1542 1132 1584 sacra
1146 1519 1310 1583 facientes
1320 1515 1438 1580 JoviLa-

221 1630 312 1708 tiali,
331 1631 504 1715 epulisque
524 1638 558 1692 et
578 1629 666 1693 ludis
687 1637 852 1692 vacantes.
875 1627 1096 1692 constitutum
1116 1607 1262 1713 ¹quoque
1289 1631 1367 1704 erat,
1384 1621 1439 1706 quid

223 1739 362 1823 quisque
382 1737 523 1821 populus
541 1737 731 1820 praeberet:
757 1737 811 1799 bic
834 1757 954 1821 agnos,
979 1735 1038 1800 ille
1056 1757 1186 1818 caseos,
1207 1736 1272 1798 iste
1292 1732 1376 1796 lactis
1390 1749 1440 1789 mo-

222 1845 310 1926 dum,
323 1855 358 1909 et
373 1867 470 1928 quarn
482 1847 669 1928 portionem
685 1845 835 1928 recipere
852 1843 1001 1908 deberet.
1017 1844 1209 1909 Communis
1221 1841 1350 1906 victima
1360 1847 1438 1916 taurus

223 1959 312 2034 erat,
330 1953 372 2015 de
396 1972 462 2036 quo
483 1951 621 2015 cuilibet
639 1951 764 2036 populo
784 1952 894 2036 portio
916 1974 972 2016 sua
995 1953 1104 2016 fuerat
1125 1951 1316 2014 constituta.
1336 1947 1369 2008 Et
1383 1941 1435 2003 huic

222 2058 382 2122 sacrificio
399 2068 575 2144 praeerant
589 2059 748 2123 Romani:
765 2060 903 2144 Dionys.
918 2060 1027 2124 Halic.
1044 2065 1148 2140 Antr'q.
1164 2059 1256 2120 Rom.
1272 2057 1327 2118 IV.
1337 2053 1377 2114 49.
1389 2048 1438 2112 lni-

152 2233 154 2236 .
222 2169 269 2231 tio
288 2167 420 2253 quidem
438 2189 481 2233 ex
495 2167 646 2231 instituto
669 2167 844 2251 Tarquinii
870 2167 966 2231 unico
986 2167 1040 2231 die
1059 2167 1142 2229 haec
1160 2188 1254 2246 sacra
1270 2159 1438 2249 perageban-

221 2285 288 2360 tur:
309 2285 353 2358 at,
370 2274 471 2361 pulsis
489 2276 638 2361 regibus,
659 2276 788 2339 additus
809 2298 827 2339 a
843 2276 969 2360 populo
988 2273 1089 2338 alter:
1106 2275 1250 2339 adcessit
1268 2271 1341 2334 dein
1355 2263 1438 2329 tertius

222 2393 297 2470 post
314 2385 432 2447 foedus
448 2406 519 2447 cum
537 2381 664 2447 Latinis
679 2383 765 2467 aSp.
784 2383 897 2446 Cassio
913 2383 1029 2446 ictum:
1045 2392 1177 2468 quartus
1194 2384 1239 2445 ob
1259 2378 1437 2464 plebisque

148 2497 157 2508 ”
223 2500 419 2574 secesserat,
434 2491 576 2554 reditum
593 2491 750 2575 adjectus.
772 2491 997 2555 Adcesserunt
1013 2511 1147 2576 quoque
1164 2487 1321 2554 sacrificia
1341 2493 1370 2546 et
1382 2475 1438 2554 ludi,

222 2593 340 2684 quibus
358 2599 498 2671 Senatus
517 2597 656 2661 Aediles
670 2597 890 2682 praefecerat:
914 2597 1050 2682 Dionys.
1069 2603 1138 2660 Ant.
1150 2600 1242 2660 Rom.
1267 2597 1317 2657 VI.
1331 2593 1375 2654 95.
1388 2587 1434 2650 luo
1460 2589 1461 2592 ’

223 2713 257 2768 et
272 2705 519 2786 viscerationes,
530 2703 572 2778 de
588 2705 706 2790 quibus
720 2705 754 2767 in
773 2707 852 2768 actis
871 2707 994 2769 diurnis
1008 2705 1095 2788 apud
1107 2705 1301 2768 Reinesium
1318 2697 1437 2776 raserat·

224 2813 322 2875 Closs.
338 2813 394 2873 IV.
404 2835 437 2894 p.
454 2811 526 2874 341.
542 2833 573 2873 n.
594 2811 628 2873 V.
646 2829 735 2875 raro.
756 2829 833 2874 nau.
853 2830 964 2877 arara.
981 2829 1109 2876 annisu.
1133 2829 1294 2877 narrans.
1309 2815 1437 2872 cauum:-

220 2937 297 2983 rnn.
319 2937 372 2982 nr.
398 2935 655 2983 sacntsrcarun.
677 2937 722 2984 ru.
748 2937 875 2983 uonna.
898 2936 1118 2984 aursnoda.
1144 2938 1248 2984 nuru.
1268 2921 1438 2991 vrsonnano.

221 3026 470 3092 Viscerationes
492 3035 600 3090 autem
623 3036 716 3090 erant
738 3024 987 3090 distributiones
1007 3028 1129 3109 carnis,
1152 3029 1265 3112 panis,
1287 3011 1438 3101 olei,vi1¹i,

223 3133 376 3208 crustuli‚
398 3132 494 3197 mulsi
518 3144 553 3198 et
573 3135 743 3215 similium,
764 3134 888 3197 viritim
908 3135 1035 3216 factae,
1052 3134 1094 3197 de
1115 3134 1233 3219 quibus
1251 3121 1438 3198 Reinesiusr'n

226 3243 338 3304 Corum.
351 3243 395 3304 ad
407 3244 507 3304 Inscr.
521 3241 634 3322 ulra.
646 3241 716 3305 146.
732 3240 835 3305 Tanti
852 3261 931 3305 vero
945 3241 1009 3328 hae
1026 3242 1130 3305 feriae
1147 3252 1242 3307 erant
1253 3232 1403 3308 Romanis,
1415 3231 1437 3285 ul

223 3348 384 3412 Consules
404 3350 437 3412 in
454 3349 640 3432 provincias
661 3348 811 3433 paludati
826 3351 989 3433 proficisci
1010 3372 1076 3413 nou
1092 3358 1243 3434 possent,
1259 3347 1320 3413 nisi
1339 3331 1438 3405 indictis

222 3455 311 3539 prius
332 3455 423 3518 hisce
445 3457 550 3520 feriis:
573 3457 645 3520 Liv.
663 3457 754 3518 XXI.
776 3480 801 3519 c.
818 3459 874 3519 nlt.
895 3458 1003 3519 XXII.
1022 3457 1052 3520 l.
1080 3457 1315 3521 instaurandae
1338 3457 1438 3534 quoque

223 3570 318 3626 erant
333 3585 352 3626 a
367 3561 602 3645 Pontificibus,
618 3564 645 3627 si
661 3564 715 3627 vel
730 3562 798 3627 ulla
815 3565 1015 3628 caerimonia
1035 3565 1208 3649 neglecta,
1225 3571 1281 3628 aut
1295 3555 1438 3644 quidquam

222 3678 358 3755 praeter
373 3671 427 3755 jus
450 3670 570 3734 factum
587 3684 681 3734 esset.
705 3671 805 3756 Cujus
820 3674 869 3736 rei
886 3671 1041 3757 exempla
1055 3680 1129 3737 sunt
1144 3674 1233 3757 apud
1248 3671 1317 3734 Liv.
1332 3649 1439 3726 XXXH·

108 3809 132 3857 ,-
222 3777 252 3840 1.
267 3777 370 3845 XXX
371 3778 440 3839 VII.
454 3777 484 3840 3.
501 3779 570 3840 XL.
586 3775 642 3841 45:
651 3781 738 3844 XLI.
753 3781 804 3844 16.
833 3781 986 3856 Interea,
1005 3780 1081 3845 dum
1104 3781 1309 3865 magistratus
1328 3753 1439 3834 Romani

225 3883 316 3948 feriis
344 3883 410 3948 illis
436 3885 651 3968 interessent,
674 3887 844 3952 Praefecti
865 3890 1019 3952 feriarum
1042 3889 1231 3952 Latinarum
1248 3892 1278 3965 t)
1306 3860 1439 3960 usquead

225 4013 339 4055 eorum
353 3992 495 4057 reditum
512 3993 683 4079 imperium
700 3997 734 4061 in
756 3998 836 4060 urbe
857 3996 1117 4061 tenebantz‘Jul.
1133 3990 1309 4080 Capitolin.
1322 3973 1438 4048 Antonin

219 4205 302 4272 jubet
316 4206 432 4273 perendo
449 4209 618 4276 :capistratus
636 4213 683 4260 aut
699 4209 864 4278 mapistratu,
882 4218 908 4261 ct
919 4211 1034 4262 Trckell.
1054 4207 1148 4264 Select.
1160 4207 1297 4278 Antiqrntt.
1310 4201 1405 4253 Roman
1416 4181 1438 4232 P·

226 4287 251 4342 I.
269 4309 291 4342 c.
309 4293 334 4340 3.
354 4290 375 4356 ξ.
393 4295 435 4342 45.
451 4309 479 4359 p.
497 4297 541 4345 64.
561 4308 611 4358 pro
627 4295 734 4361 petendi
750 4294 859 4359 reponit
874 4297 950 4362 perti.
967 4293 1057 4347 Haud.

293 4375 320 4439 r)
340 4375 377 4426 A:
392 4375 447 4428 vsu.
464 4365 572 4432 wara:
591 4379 627 4430 n.
650 4379 683 4430 u.
702 4394 729 4443 p.
747 4382 789 4431 ca.
808 4394 850 4447 sq.
869 4380 935 4447 susq.
953 4386 1010 4432 noc
1029 4384 1054 4431 s.
1073 4375 1161 4430 nnat.
1432 4425 1437 4438 .

294 4457 326 4522 g)
344 4459 421 4522 Sunt,
440 4460 555 4528 quibos
573 4477 630 4516 non
647 4463 803 4514 Praefectos
822 4464 950 4516 seriarum
968 4461 1142 4524 Latinarum,
1169 4461 1219 4512 red
1235 4453 1376 4512 Praefectos
1395 4430 1438 4485 urb

225 4539 354 4596 seriarum
370 4541 531 4600 Latinarum
548 4563 645 4602 mussa
662 4547 750 4601 dictos
768 4554 873 4615 putant,
891 4547 975 4602 veluti
992 4547 1111 4602 casaub
1129 4547 1166 4600 cd
1181 4544 1238 4600 Jut
1259 4530 1359 4608 aptat
1373 4519 1437 4580 lm

484 4660 486 4664 .
1460 4643 1461 4672 l
