<?xml version="1.0" encoding="UTF-8"?>
<!DOCTYPE html PUBLIC "-//W3C//DTD XHTML 1.0 Transitional//EN"
    "http://www.w3.org/TR/xhtml1/DTD/xhtml1-transitional.dtd">
<html xmlns="http://www.w3.org/1999/xhtml" xml:lang="en" lang="en">
 <head>
  <title>
</title>
<meta http-equiv="Content-Type" content="text/html;charset=utf-8" />
  <meta name='ocr-system' content='tesseract 3.04.00' />
  <meta name='ocr-capabilities' content='ocr_page ocr_carea ocr_par ocr_line ocrx_word'/>
</head>
<body>
  <div class='ocr_page' id='page_1' title='image "./jogottliebheine00haubgoog_0750.png"; bbox 0 0 3056 5168; ppageno 0'>
   <div class='ocr_carea' id='block_1_1' title="bbox 320 365 1307 476">
    <p class='ocr_par' dir='ltr' id='par_1_1' title="bbox 320 365 1307 476">
     <span class='ocr_line' id='line_1_1' title="bbox 320 365 1307 476; baseline 0.007 -18"><span class='ocrx_word' id='word_1_1' title='bbox 320 389 375 460; x_wconf 74' lang='lat' dir='ltr'><strong>nn</strong></span> <span class='ocrx_word' id='word_1_2' title='bbox 400 391 460 476; x_wconf 82' lang='lat' dir='ltr'><strong>lis,</strong></span> <span class='ocrx_word' id='word_1_3' title='bbox 484 391 559 460; x_wconf 74' lang='lat' dir='ltr'><strong>Pus</strong></span> <span class='ocrx_word' id='word_1_4' title='bbox 584 389 682 474; x_wconf 85' lang='lat' dir='ltr'><strong>Quos</strong></span> <span class='ocrx_word' id='word_1_5' title='bbox 706 391 832 460; x_wconf 79' lang='lat' dir='ltr'><strong>Acanu</strong></span> <span class='ocrx_word' id='word_1_6' title='bbox 856 391 1049 464; x_wconf 76' lang='lat' dir='ltr'><strong>Possumus.</strong></span> <span class='ocrx_word' id='word_1_7' title='bbox 1092 365 1112 432; x_wconf 79' lang='lat'><strong>&#39;,</strong></span> <span class='ocrx_word' id='word_1_8' title='bbox 1238 401 1307 474; x_wconf 64' lang='lat' dir='ltr'><strong>ull</strong></span> 
     </span>
    </p>
   </div>
   <div class='ocr_carea' id='block_1_2' title="bbox 47 565 1374 1510">
    <p class='ocr_par' dir='ltr' id='par_1_2' title="bbox 47 565 1374 1510">
     <span class='ocr_line' id='line_1_2' title="bbox 50 565 1312 651; baseline 0.002 -19"><span class='ocrx_word' id='word_1_9' title='bbox 50 575 145 634; x_wconf 76' lang='lat' dir='ltr'><strong>erate</strong></span> <span class='ocrx_word' id='word_1_10' title='bbox 167 572 203 632; x_wconf 85' lang='lat' dir='ltr'><strong>L.</strong></span> <span class='ocrx_word' id='word_1_11' title='bbox 220 566 271 632; x_wconf 83' lang='lat'><strong>17.</strong></span> <span class='ocrx_word' id='word_1_12' title='bbox 293 565 335 628; x_wconf 87' lang='lat' dir='ltr'><strong>D.</strong></span> <span class='ocrx_word' id='word_1_13' title='bbox 355 567 395 630; x_wconf 81' lang='lat' dir='ltr'><strong>de</strong></span> <span class='ocrx_word' id='word_1_14' title='bbox 418 567 585 639; x_wconf 72' lang='lat' dir='ltr'><strong>Praeerat.</strong></span> <span class='ocrx_word' id='word_1_15' title='bbox 606 567 679 642; x_wconf 62' lang='lat' dir='ltr'><strong>IX.</strong></span> <span class='ocrx_word' id='word_1_16' title='bbox 704 567 796 651; x_wconf 84' lang='lat' dir='ltr'><strong>quod</strong></span> <span class='ocrx_word' id='word_1_17' title='bbox 816 566 983 635; x_wconf 87' lang='lat' dir='ltr'><strong>dominum</strong></span> <span class='ocrx_word' id='word_1_18' title='bbox 1005 567 1105 633; x_wconf 88' lang='lat' dir='ltr'><strong>etiam</strong></span> <span class='ocrx_word' id='word_1_19' title='bbox 1126 589 1312 634; x_wconf 89' lang='lat' dir='ltr'><strong>reconven-</strong></span> 
     </span>
     <span class='ocr_line' id='line_1_3' title="bbox 50 672 1312 759; baseline 0 -19"><span class='ocrx_word' id='word_1_20' title='bbox 50 678 149 740; x_wconf 89' lang='lat' dir='ltr'><strong>tione</strong></span> <span class='ocrx_word' id='word_1_21' title='bbox 166 675 328 759; x_wconf 85' lang='lat' dir='ltr'><strong>pulsatum</strong></span> <span class='ocrx_word' id='word_1_22' title='bbox 343 672 525 738; x_wconf 83' lang='lat' dir='ltr'>defendere</span> <span class='ocrx_word' id='word_1_23' title='bbox 541 674 732 738; x_wconf 78' lang='lat' dir='ltr'><strong>tenebatur:</strong></span> <span class='ocrx_word' id='word_1_24' title='bbox 747 676 783 736; x_wconf 78' lang='lat' dir='ltr'><strong>I..</strong></span> <span class='ocrx_word' id='word_1_25' title='bbox 794 673 845 736; x_wconf 82' lang='lat'><strong>33.</strong></span> <span class='ocrx_word' id='word_1_26' title='bbox 856 674 885 755; x_wconf 84' lang='lat'><strong>§.</strong></span> <span class='ocrx_word' id='word_1_27' title='bbox 899 674 930 737; x_wconf 84' lang='lat'><strong>3.</strong></span> <span class='ocrx_word' id='word_1_28' title='bbox 941 697 986 757; x_wconf 85' lang='lat' dir='ltr'><strong>sq.</strong></span> <span class='ocrx_word' id='word_1_29' title='bbox 995 677 1033 737; x_wconf 79' lang='lat'><strong>1..</strong></span> <span class='ocrx_word' id='word_1_30' title='bbox 1043 675 1094 758; x_wconf 75' lang='grc'><strong>34.</strong></span> <span class='ocrx_word' id='word_1_31' title='bbox 1108 675 1146 739; x_wconf 76' lang='lat'><strong>1..</strong></span> <span class='ocrx_word' id='word_1_32' title='bbox 1156 675 1208 740; x_wconf 77' lang='grc'><strong>35.</strong></span> <span class='ocrx_word' id='word_1_33' title='bbox 1220 680 1260 740; x_wconf 87' lang='lat' dir='ltr'><strong>D.</strong></span> <span class='ocrx_word' id='word_1_34' title='bbox 1271 679 1312 740; x_wconf 83' lang='lat' dir='ltr'><strong>de</strong></span> 
     </span>
     <span class='ocr_line' id='line_1_4' title="bbox 49 776 1374 865; baseline 0.003 -21"><span class='ocrx_word' id='word_1_35' title='bbox 49 785 228 846; x_wconf 79' lang='lat' dir='ltr'><strong>Praeerat.</strong></span> <span class='ocrx_word' id='word_1_36' title='bbox 244 781 288 860; x_wconf 75' lang='grc' dir='ltr'><strong>ἰ).</strong></span> <span class='ocrx_word' id='word_1_37' title='bbox 308 782 355 844; x_wconf 88' lang='grc' dir='ltr'><strong>Χ.</strong></span> <span class='ocrx_word' id='word_1_38' title='bbox 372 780 462 865; x_wconf 91' lang='lat' dir='ltr'><strong>quod</strong></span> <span class='ocrx_word' id='word_1_39' title='bbox 478 782 572 846; x_wconf 87' lang='lat' dir='ltr'><strong>litem</strong></span> <span class='ocrx_word' id='word_1_40' title='bbox 589 782 631 845; x_wconf 94' lang='lat' dir='ltr'><strong>ad</strong></span> <span class='ocrx_word' id='word_1_41' title='bbox 647 782 788 846; x_wconf 86' lang='lat' dir='ltr'><strong>heredes</strong></span> <span class='ocrx_word' id='word_1_42' title='bbox 803 781 1055 846; x_wconf 80' lang='lat' dir='ltr'><strong>transmittebat.</strong></span> <span class='ocrx_word' id='word_1_43' title='bbox 1078 780 1185 859; x_wconf 87' lang='lat' dir='ltr'><strong>Quam</strong></span> <span class='ocrx_word' id='word_1_44' title='bbox 1200 793 1310 848; x_wconf 90' lang='lat' dir='ltr'><strong>tamen</strong></span> <span class='ocrx_word' id='word_1_45' title='bbox 1369 776 1374 784; x_wconf 71' lang='grc'><strong><em>’</em></strong></span> 
     </span>
     <span class='ocr_line' id='line_1_5' title="bbox 49 883 1311 973; baseline 0.002 -19"><span class='ocrx_word' id='word_1_46' title='bbox 49 890 178 954; x_wconf 87' lang='lat' dir='ltr'><strong>veteris</strong></span> <span class='ocrx_word' id='word_1_47' title='bbox 194 883 477 972; x_wconf 74' lang='lat' dir='ltr'><strong>jurisprudentiae</strong></span> <span class='ocrx_word' id='word_1_48' title='bbox 501 887 718 954; x_wconf 80' lang='lat' dir='ltr'><strong>subtilitatem</strong></span> <span class='ocrx_word' id='word_1_49' title='bbox 735 886 804 973; x_wconf 89' lang='lat' dir='ltr'><strong>jam</strong></span> <span class='ocrx_word' id='word_1_50' title='bbox 829 888 950 952; x_wconf 90' lang='lat' dir='ltr'><strong>dudum</strong></span> <span class='ocrx_word' id='word_1_51' title='bbox 971 889 1134 953; x_wconf 72' lang='lat' dir='ltr'><strong>sustulere</strong></span> <span class='ocrx_word' id='word_1_52' title='bbox 1150 890 1311 956; x_wconf 87' lang='lat' dir='ltr'><strong>Theodo-</strong></span> 
     </span>
     <span class='ocr_line' id='line_1_6' title="bbox 49 993 1309 1082; baseline 0.001 -22"><span class='ocrx_word' id='word_1_53' title='bbox 49 997 118 1061; x_wconf 86' lang='lat' dir='ltr'><strong>sius</strong></span> <span class='ocrx_word' id='word_1_54' title='bbox 143 1007 178 1062; x_wconf 89' lang='lat' dir='ltr'><strong>et</strong></span> <span class='ocrx_word' id='word_1_55' title='bbox 193 993 460 1072; x_wconf 58' lang='lat' dir='ltr'><strong>Valentinianus</strong></span> <span class='ocrx_word' id='word_1_56' title='bbox 483 994 722 1082; x_wconf 82' lang='lat' dir='ltr'><strong>Imperatores:</strong></span> <span class='ocrx_word' id='word_1_57' title='bbox 744 998 780 1060; x_wconf 82' lang='lat' dir='ltr'><strong>L.</strong></span> <span class='ocrx_word' id='word_1_58' title='bbox 791 1000 855 1078; x_wconf 77' lang='lat' dir='ltr'><strong>flu.</strong></span> <span class='ocrx_word' id='word_1_59' title='bbox 879 995 911 1061; x_wconf 79' lang='grc'><strong>0.</strong></span> <span class='ocrx_word' id='word_1_60' title='bbox 938 997 1051 1063; x_wconf 71' lang='lat' dir='ltr'><strong>Theoti.</strong></span> <span class='ocrx_word' id='word_1_61' title='bbox 1076 999 1115 1064; x_wconf 88' lang='lat' dir='ltr'><strong>de</strong></span> <span class='ocrx_word' id='word_1_62' title='bbox 1140 999 1309 1068; x_wconf 75' lang='lat' dir='ltr'><strong>Praeerat.</strong></span> 
     </span>
     <span class='ocr_line' id='line_1_7' title="bbox 48 1101 1310 1190; baseline 0.006 -22"><span class='ocrx_word' id='word_1_63' title='bbox 48 1105 118 1168; x_wconf 91' lang='lat' dir='ltr'><strong>XI.</strong></span> <span class='ocrx_word' id='word_1_64' title='bbox 136 1101 227 1190; x_wconf 91' lang='lat' dir='ltr'><strong>quod</strong></span> <span class='ocrx_word' id='word_1_65' title='bbox 250 1103 472 1186; x_wconf 75' lang='lat' dir='ltr'><strong>procuratoris</strong></span> <span class='ocrx_word' id='word_1_66' title='bbox 493 1113 568 1172; x_wconf 87' lang='lat' dir='ltr'><strong>erat</strong></span> <span class='ocrx_word' id='word_1_67' title='bbox 590 1113 625 1172; x_wconf 88' lang='lat' dir='ltr'><strong>et</strong></span> <span class='ocrx_word' id='word_1_68' title='bbox 645 1105 859 1188; x_wconf 88' lang='lat' dir='ltr'><strong>interponere</strong></span> <span class='ocrx_word' id='word_1_69' title='bbox 878 1104 1141 1188; x_wconf 87' lang='lat' dir='ltr'><strong>adpellationcm</strong></span> <span class='ocrx_word' id='word_1_70' title='bbox 1163 1113 1197 1170; x_wconf 87' lang='lat' dir='ltr'><strong>et</strong></span> <span class='ocrx_word' id='word_1_71' title='bbox 1220 1127 1310 1177; x_wconf 78' lang='lat' dir='ltr'><strong>eaur-</strong></span> 
     </span>
     <span class='ocr_line' id='line_1_8' title="bbox 48 1208 1310 1300; baseline 0.006 -24"><span class='ocrx_word' id='word_1_72' title='bbox 48 1214 129 1276; x_wconf 89' lang='lat' dir='ltr'><strong>dem</strong></span> <span class='ocrx_word' id='word_1_73' title='bbox 148 1208 320 1294; x_wconf 81' lang='lat' dir='ltr'><strong>prosequi:</strong></span> <span class='ocrx_word' id='word_1_74' title='bbox 333 1211 371 1272; x_wconf 89' lang='lat'><strong>1..</strong></span> <span class='ocrx_word' id='word_1_75' title='bbox 389 1210 440 1273; x_wconf 87' lang='grc'><strong>18.</strong></span> <span class='ocrx_word' id='word_1_76' title='bbox 455 1212 495 1273; x_wconf 87' lang='lat' dir='ltr'><strong>D.</strong></span> <span class='ocrx_word' id='word_1_77' title='bbox 515 1213 554 1274; x_wconf 88' lang='lat' dir='ltr'><strong>de</strong></span> <span class='ocrx_word' id='word_1_78' title='bbox 569 1213 726 1294; x_wconf 84' lang='lat' dir='ltr'><strong>Adpellot.</strong></span> <span class='ocrx_word' id='word_1_79' title='bbox 741 1212 765 1274; x_wconf 92' lang='lat' dir='ltr'><strong>I.</strong></span> <span class='ocrx_word' id='word_1_80' title='bbox 778 1211 807 1274; x_wconf 96' lang='grc'><strong>2.</strong></span> <span class='ocrx_word' id='word_1_81' title='bbox 824 1211 856 1274; x_wconf 77' lang='lat' dir='ltr'><strong>O.</strong></span> <span class='ocrx_word' id='word_1_82' title='bbox 872 1213 911 1274; x_wconf 87' lang='lat' dir='ltr'><strong>de</strong></span> <span class='ocrx_word' id='word_1_83' title='bbox 928 1213 1097 1280; x_wconf 80' lang='lat' dir='ltr'><strong>Procurat.</strong></span> <span class='ocrx_word' id='word_1_84' title='bbox 1119 1211 1208 1281; x_wconf 75' lang='lat' dir='ltr'><strong>Xll.</strong></span> <span class='ocrx_word' id='word_1_85' title='bbox 1220 1213 1310 1300; x_wconf 87' lang='lat' dir='ltr'><strong>quod</strong></span> 
     </span>
     <span class='ocr_line' id='line_1_9' title="bbox 47 1317 1309 1405; baseline 0.002 -22"><span class='ocrx_word' id='word_1_86' title='bbox 47 1326 260 1404; x_wconf 90' lang='lat' dir='ltr'><strong>procurator,</strong></span> <span class='ocrx_word' id='word_1_87' title='bbox 281 1325 410 1382; x_wconf 85' lang='lat' dir='ltr'><strong>mortuo</strong></span> <span class='ocrx_word' id='word_1_88' title='bbox 434 1317 580 1400; x_wconf 90' lang='lat' dir='ltr'><strong>domino,</strong></span> <span class='ocrx_word' id='word_1_89' title='bbox 596 1320 689 1382; x_wconf 90' lang='lat' dir='ltr'><strong>litem</strong></span> <span class='ocrx_word' id='word_1_90' title='bbox 713 1317 924 1382; x_wconf 88' lang='lat' dir='ltr'><strong>nihilominus</strong></span> <span class='ocrx_word' id='word_1_91' title='bbox 941 1321 1097 1405; x_wconf 88' lang='lat' dir='ltr'><strong>prosequi</strong></span> <span class='ocrx_word' id='word_1_92' title='bbox 1119 1321 1309 1386; x_wconf 82' lang='lat' dir='ltr'><strong>tenebaturr</strong></span> 
     </span>
     <span class='ocr_line' id='line_1_10' title="bbox 49 1407 1033 1510; baseline 0.001 -21"><span class='ocrx_word' id='word_1_93' title='bbox 49 1431 86 1490; x_wconf 78' lang='lat' dir='ltr'><strong>L.</strong></span> <span class='ocrx_word' id='word_1_94' title='bbox 101 1425 155 1489; x_wconf 82' lang='grc'><strong>23.</strong></span> <span class='ocrx_word' id='word_1_95' title='bbox 173 1426 206 1486; x_wconf 86' lang='grc'><strong>0.</strong></span> <span class='ocrx_word' id='word_1_96' title='bbox 221 1426 261 1487; x_wconf 88' lang='lat' dir='ltr'><strong>de</strong></span> <span class='ocrx_word' id='word_1_97' title='bbox 274 1425 442 1488; x_wconf 87' lang='lat' dir='ltr'><strong>Procurat.</strong></span> <span class='ocrx_word' id='word_1_98' title='bbox 458 1407 594 1510; x_wconf 80' lang='lat' dir='ltr'><strong>atquae</strong></span> <span class='ocrx_word' id='word_1_99' title='bbox 610 1434 685 1490; x_wconf 90' lang='lat' dir='ltr'><strong>sunt</strong></span> <span class='ocrx_word' id='word_1_100' title='bbox 698 1426 793 1510; x_wconf 85' lang='lat' dir='ltr'><strong>hujus</strong></span> <span class='ocrx_word' id='word_1_101' title='bbox 809 1427 941 1510; x_wconf 83' lang='lat' dir='ltr'><strong>generis</strong></span> <span class='ocrx_word' id='word_1_102' title='bbox 957 1426 1033 1490; x_wconf 89' lang='lat' dir='ltr'><strong>alia.</strong></span> 
     </span>
    </p>
   </div>
   <div class='ocr_carea' id='block_1_3' title="bbox 639 1577 777 1663">
    <p class='ocr_par' dir='ltr' id='par_1_3' title="bbox 639 1577 777 1663">
     <span class='ocr_line' id='line_1_11' title="bbox 639 1577 777 1663; baseline 0 0"><span class='ocrx_word' id='word_1_103' title='bbox 639 1577 721 1663; x_wconf 75' lang='lat' dir='ltr'><strong>sr-</strong></span> <span class='ocrx_word' id='word_1_104' title='bbox 771 1579 777 1584; x_wconf 68' lang='grc'><strong><em>’</em></strong></span> 
     </span>
    </p>
   </div>
   <div class='ocr_carea' id='block_1_4' title="bbox 49 1691 1382 2310">
    <p class='ocr_par' dir='ltr' id='par_1_4' title="bbox 306 1691 1062 1768">
     <span class='ocr_line' id='line_1_12' title="bbox 306 1691 1062 1768; baseline -0.003 -18"><span class='ocrx_word' id='word_1_105' title='bbox 306 1693 504 1750; x_wconf 75' lang='lat' dir='ltr'><strong>Procuratores</strong></span> <span class='ocrx_word' id='word_1_106' title='bbox 521 1693 551 1746; x_wconf 84' lang='lat' dir='ltr'><strong>in</strong></span> <span class='ocrx_word' id='word_1_107' title='bbox 569 1691 660 1764; x_wconf 78' lang='lat' dir='ltr'><strong>quibus</strong></span> <span class='ocrx_word' id='word_1_108' title='bbox 669 1694 781 1768; x_wconf 73' lang='lat' dir='ltr'><strong>judiciis</strong></span> <span class='ocrx_word' id='word_1_109' title='bbox 799 1695 884 1750; x_wconf 83' lang='lat' dir='ltr'><strong>locum</strong></span> <span class='ocrx_word' id='word_1_110' title='bbox 903 1693 1062 1752; x_wconf 74' lang='lat' dir='ltr'><strong>habuerint?</strong></span> 
     </span>
    </p>

    <p class='ocr_par' dir='ltr' id='par_1_5' title="bbox 136 1791 1382 1885">
     <span class='ocr_line' id='line_1_13' title="bbox 136 1791 1382 1885; baseline 0.002 -25"><span class='ocrx_word' id='word_1_111' title='bbox 136 1796 261 1860; x_wconf 90' lang='lat' dir='ltr'><strong>Locum</strong></span> <span class='ocrx_word' id='word_1_112' title='bbox 278 1802 389 1861; x_wconf 89' lang='lat' dir='ltr'><strong>tamen</strong></span> <span class='ocrx_word' id='word_1_113' title='bbox 411 1803 642 1878; x_wconf 87' lang='lat' dir='ltr'><strong>procuratores</strong></span> <span class='ocrx_word' id='word_1_114' title='bbox 662 1794 831 1860; x_wconf 89' lang='lat' dir='ltr'><strong>habebant</strong></span> <span class='ocrx_word' id='word_1_115' title='bbox 852 1805 977 1863; x_wconf 87' lang='lat' dir='ltr'><strong>tantum</strong></span> <span class='ocrx_word' id='word_1_116' title='bbox 997 1796 1032 1860; x_wconf 92' lang='lat' dir='ltr'><strong>in</strong></span> <span class='ocrx_word' id='word_1_117' title='bbox 1048 1796 1184 1883; x_wconf 85' lang='lat' dir='ltr'><strong>judiciis</strong></span> <span class='ocrx_word' id='word_1_118' title='bbox 1198 1799 1309 1885; x_wconf 86' lang='lat' dir='ltr'><strong>priva·</strong></span> <span class='ocrx_word' id='word_1_119' title='bbox 1375 1791 1382 1796; x_wconf 73' lang='grc'><strong>’</strong></span> 
     </span>
    </p>

    <p class='ocr_par' dir='ltr' id='par_1_6' title="bbox 49 1901 1308 1989">
     <span class='ocr_line' id='line_1_14' title="bbox 49 1901 1308 1989; baseline -0.002 -19"><span class='ocrx_word' id='word_1_120' title='bbox 49 1905 106 1985; x_wconf 86' lang='lat' dir='ltr'><strong>tis,</strong></span> <span class='ocrx_word' id='word_1_121' title='bbox 123 1923 189 1968; x_wconf 94' lang='lat' dir='ltr'><strong>non</strong></span> <span class='ocrx_word' id='word_1_122' title='bbox 209 1921 316 1985; x_wconf 86' lang='lat' dir='ltr'><strong>aeque</strong></span> <span class='ocrx_word' id='word_1_123' title='bbox 332 1901 365 1964; x_wconf 93' lang='lat' dir='ltr'><strong>in</strong></span> <span class='ocrx_word' id='word_1_124' title='bbox 382 1901 531 1985; x_wconf 88' lang='lat' dir='ltr'><strong>publicis.</strong></span> <span class='ocrx_word' id='word_1_125' title='bbox 553 1901 593 1968; x_wconf 92' lang='lat' dir='ltr'><strong>In</strong></span> <span class='ocrx_word' id='word_1_126' title='bbox 611 1903 660 1986; x_wconf 82' lang='lat' dir='ltr'><strong>his</strong></span> <span class='ocrx_word' id='word_1_127' title='bbox 676 1923 786 1987; x_wconf 89' lang='lat' dir='ltr'><strong>neque</strong></span> <span class='ocrx_word' id='word_1_128' title='bbox 801 1904 976 1973; x_wconf 78' lang='lat' dir='ltr'><strong>adcurator</strong></span> <span class='ocrx_word' id='word_1_129' title='bbox 986 1925 1048 1989; x_wconf 83' lang='lat' dir='ltr'><strong>par</strong></span> <span class='ocrx_word' id='word_1_130' title='bbox 1061 1912 1308 1988; x_wconf 88' lang='lat' dir='ltr'><strong>procuratorem</strong></span> 
     </span>
    </p>

    <p class='ocr_par' dir='ltr' id='par_1_7' title="bbox 54 2010 1307 2098">
     <span class='ocr_line' id='line_1_15' title="bbox 54 2010 1307 2098; baseline 0.002 -22"><span class='ocrx_word' id='word_1_131' title='bbox 54 2031 156 2094; x_wconf 86' lang='lat' dir='ltr'><strong>agere</strong></span> <span class='ocrx_word' id='word_1_132' title='bbox 179 2016 310 2094; x_wconf 89' lang='lat' dir='ltr'><strong>poterat</strong></span> <span class='ocrx_word' id='word_1_133' title='bbox 331 2017 469 2094; x_wconf 90' lang='lat' dir='ltr'><strong>propter</strong></span> <span class='ocrx_word' id='word_1_134' title='bbox 484 2010 714 2088; x_wconf 73' lang='lat' dir='ltr'><strong>necessitatem</strong></span> <span class='ocrx_word' id='word_1_135' title='bbox 736 2011 977 2096; x_wconf 80' lang='lat' dir='ltr'><strong>inscriptionis,</strong></span> <span class='ocrx_word' id='word_1_136' title='bbox 993 2011 1036 2075; x_wconf 87' lang='lat' dir='ltr'><strong>de</strong></span> <span class='ocrx_word' id='word_1_137' title='bbox 1055 2031 1120 2098; x_wconf 89' lang='lat' dir='ltr'><strong>qua</strong></span> <span class='ocrx_word' id='word_1_138' title='bbox 1139 2013 1226 2078; x_wconf 85' lang='lat' dir='ltr'><strong>infra</strong></span> <span class='ocrx_word' id='word_1_139' title='bbox 1248 2035 1307 2078; x_wconf 90' lang='lat' dir='ltr'><strong>suo</strong></span> 
     </span>
    </p>

    <p class='ocr_par' dir='ltr' id='par_1_8' title="bbox 52 2103 1310 2310">
     <span class='ocr_line' id='line_1_16' title="bbox 55 2103 1310 2204; baseline 0.003 -22"><span class='ocrx_word' id='word_1_140' title='bbox 55 2119 137 2182; x_wconf 92' lang='lat' dir='ltr'><strong>loco</strong></span> <span class='ocrx_word' id='word_1_141' title='bbox 152 2137 298 2200; x_wconf 84' lang='lat' dir='ltr'><strong>agamus:</strong></span> <span class='ocrx_word' id='word_1_142' title='bbox 320 2137 429 2199; x_wconf 88' lang='lat' dir='ltr'><strong>neque</strong></span> <span class='ocrx_word' id='word_1_143' title='bbox 449 2137 541 2198; x_wconf 89' lang='lat' dir='ltr'><strong>reus,</strong></span> <span class='ocrx_word' id='word_1_144' title='bbox 556 2118 584 2182; x_wconf 90' lang='lat' dir='ltr'><strong>si</strong></span> <span class='ocrx_word' id='word_1_145' title='bbox 604 2119 676 2203; x_wconf 90' lang='lat' dir='ltr'><strong>ipse</strong></span> <span class='ocrx_word' id='word_1_146' title='bbox 692 2139 866 2204; x_wconf 88' lang='lat' dir='ltr'><strong>praesens,</strong></span> <span class='ocrx_word' id='word_1_147' title='bbox 883 2127 917 2185; x_wconf 91' lang='lat' dir='ltr'><strong>et</strong></span> <span class='ocrx_word' id='word_1_148' title='bbox 932 2118 1055 2185; x_wconf 89' lang='lat' dir='ltr'><strong>crimen</strong></span> <span class='ocrx_word' id='word_1_149' title='bbox 1076 2120 1123 2184; x_wconf 86' lang='lat' dir='ltr'><strong>ita</strong></span> <span class='ocrx_word' id='word_1_150' title='bbox 1138 2103 1310 2202; x_wconf 32' lang='lat' dir='ltr'><strong>compara-⁸</strong></span> 
     </span>
     <span class='ocr_line' id='line_1_17' title="bbox 52 2224 1259 2310; baseline -0.002 -20"><span class='ocrx_word' id='word_1_151' title='bbox 52 2230 222 2306; x_wconf 82' lang='lat' dir='ltr'><strong>tumeret,</strong></span> <span class='ocrx_word' id='word_1_152' title='bbox 240 2232 277 2288; x_wconf 91' lang='lat' dir='ltr'><strong>ut</strong></span> <span class='ocrx_word' id='word_1_153' title='bbox 296 2224 576 2310; x_wconf 86' lang='lat' dir='ltr'><strong>capitis·damnari</strong></span> <span class='ocrx_word' id='word_1_154' title='bbox 597 2233 726 2310; x_wconf 84' lang='lat' dir='ltr'><strong>posset:</strong></span> <span class='ocrx_word' id='word_1_155' title='bbox 747 2225 951 2291; x_wconf 84' lang='lat' dir='ltr'><strong>Boehmerus</strong></span> <span class='ocrx_word' id='word_1_156' title='bbox 966 2226 1051 2291; x_wconf 84' lang='lat' dir='ltr'><strong>Dr&#39;ss.</strong></span> <span class='ocrx_word' id='word_1_157' title='bbox 1066 2227 1135 2288; x_wconf 87' lang='lat' dir='ltr'><strong>ead.</strong></span> <span class='ocrx_word' id='word_1_158' title='bbox 1152 2227 1194 2291; x_wconf 89' lang='lat' dir='ltr'><strong>II.</strong></span> <span class='ocrx_word' id='word_1_159' title='bbox 1209 2226 1259 2290; x_wconf 84' lang='lat'><strong>13.</strong></span> 
     </span>
    </p>
   </div>
   <div class='ocr_carea' id='block_1_5' title="bbox 641 2372 723 2454">
    <p class='ocr_par' dir='ltr' id='par_1_9' title="bbox 641 2372 723 2454">
     <span class='ocr_line' id='line_1_18' title="bbox 641 2372 723 2454; baseline -0.037 -19"><span class='ocrx_word' id='word_1_160' title='bbox 641 2373 670 2454; x_wconf 84' lang='lat'><strong>§-</strong></span> <span class='ocrx_word' id='word_1_161' title='bbox 692 2372 723 2435; x_wconf 87' lang='lat' dir='ltr'><strong>r.</strong></span> 
     </span>
    </p>
   </div>
   <div class='ocr_carea' id='block_1_6' title="bbox 282 2486 1081 2557">
    <p class='ocr_par' dir='ltr' id='par_1_10' title="bbox 282 2486 1081 2557">
     <span class='ocr_line' id='line_1_19' title="bbox 282 2486 1081 2557; baseline -0.001 -16"><span class='ocrx_word' id='word_1_162' title='bbox 282 2489 395 2548; x_wconf 73' lang='lat' dir='ltr'><strong>Quium</strong></span> <span class='ocrx_word' id='word_1_163' title='bbox 415 2489 575 2557; x_wconf 83' lang='lat' dir='ltr'><strong>defemores,</strong></span> <span class='ocrx_word' id='word_1_164' title='bbox 591 2489 702 2557; x_wconf 84' lang='lat' dir='ltr'><strong>patroni</strong></span> <span class='ocrx_word' id='word_1_165' title='bbox 717 2503 882 2546; x_wconf 74' lang='lat' dir='ltr'><strong>caussarum.</strong></span> <span class='ocrx_word' id='word_1_166' title='bbox 900 2494 927 2538; x_wconf 86' lang='lat' dir='ltr'><strong>et</strong></span> <span class='ocrx_word' id='word_1_167' title='bbox 942 2486 1081 2540; x_wconf 77' lang='lat' dir='ltr'><strong>aduocati?</strong></span> 
     </span>
    </p>
   </div>
   <div class='ocr_carea' id='block_1_7' title="bbox 50 2577 1365 3756">
    <p class='ocr_par' dir='ltr' id='par_1_11' title="bbox 50 2577 1365 3756">
     <span class='ocr_line' id='line_1_20' title="bbox 137 2577 1309 2674; baseline -0.001 -18"><span class='ocrx_word' id='word_1_168' title='bbox 137 2592 171 2656; x_wconf 91' lang='lat' dir='ltr'>A</span> <span class='ocrx_word' id='word_1_169' title='bbox 194 2577 462 2674; x_wconf 74' lang='lat' dir='ltr'><strong>procuratoribus</strong></span> <span class='ocrx_word' id='word_1_170' title='bbox 486 2590 685 2654; x_wconf 83' lang='lat' dir='ltr'><strong>differebant</strong></span> <span class='ocrx_word' id='word_1_171' title='bbox 707 2603 941 2670; x_wconf 66' lang='lat' dir='ltr'><strong>asennaeum,</strong></span> <span class='ocrx_word' id='word_1_172' title='bbox 967 2589 1025 2672; x_wconf 90' lang='lat' dir='ltr'><strong>qui</strong></span> <span class='ocrx_word' id='word_1_173' title='bbox 1053 2587 1124 2652; x_wconf 89' lang='lat' dir='ltr'><strong>sine</strong></span> <span class='ocrx_word' id='word_1_174' title='bbox 1153 2590 1309 2655; x_wconf 88' lang='lat' dir='ltr'><strong>mandato</strong></span> 
     </span>
     <span class='ocr_line' id='line_1_21' title="bbox 54 2696 1310 2782; baseline -0.005 -16"><span class='ocrx_word' id='word_1_175' title='bbox 54 2701 102 2766; x_wconf 87' lang='lat' dir='ltr'><strong>rei</strong></span> <span class='ocrx_word' id='word_1_176' title='bbox 121 2699 268 2764; x_wconf 85' lang='lat' dir='ltr'><strong>absentis</strong></span> <span class='ocrx_word' id='word_1_177' title='bbox 282 2699 416 2761; x_wconf 88' lang='lat' dir='ltr'><strong>nomine</strong></span> <span class='ocrx_word' id='word_1_178' title='bbox 437 2699 723 2780; x_wconf 81' lang='lat' dir='ltr'><strong>interveniebant,</strong></span> <span class='ocrx_word' id='word_1_179' title='bbox 738 2697 899 2782; x_wconf 85' lang='lat' dir='ltr'><strong>litemque</strong></span> <span class='ocrx_word' id='word_1_180' title='bbox 921 2696 1155 2780; x_wconf 85' lang='lat' dir='ltr'><strong>suscipiebant,</strong></span> <span class='ocrx_word' id='word_1_181' title='bbox 1171 2697 1215 2760; x_wconf 87' lang='lat' dir='ltr'><strong>de</strong></span> <span class='ocrx_word' id='word_1_182' title='bbox 1238 2698 1310 2782; x_wconf 91' lang='lat' dir='ltr'><strong>qui-</strong></span> 
     </span>
     <span class='ocr_line' id='line_1_22' title="bbox 53 2804 1310 2890; baseline -0.002 -17"><span class='ocrx_word' id='word_1_183' title='bbox 53 2812 114 2874; x_wconf 91' lang='lat' dir='ltr'><strong>bus</strong></span> <span class='ocrx_word' id='word_1_184' title='bbox 139 2807 218 2870; x_wconf 90' lang='lat' dir='ltr'><strong>satis</strong></span> <span class='ocrx_word' id='word_1_185' title='bbox 242 2804 399 2869; x_wconf 87' lang='lat' dir='ltr'><strong>adcurate</strong></span> <span class='ocrx_word' id='word_1_186' title='bbox 426 2806 706 2890; x_wconf 84' lang='lat' dir='ltr'><strong>agunt&#39;doctores</strong></span> <span class='ocrx_word' id='word_1_187' title='bbox 728 2804 770 2868; x_wconf 90' lang='lat' dir='ltr'><strong>ad</strong></span> <span class='ocrx_word' id='word_1_188' title='bbox 792 2807 898 2868; x_wconf 66' lang='grc'><strong>1111).</strong></span> <span class='ocrx_word' id='word_1_189' title='bbox 924 2805 963 2867; x_wconf 86' lang='lat' dir='ltr'><strong>ds</strong></span> <span class='ocrx_word' id='word_1_190' title='bbox 988 2806 1122 2867; x_wconf 81' lang='lat' dir='ltr'><strong>Precor.</strong></span> <span class='ocrx_word' id='word_1_191' title='bbox 1145 2815 1177 2870; x_wconf 83' lang='lat' dir='ltr'><strong>et</strong></span> <span class='ocrx_word' id='word_1_192' title='bbox 1192 2807 1310 2885; x_wconf 74' lang='lat' dir='ltr'><strong>defens.</strong></span> 
     </span>
     <span class='ocr_line' id='line_1_23' title="bbox 53 2911 1311 2993; baseline -0.003 -13"><span class='ocrx_word' id='word_1_193' title='bbox 53 2917 225 2980; x_wconf 87' lang='lat' dir='ltr'><strong>Differnnt</strong></span> <span class='ocrx_word' id='word_1_194' title='bbox 245 2914 344 2977; x_wconf 85' lang='lat' dir='ltr'><strong>etiam</strong></span> <span class='ocrx_word' id='word_1_195' title='bbox 368 2930 514 2976; x_wconf 73' lang='lat' dir='ltr'><strong>earnem</strong></span> <span class='ocrx_word' id='word_1_196' title='bbox 537 2911 740 2978; x_wconf 75' lang='lat' dir='ltr'><strong>caussarum</strong></span> <span class='ocrx_word' id='word_1_197' title='bbox 747 2960 757 2993; x_wconf 93' lang='lat'><strong>,</strong></span> <span class='ocrx_word' id='word_1_198' title='bbox 779 2927 950 2977; x_wconf 79' lang='lat' dir='ltr'><strong>auvoonrr</strong></span> <span class='ocrx_word' id='word_1_199' title='bbox 957 2958 967 2992; x_wconf 96' lang='lat'><strong>,</strong></span> <span class='ocrx_word' id='word_1_200' title='bbox 990 2927 1254 2978; x_wconf 71' lang='lat' dir='ltr'><strong>amnesamnes</strong></span> <span class='ocrx_word' id='word_1_201' title='bbox 1276 2921 1311 2976; x_wconf 88' lang='lat' dir='ltr'><strong>et</strong></span> 
     </span>
     <span class='ocr_line' id='line_1_24' title="bbox 54 3017 1310 3104; baseline -0.006 -16"><span class='ocrx_word' id='word_1_202' title='bbox 54 3037 280 3099; x_wconf 69' lang='lat' dir='ltr'><strong>sucurrones,</strong></span> <span class='ocrx_word' id='word_1_203' title='bbox 300 3041 437 3104; x_wconf 88' lang='lat' dir='ltr'><strong>quorum</strong></span> <span class='ocrx_word' id='word_1_204' title='bbox 459 3019 633 3083; x_wconf 87' lang='lat' dir='ltr'><strong>discrimen</strong></span> <span class='ocrx_word' id='word_1_205' title='bbox 656 3020 720 3082; x_wconf 90' lang='lat' dir='ltr'><strong>hoc</strong></span> <span class='ocrx_word' id='word_1_206' title='bbox 736 3017 837 3082; x_wconf 87' lang='lat' dir='ltr'><strong>tradit</strong></span> <span class='ocrx_word' id='word_1_207' title='bbox 854 3017 975 3082; x_wconf 81' lang='lat' dir='ltr'><strong>Asson.</strong></span> <span class='ocrx_word' id='word_1_208' title='bbox 992 3018 1158 3081; x_wconf 87' lang='lat' dir='ltr'><strong>Pedianus</strong></span> <span class='ocrx_word' id='word_1_209' title='bbox 1173 3017 1207 3080; x_wconf 93' lang='lat' dir='ltr'><strong>in</strong></span> <span class='ocrx_word' id='word_1_210' title='bbox 1224 3018 1310 3080; x_wconf 74' lang='lat' dir='ltr'><strong>Dios·-</strong></span> 
     </span>
     <span class='ocr_line' id='line_1_25' title="bbox 52 3125 1310 3209; baseline -0.006 -14"><span class='ocrx_word' id='word_1_211' title='bbox 52 3141 120 3195; x_wconf 84' lang='lat' dir='ltr'><strong>nat.</strong></span> <span class='ocrx_word' id='word_1_212' title='bbox 136 3153 163 3193; x_wconf 91' lang='lat' dir='ltr'><strong>e.</strong></span> <span class='ocrx_word' id='word_1_213' title='bbox 175 3131 208 3190; x_wconf 79' lang='grc'><strong>4.</strong></span> <span class='ocrx_word' id='word_1_214' title='bbox 222 3150 253 3209; x_wconf 87' lang='lat' dir='ltr'><strong>p.</strong></span> <span class='ocrx_word' id='word_1_215' title='bbox 267 3126 318 3189; x_wconf 86' lang='grc'><strong>20.</strong></span> <span class='ocrx_word' id='word_1_216' title='bbox 336 3129 409 3204; x_wconf 69' lang='lat' dir='ltr'><strong>‘Qus&#39;</strong></span> <span class='ocrx_word' id='word_1_217' title='bbox 422 3128 561 3205; x_wconf 75' lang='lat' dir='ltr'><strong>dey‘enclr’t</strong></span> <span class='ocrx_word' id='word_1_218' title='bbox 576 3129 759 3190; x_wconf 71' lang='lat' dir='ltr'><strong>alteruma‘n</strong></span> <span class='ocrx_word' id='word_1_219' title='bbox 774 3125 904 3206; x_wconf 69' lang='lat' dir='ltr'><strong>juducio,</strong></span> <span class='ocrx_word' id='word_1_220' title='bbox 921 3132 978 3188; x_wconf 85' lang='lat' dir='ltr'><strong>ont</strong></span> <span class='ocrx_word' id='word_1_221' title='bbox 992 3145 1170 3188; x_wconf 68' lang='lat' dir='ltr'><strong>nannenus</strong></span> <span class='ocrx_word' id='word_1_222' title='bbox 1183 3126 1310 3204; x_wconf 80' lang='lat' dir='ltr'><strong>da&#39;er&#39;tur,</strong></span> 
     </span>
     <span class='ocr_line' id='line_1_26' title="bbox 50 3233 1310 3315; baseline -0.009 -10"><span class='ocrx_word' id='word_1_223' title='bbox 50 3246 82 3304; x_wconf 82' lang='lat' dir='ltr'><strong>sr&#39;</strong></span> <span class='ocrx_word' id='word_1_224' title='bbox 102 3248 212 3300; x_wconf 88' lang='lat' dir='ltr'><strong>orator</strong></span> <span class='ocrx_word' id='word_1_225' title='bbox 235 3243 302 3307; x_wconf 68' lang='grc' dir='ltr'><strong>σοις</strong></span> <span class='ocrx_word' id='word_1_226' title='bbox 324 3245 382 3296; x_wconf 87' lang='lat' dir='ltr'><strong>aut</strong></span> <span class='ocrx_word' id='word_1_227' title='bbox 404 3254 614 3307; x_wconf 74' lang='lat' dir='ltr'><strong>narramus,</strong></span> <span class='ocrx_word' id='word_1_228' title='bbox 635 3237 666 3295; x_wconf 72' lang='lat' dir='ltr'><strong>ss·</strong></span> <span class='ocrx_word' id='word_1_229' title='bbox 687 3243 746 3295; x_wconf 87' lang='lat' dir='ltr'><strong>ant</strong></span> <span class='ocrx_word' id='word_1_230' title='bbox 759 3235 817 3315; x_wconf 71' lang='lat' dir='ltr'><strong>Jns</strong></span> <span class='ocrx_word' id='word_1_231' title='bbox 839 3233 998 3312; x_wconf 79' lang='lat' dir='ltr'><strong>suggerit,</strong></span> <span class='ocrx_word' id='word_1_232' title='bbox 1022 3241 1079 3294; x_wconf 83' lang='lat' dir='ltr'><strong>aut</strong></span> <span class='ocrx_word' id='word_1_233' title='bbox 1096 3235 1310 3313; x_wconf 71' lang='lat' dir='ltr'><strong>praesentiam</strong></span> 
     </span>
     <span class='ocr_line' id='line_1_27' title="bbox 50 3340 1313 3420; baseline -0.009 -9"><span class='ocrx_word' id='word_1_234' title='bbox 50 3368 147 3411; x_wconf 85' lang='lat' dir='ltr'><strong>snam</strong></span> <span class='ocrx_word' id='word_1_235' title='bbox 174 3343 348 3405; x_wconf 83' lang='lat' dir='ltr'><strong>commodat</strong></span> <span class='ocrx_word' id='word_1_236' title='bbox 372 3345 486 3414; x_wconf 66' lang='lat' dir='ltr'><strong>omrem</strong></span> <span class='ocrx_word' id='word_1_237' title='bbox 515 3351 573 3404; x_wconf 84' lang='lat' dir='ltr'><strong>aut</strong></span> <span class='ocrx_word' id='word_1_238' title='bbox 593 3359 820 3412; x_wconf 78' lang='lat' dir='ltr'><strong>rnoousrron,</strong></span> <span class='ocrx_word' id='word_1_239' title='bbox 852 3342 883 3400; x_wconf 84' lang='lat' dir='ltr'><strong>ss‘</strong></span> <span class='ocrx_word' id='word_1_240' title='bbox 903 3341 1061 3420; x_wconf 78' lang='lat' dir='ltr'><strong>negotium</strong></span> <span class='ocrx_word' id='word_1_241' title='bbox 1082 3340 1229 3418; x_wconf 73' lang='lat' dir='ltr'><strong>suserpr&#39;tr</strong></span> <span class='ocrx_word' id='word_1_242' title='bbox 1254 3349 1313 3400; x_wconf 81' lang='lat' dir='ltr'><strong>aut</strong></span> 
     </span>
     <span class='ocr_line' id='line_1_28' title="bbox 50 3443 1311 3530; baseline -0.008 -14"><span class='ocrx_word' id='word_1_243' title='bbox 50 3472 234 3523; x_wconf 82' lang='lat' dir='ltr'><strong>oosnrron,</strong></span> <span class='ocrx_word' id='word_1_244' title='bbox 251 3454 282 3512; x_wconf 75' lang='grc' dir='ltr'><strong>εἰ</strong></span> <span class='ocrx_word' id='word_1_245' title='bbox 294 3454 473 3530; x_wconf 77' lang='lat' dir='ltr'><strong>praesentis</strong></span> <span class='ocrx_word' id='word_1_246' title='bbox 488 3468 635 3509; x_wconf 85' lang='lat' dir='ltr'><strong>caussam</strong></span> <span class='ocrx_word' id='word_1_247' title='bbox 655 3453 747 3518; x_wconf 79' lang='lat' dir='ltr'><strong>novit,</strong></span> <span class='ocrx_word' id='word_1_248' title='bbox 766 3455 802 3508; x_wconf 85' lang='lat' dir='ltr'><strong>et&#39;</strong></span> <span class='ocrx_word' id='word_1_249' title='bbox 813 3450 857 3508; x_wconf 84' lang='lat' dir='ltr'><strong>sr‘e</strong></span> <span class='ocrx_word' id='word_1_250' title='bbox 873 3455 989 3517; x_wconf 83' lang='lat' dir='ltr'><strong>tuetur,</strong></span> <span class='ocrx_word' id='word_1_251' title='bbox 1012 3454 1047 3507; x_wconf 85' lang='lat' dir='ltr'><strong>ut</strong></span> <span class='ocrx_word' id='word_1_252' title='bbox 1061 3465 1161 3506; x_wconf 87' lang='lat' dir='ltr'><strong>suom.</strong></span> <span class='ocrx_word' id='word_1_253' title='bbox 1184 3443 1251 3506; x_wconf 88' lang='lat' dir='ltr'><strong>Sed</strong></span> <span class='ocrx_word' id='word_1_254' title='bbox 1268 3443 1311 3506; x_wconf 86' lang='lat' dir='ltr'><strong>de</strong></span> 
     </span>
     <span class='ocr_line' id='line_1_29' title="bbox 50 3553 1365 3644; baseline -0.005 -21"><span class='ocrx_word' id='word_1_255' title='bbox 50 3557 267 3642; x_wconf 71' lang='lat' dir='ltr'><strong>cognitoribus</strong></span> <span class='ocrx_word' id='word_1_256' title='bbox 291 3554 404 3639; x_wconf 92' lang='lat' dir='ltr'><strong>paullo</strong></span> <span class='ocrx_word' id='word_1_257' title='bbox 427 3562 522 3644; x_wconf 63' lang='lat' dir='ltr'><strong>ante,</strong></span> <span class='ocrx_word' id='word_1_258' title='bbox 544 3553 586 3618; x_wconf 90' lang='lat' dir='ltr'><strong>de</strong></span> <span class='ocrx_word' id='word_1_259' title='bbox 608 3556 765 3616; x_wconf 77' lang='lat' dir='ltr'><strong>advocatie</strong></span> <span class='ocrx_word' id='word_1_260' title='bbox 788 3562 823 3617; x_wconf 89' lang='lat' dir='ltr'><strong>et</strong></span> <span class='ocrx_word' id='word_1_261' title='bbox 841 3556 986 3636; x_wconf 80' lang='lat' dir='ltr'><strong>patronis</strong></span> <span class='ocrx_word' id='word_1_262' title='bbox 1007 3571 1193 3617; x_wconf 82' lang='lat' dir='ltr'><strong>caussarum</strong></span> <span class='ocrx_word' id='word_1_263' title='bbox 1214 3571 1311 3635; x_wconf 90' lang='lat' dir='ltr'><strong>supra</strong></span> <span class='ocrx_word' id='word_1_264' title='bbox 1361 3608 1365 3616; x_wconf 36' lang='lat' dir='ltr'><em>s</em></span> 
     </span>
     <span class='ocr_line' id='line_1_30' title="bbox 51 3661 459 3756; baseline -0.02 -25"><span class='ocrx_word' id='word_1_265' title='bbox 51 3667 133 3731; x_wconf 87' lang='lat' dir='ltr'><strong>satis</strong></span> <span class='ocrx_word' id='word_1_266' title='bbox 151 3661 306 3726; x_wconf 86' lang='lat' dir='ltr'><strong>adcurate</strong></span> <span class='ocrx_word' id='word_1_267' title='bbox 324 3662 459 3756; x_wconf 81' lang='lat' dir='ltr'><strong>egimus.</strong></span> 
     </span>
    </p>
   </div>
   <div class='ocr_carea' id='block_1_8' title="bbox 51 3861 1380 4442">
    <p class='ocr_par' dir='ltr' id='par_1_12' title="bbox 51 3861 1380 4442">
     <span class='ocr_line' id='line_1_31' title="bbox 90 3861 1310 3940; baseline -0.002 -16"><span class='ocrx_word' id='word_1_268' title='bbox 90 3901 96 3910; x_wconf 48' lang='grc' dir='ltr'><em>ι</em></span> <span class='ocrx_word' id='word_1_269' title='bbox 127 3870 153 3940; x_wconf 94' lang='lat' dir='ltr'><strong>i)</strong></span> <span class='ocrx_word' id='word_1_270' title='bbox 176 3874 210 3920; x_wconf 68' lang='lat' dir='ltr'><strong>st</strong></span> <span class='ocrx_word' id='word_1_271' title='bbox 224 3867 362 3922; x_wconf 84' lang='lat' dir='ltr'><strong>enimvero</strong></span> <span class='ocrx_word' id='word_1_272' title='bbox 380 3866 461 3922; x_wconf 86' lang='lat' dir='ltr'><strong>etiam</strong></span> <span class='ocrx_word' id='word_1_273' title='bbox 479 3867 508 3920; x_wconf 89' lang='lat' dir='ltr'><strong>in</strong></span> <span class='ocrx_word' id='word_1_274' title='bbox 526 3866 742 3922; x_wconf 80' lang='lat' dir='ltr'><strong>discriminatos</strong></span> <span class='ocrx_word' id='word_1_275' title='bbox 761 3871 810 3930; x_wconf 83' lang='lat' dir='ltr'><strong>est,</strong></span> <span class='ocrx_word' id='word_1_276' title='bbox 829 3870 856 3920; x_wconf 86' lang='lat' dir='ltr'><strong>et</strong></span> <span class='ocrx_word' id='word_1_277' title='bbox 873 3865 915 3918; x_wconf 84' lang='lat' dir='ltr'><strong>vel</strong></span> <span class='ocrx_word' id='word_1_278' title='bbox 933 3861 1051 3916; x_wconf 85' lang='lat' dir='ltr'><strong>maxime</strong></span> <span class='ocrx_word' id='word_1_279' title='bbox 1075 3865 1222 3932; x_wconf 89' lang='lat' dir='ltr'><strong>quaeritur,</strong></span> <span class='ocrx_word' id='word_1_280' title='bbox 1246 3882 1310 3921; x_wconf 89' lang='lat' dir='ltr'><strong>num</strong></span> 
     </span>
     <span class='ocr_line' id='line_1_32' title="bbox 51 3949 1310 4022; baseline -0.004 -10"><span class='ocrx_word' id='word_1_281' title='bbox 51 3955 293 4012; x_wconf 82' lang='lat' dir='ltr'><strong>reconventionent</strong></span> <span class='ocrx_word' id='word_1_282' title='bbox 317 3969 352 4004; x_wconf 83' lang='lat' dir='ltr'><strong>ex</strong></span> <span class='ocrx_word' id='word_1_283' title='bbox 370 3951 489 4022; x_wconf 78' lang='lat' dir='ltr'><strong>cedentis</strong></span> <span class='ocrx_word' id='word_1_284' title='bbox 510 3968 626 4018; x_wconf 84' lang='lat' dir='ltr'><strong>persona</strong></span> <span class='ocrx_word' id='word_1_285' title='bbox 653 3951 791 4018; x_wconf 89' lang='lat' dir='ltr'><strong>suscipere</strong></span> <span class='ocrx_word' id='word_1_286' title='bbox 809 3955 932 4002; x_wconf 90' lang='lat' dir='ltr'><strong>teneatur</strong></span> <span class='ocrx_word' id='word_1_287' title='bbox 955 3949 982 4002; x_wconf 90' lang='lat' dir='ltr'><strong>in</strong></span> <span class='ocrx_word' id='word_1_288' title='bbox 1005 3965 1063 4002; x_wconf 88' lang='lat' dir='ltr'><strong>rem</strong></span> <span class='ocrx_word' id='word_1_289' title='bbox 1087 3965 1164 4004; x_wconf 88' lang='lat' dir='ltr'><strong>suam</strong></span> <span class='ocrx_word' id='word_1_290' title='bbox 1181 3967 1310 4016; x_wconf 82' lang='lat' dir='ltr'><strong>procura·</strong></span> 
     </span>
     <span class='ocr_line' id='line_1_33' title="bbox 51 4035 1309 4106; baseline -0.01 -8"><span class='ocrx_word' id='word_1_291' title='bbox 51 4044 120 4098; x_wconf 77' lang='lat' dir='ltr'><strong>tort</strong></span> <span class='ocrx_word' id='word_1_292' title='bbox 147 4036 312 4106; x_wconf 80' lang='lat' dir='ltr'><strong>Negantium</strong></span> <span class='ocrx_word' id='word_1_293' title='bbox 330 4044 420 4104; x_wconf 89' lang='lat' dir='ltr'><strong>partes</strong></span> <span class='ocrx_word' id='word_1_294' title='bbox 448 4041 539 4088; x_wconf 86' lang='lat' dir='ltr'><strong>tuetur</strong></span> <span class='ocrx_word' id='word_1_295' title='bbox 562 4037 763 4090; x_wconf 82' lang='lat' dir='ltr'><strong>Miihlenbruclr</strong></span> <span class='ocrx_word' id='word_1_296' title='bbox 787 4035 892 4088; x_wconf 72' lang='lat' dir='ltr'><strong>Oresten</strong></span> <span class='ocrx_word' id='word_1_297' title='bbox 914 4035 935 4102; x_wconf 64' lang='lat' dir='ltr'><strong>t.</strong></span> <span class='ocrx_word' id='word_1_298' title='bbox 955 4039 998 4086; x_wconf 79' lang='grc'><strong>62.</strong></span> <span class='ocrx_word' id='word_1_299' title='bbox 1020 4050 1048 4100; x_wconf 88' lang='lat' dir='ltr'><strong>p.</strong></span> <span class='ocrx_word' id='word_1_300' title='bbox 1062 4037 1222 4095; x_wconf 81' lang='lat' dir='ltr'><strong>coe-620.;</strong></span> <span class='ocrx_word' id='word_1_301' title='bbox 1240 4037 1309 4088; x_wconf 84' lang='lat' dir='ltr'><strong>affir-</strong></span> 
     </span>
     <span class='ocr_line' id='line_1_34' title="bbox 51 4115 1380 4190; baseline -0.01 -8"><span class='ocrx_word' id='word_1_302' title='bbox 51 4125 206 4182; x_wconf 85' lang='lat' dir='ltr'><strong>mantium:</strong></span> <span class='ocrx_word' id='word_1_303' title='bbox 225 4125 256 4176; x_wconf 87' lang='lat' dir='ltr'><strong>F.</strong></span> <span class='ocrx_word' id='word_1_304' title='bbox 271 4122 343 4176; x_wconf 84' lang='lat' dir='ltr'><strong>Guil.</strong></span> <span class='ocrx_word' id='word_1_305' title='bbox 356 4125 388 4177; x_wconf 88' lang='lat' dir='ltr'><strong>E.</strong></span> <span class='ocrx_word' id='word_1_306' title='bbox 400 4123 493 4174; x_wconf 86' lang='lat' dir='ltr'><strong>Backe</strong></span> <span class='ocrx_word' id='word_1_307' title='bbox 511 4121 764 4190; x_wconf 81' lang='lat' dir='ltr'><strong>Interpretatiouum</strong></span> <span class='ocrx_word' id='word_1_308' title='bbox 775 4121 851 4190; x_wconf 84' lang='lat' dir='ltr'><strong>juris</strong></span> <span class='ocrx_word' id='word_1_309' title='bbox 866 4120 970 4172; x_wconf 86' lang='lat' dir='ltr'><strong>romoni</strong></span> <span class='ocrx_word' id='word_1_310' title='bbox 986 4136 1042 4186; x_wconf 80' lang='lat' dir='ltr'><strong>cap.</strong></span> <span class='ocrx_word' id='word_1_311' title='bbox 1058 4116 1127 4181; x_wconf 81' lang='lat' dir='ltr'><strong>HL,</strong></span> <span class='ocrx_word' id='word_1_312' title='bbox 1144 4115 1190 4170; x_wconf 83' lang='lat' dir='ltr'><strong>ubi</strong></span> <span class='ocrx_word' id='word_1_313' title='bbox 1205 4119 1309 4188; x_wconf 75' lang='lat' dir='ltr'><strong>quaeri·</strong></span> <span class='ocrx_word' id='word_1_314' title='bbox 1377 4147 1380 4156; x_wconf 47' lang='grc' dir='ltr'>ν</span> 
     </span>
     <span class='ocr_line' id='line_1_35' title="bbox 52 4204 1309 4280; baseline -0.011 -14"><span class='ocrx_word' id='word_1_315' title='bbox 52 4224 120 4266; x_wconf 83' lang='lat' dir='ltr'><strong>tur:</strong></span> <span class='ocrx_word' id='word_1_316' title='bbox 140 4218 269 4278; x_wconf 82' lang='lat' dir='ltr'><strong>quatenus</strong></span> <span class='ocrx_word' id='word_1_317' title='bbox 286 4209 314 4260; x_wconf 82' lang='lat' dir='ltr'><strong>irs</strong></span> <span class='ocrx_word' id='word_1_318' title='bbox 331 4215 422 4260; x_wconf 73' lang='lat' dir='ltr'><strong>munta</strong></span> <span class='ocrx_word' id='word_1_319' title='bbox 441 4204 564 4258; x_wconf 81' lang='lat' dir='ltr'><strong>debitoris</strong></span> <span class='ocrx_word' id='word_1_320' title='bbox 579 4207 679 4280; x_wconf 74' lang='lat' dir='ltr'><strong>actione</strong></span> <span class='ocrx_word' id='word_1_321' title='bbox 692 4207 835 4274; x_wconf 81' lang='lat' dir='ltr'><strong>defendere</strong></span> <span class='ocrx_word' id='word_1_322' title='bbox 850 4204 1006 4257; x_wconf 82' lang='lat' dir='ltr'><strong>creditorem</strong></span> <span class='ocrx_word' id='word_1_323' title='bbox 1020 4210 1140 4272; x_wconf 73' lang='lat' dir='ltr'><strong>teneatur</strong></span> <span class='ocrx_word' id='word_1_324' title='bbox 1147 4210 1309 4268; x_wconf 83' lang='lat' dir='ltr'><strong>procurator</strong></span> 
     </span>
     <span class='ocr_line' id='line_1_36' title="bbox 51 4284 1309 4358; baseline -0.009 -11"><span class='ocrx_word' id='word_1_325' title='bbox 51 4301 83 4352; x_wconf 77' lang='lat' dir='ltr'><strong>in</strong></span> <span class='ocrx_word' id='word_1_326' title='bbox 102 4313 160 4347; x_wconf 83' lang='lat' dir='ltr'><strong>rem</strong></span> <span class='ocrx_word' id='word_1_327' title='bbox 180 4310 254 4345; x_wconf 82' lang='lat' dir='ltr'><strong>suam</strong></span> <span class='ocrx_word' id='word_1_328' title='bbox 264 4291 367 4358; x_wconf 83' lang='lat' dir='ltr'><strong>foetur.</strong></span> <span class='ocrx_word' id='word_1_329' title='bbox 379 4287 484 4354; x_wconf 82' lang='lat' dir='ltr'><strong>Regim.</strong></span> <span class='ocrx_word' id='word_1_330' title='bbox 501 4293 574 4342; x_wconf 85' lang='grc'><strong>1834.</strong></span> <span class='ocrx_word' id='word_1_331' title='bbox 587 4291 611 4340; x_wconf 85' lang='grc'><strong>8.</strong></span> <span class='ocrx_word' id='word_1_332' title='bbox 631 4289 717 4356; x_wconf 88' lang='lat' dir='ltr'><strong>Cujus</strong></span> <span class='ocrx_word' id='word_1_333' title='bbox 730 4291 810 4342; x_wconf 86' lang='lat' dir='ltr'><strong>etiam</strong></span> <span class='ocrx_word' id='word_1_334' title='bbox 822 4288 991 4356; x_wconf 88' lang='lat' dir='ltr'><strong>amplectitur</strong></span> <span class='ocrx_word' id='word_1_335' title='bbox 1006 4285 1166 4342; x_wconf 86' lang='lat' dir='ltr'><strong>sententiam</strong></span> <span class='ocrx_word' id='word_1_336' title='bbox 1177 4284 1309 4354; x_wconf 86' lang='lat' dir='ltr'><strong>novisque</strong></span> 
     </span>
     <span class='ocr_line' id='line_1_37' title="bbox 52 4367 1310 4442; baseline -0.011 -8"><span class='ocrx_word' id='word_1_337' title='bbox 52 4385 174 4434; x_wconf 85' lang='lat' dir='ltr'><strong>conatus</strong></span> <span class='ocrx_word' id='word_1_338' title='bbox 193 4382 234 4430; x_wconf 90' lang='lat' dir='ltr'><strong>est</strong></span> <span class='ocrx_word' id='word_1_339' title='bbox 258 4374 424 4442; x_wconf 77' lang='lat' dir='ltr'><strong>argumentis</strong></span> <span class='ocrx_word' id='word_1_340' title='bbox 442 4375 603 4426; x_wconf 87' lang='lat' dir='ltr'><strong>confirmare</strong></span> <span class='ocrx_word' id='word_1_341' title='bbox 620 4373 646 4424; x_wconf 90' lang='lat' dir='ltr'><strong>J.</strong></span> <span class='ocrx_word' id='word_1_342' title='bbox 663 4375 695 4426; x_wconf 91' lang='lat' dir='ltr'><strong>B.</strong></span> <span class='ocrx_word' id='word_1_343' title='bbox 717 4373 854 4427; x_wconf 85' lang='lat' dir='ltr'><strong>Sartnrius</strong></span> <span class='ocrx_word' id='word_1_344' title='bbox 882 4373 932 4424; x_wconf 84' lang='lat' dir='ltr'><strong>Die</strong></span> <span class='ocrx_word' id='word_1_345' title='bbox 950 4367 1036 4423; x_wconf 80' lang='lat' dir='ltr'><strong>Lelre</strong></span> <span class='ocrx_word' id='word_1_346' title='bbox 1055 4385 1104 4420; x_wconf 89' lang='lat' dir='ltr'><strong>uon</strong></span> <span class='ocrx_word' id='word_1_347' title='bbox 1122 4369 1170 4420; x_wconf 80' lang='lat' dir='ltr'><strong>dor</strong></span> <span class='ocrx_word' id='word_1_348' title='bbox 1194 4369 1310 4422; x_wconf 74' lang='lat' dir='ltr'><strong>Writer-</strong></span> 
     </span>
    </p>
   </div>
   <div class='ocr_carea' id='block_1_9' title="bbox 53 4458 589 4533">
    <p class='ocr_par' dir='ltr' id='par_1_13' title="bbox 53 4458 589 4533">
     <span class='ocr_line' id='line_1_38' title="bbox 53 4458 589 4533; baseline -0.019 -15"><span class='ocrx_word' id='word_1_349' title='bbox 53 4466 135 4533; x_wconf 75' lang='lat' dir='ltr'><strong>lrlape</strong></span> <span class='ocrx_word' id='word_1_350' title='bbox 156 4463 228 4528; x_wconf 82' lang='lat' dir='ltr'><strong>(Erl.</strong></span> <span class='ocrx_word' id='word_1_351' title='bbox 243 4462 331 4527; x_wconf 85' lang='grc'><strong>1838.)</strong></span> <span class='ocrx_word' id='word_1_352' title='bbox 352 4461 374 4528; x_wconf 67' lang='grc'><strong>5.</strong></span> <span class='ocrx_word' id='word_1_353' title='bbox 390 4463 484 4512; x_wconf 84' lang='grc'><strong>18.19.</strong></span> <span class='ocrx_word' id='word_1_354' title='bbox 503 4458 589 4510; x_wconf 82' lang='lat' dir='ltr'><strong>Miill.</strong></span> 
     </span>
    </p>
   </div>
   <div class='ocr_carea' id='block_1_10' title="bbox 572 4617 792 4630">
    <p class='ocr_par' dir='ltr' id='par_1_14' title="bbox 572 4617 792 4630">
     <span class='ocr_line' id='line_1_39' title="bbox 572 4617 792 4630; baseline 0 -2"><span class='ocrx_word' id='word_1_355' title='bbox 572 4617 792 4630; x_wconf 54' lang='grc' dir='ltr'><strong><em>Ἤ</em></strong></span> 
     </span>
    </p>
   </div>
   <div class='ocr_carea' id='block_1_11' title="bbox 0 0 1532 5168">
    <p class='ocr_par' dir='ltr' id='par_1_15' title="bbox 0 0 1532 5168">
     <span class='ocr_line' id='line_1_40' title="bbox 0 0 1532 5168; baseline 0 0"><span class='ocrx_word' id='word_1_356' title='bbox 0 0 1532 5168; x_wconf 95' lang='lat' dir='ltr'><strong> </strong></span> 
     </span>
    </p>
   </div>
  </div>
 </body>
</html>
