3056 5168
467 365 523 436 lin
546 367 709 438 Pssumis
732 365 897 440 laurone.
940 355 945 360 ⁵
1239 378 1313 448 ¹155
1358 475 1363 486 ¹

61 544 158 625 toris,
186 541 256 607 sive
278 542 425 608 absentis
446 543 524 614 sive,
542 545 639 608 nimis
662 545 815 629 occupati
838 547 978 632 agebat,
999 546 1088 612 uude
1113 554 1149 612 et
1163 551 1313 633 priroepa

53 655 197 735 judicum
211 659 350 715 vocatur
362 649 485 714 Ascon.
496 651 648 716 Pediano
664 651 740 738 [*in
756 654 886 717 Verrem
903 657 943 716 de
958 656 1122 719 Praetura
1138 658 1206 720 urb.
1221 679 1247 720 c.
1260 655 1312 720 61.
1385 675 1391 682 ·

55 783 87 843 p.
111 759 180 821 108.
195 755 301 843 fissa}
330 757 474 821 Praetor
498 779 633 844 quoque
660 781 817 844 praesens
844 761 946 826 dabat
967 761 1230 852 adcusationem,
1256 761 1312 828 vel

58 867 222 950 negabat,
249 866 392 952 cogebat
407 865 540 951 judices
567 875 602 930 et
624 867 830 951 dimittebat,
859 867 973 934 Judex
1001 889 1082 933 vero
1109 871 1312 954 quaestionis

57 975 168 1038 datam
198 973 359 1038 actionem
388 975 585 1057 exercebat,
607 975 740 1061 judices
769 975 984 1054 sortiebatur,
1010 985 1114 1040 testes
1141 976 1310 1058 audiebat,

57 1081 269 1166 quaestiones
284 1079 445 1162 babebat,
467 1081 594 1146 tabulas
609 1082 826 1167 inspiciebat,
843 1093 879 1147 et
900 1083 927 1146 si
943 1104 1009 1168 qua
1024 1092 1119 1148 erant
1139 1083 1235 1170 hujus
1251 1105 1311 1169 gs·

56 1189 145 1252 neris
167 1187 248 1252 alia:
267 1187 341 1251 Gar.
356 1187 511 1272 Sigonius
530 1190 600 1252 ils'aei.
613 1211 647 1272 p.
661 1189 734 1254 546.
748 1212 794 1272 sq.
817 1189 896 1256 Ger.
913 1189 1031 1254 Noodt
1045 1193 1085 1253 da
1098 1192 1258 1274 jurisds'ct.
1279 1201 1312 1255 et

56 1300 163 1380 imper.
178 1297 220 1358 II.
234 1295 264 1357 ὅ.
272 1318 308 1378 p.
323 1294 394 1360 158.
416 1294 641 1381 Schultingius
656 1298 838 1382 Juraprua
853 1300 1046 1381 Antejustsz.
1055 1319 1090 1381 p.
1105 1297 1179 1362 728.

633 1445 663 1526 §.
678 1443 729 1507 16.

511 1557 611 1618 Quales
627 1560 725 1630 reliqui
731 1561 859 1631 judices!

139 1658 277 1743 Reliqui
292 1659 426 1744 judices
441 1660 543 1748 quasi
556 1660 726 1726 consilium
742 1663 912 1727 Praetoris
927 1669 1036 1746 erant,
1054 1662 1206 1747 adeoque
1223 1661 1309 1726 adsi-

55 1769 182 1833 debant
197 1767 231 1830 in
253 1767 428 1832 subselliis.
449 1769 665 1854 Legebantur
678 1769 775 1833 initio
792 1791 835 1832 ex
855 1771 973 1836 ordine
989 1771 1169 1851 senatorio,
1186 1767 1308 1833 deinde

57 1897 101 1940 ex
124 1876 286 1961 equestri,
303 1897 346 1940 ex
366 1876 444 1960 lege
468 1877 677 1961 Sempronia:
699 1885 768 1941 tum
792 1899 836 1940 ex
858 1888 999 1964 utroque
1023 1876 1140 1941 ordine
1165 1877 1308 1962 exlege

57 1983 199 2048 Servilia
215 1983 409 2068 Caepionis,
425 1983 502 2048 binc
523 1985 642 2048 iterum
659 2005 702 2048 ex
717 1986 863 2070 equestri
880 2007 922 2050 ex
944 1984 1023 2070 lege
1038 1984 1182 2050 Servilia
1204 1965 1310 2049 Glau-

60 2091 144 2170 ciae,
158 2111 253 2174 porro
275 2091 393 2154 iterum
410 2113 453 2156 ex
475 2093 643 2156 senatorio
666 2114 710 2156 ex
728 2093 808 2177 lege
824 2093 919 2157 Livia
935 2092 1048 2174 Drusi,
1063 2102 1131 2156 tum
1147 2113 1190 2154 ex
1205 2093 1309 2155 tribus

57 2195 243 2280 ordinibus,
262 2199 441 2278 senatorio,
458 2198 615 2282 equestri,
631 2206 665 2261 et
686 2197 833 2284 plebejo,
850 2222 894 2264 ex
915 2199 993 2286 lege
1009 2199 1141 2263 Plautia
1163 2196 1308 2264 Silvani:

55 2305 134 2368 binc
152 2305 261 2370 denuo
286 2326 330 2368 ex
352 2307 520 2369 senatorio
541 2305 683 2391 exlege
707 2306 865 2376 Cornelia
887 2307 1018 2390 Sullae,
1036 2328 1074 2370 ac
1096 2304 1210 2390 paullo
1233 2315 1309 2389 post

54 2414 166 2478 denuo
191 2433 210 2476 e
233 2411 336 2476 tribus
363 2413 532 2478 ordinibus
558 2413 702 2500 exlege
724 2414 863 2479 Aurelia
894 2415 1034 2495 Cottae,
1064 2421 1232 2498 postremo
1264 2433 1307 2476 ex

52 2521 260 2586 senatoribus
275 2518 370 2604 iolis,
390 2543 434 2586 ex
455 2522 534 2607 lege
555 2521 647 2586 Julia
663 2521 812 2586 Caesaris
826 2525 868 2604 ⁰).
890 2521 1054 2586 Numerus
1071 2542 1112 2584 ex
1134 2519 1212 2605 lege
1229 2521 1307 2583 Ser-

51 2629 134 2693 vilia
161 2629 320 2694 Glauciae
350 2629 414 2696 fuit
441 2630 755 2716 quadringentorum
782 2629 1040 2716 quinquaginta:
1061 2631 1209 2715 quamvis
1238 2651 1305 2693 non

50 2737 143 2802 idern
160 2758 290 2821 semper
313 2737 413 2802 fuerit
428 2747 584 2802 servatus.
605 2739 673 2802 Hic
688 2760 840 2803 numerus
860 2737 970 2802 denuo
986 2739 1019 2802 in
1037 2737 1143 2803 varias
1157 2738 1307 2802 decurias

51 2845 238 2928 descriptus
262 2854 352 2920 erat,
374 2846 423 2909 uti
446 2845 587 2911 diximus
610 2867 706 2929 supra
729 2846 795 2908 La.
811 2847 869 2910 W.
891 2847 948 2908 stt.
963 2847 1071 2909 XVII.
1085 2846 1114 2926 δ.
1129 2845 1160 2908 2.
1181 2845 1234 2908 Ex
1249 2868 1307 2910 ea·

51 2955 130 3018 dem
145 2953 224 3035 lege
238 2953 388 3037 judicem
410 2975 473 3016 nec
494 2953 672 3036 oportebat
694 2952 831 3035 triginta
848 2953 943 3017 annis
956 2953 1115 3016 minorem
1132 2972 1221 3033 esse,
1244 2974 1306 3016 nec

50 3062 211 3146 majorem
233 3061 416 3146 sexaginta.
438 3060 525 3126 Aliis
546 3060 677 3144 legibus
699 3067 826 3122 cautum
842 3060 968 3139 fuerat,
984 3067 1020 3122 ut
1035 3058 1167 3144 judices
1186 3060 1305 3143 viginti

49 3171 201 3255 quinque
224 3167 265 3232 ad
288 3170 455 3233 minimum
477 3190 635 3234 annorum
657 3174 782 3248 essent,
807 3167 954 3253 quamvis
974 3166 1162 3230 vicesimum
1185 3188 1303 3230 annum

48 3275 203 3341 sufficere
225 3275 342 3341 iterum
365 3278 479 3342 statuit
496 3276 681 3362 Augustus:
704 3275 882 3340 Suetonius
909 3277 1016 3336 Octas.
1042 3276 1128 3357 Aug.
1150 3296 1175 3336 c.
1195 3273 1247 3336 32.
1261 3275 1305 3354 d).

47 3384 207 3468 Legebat
235 3406 292 3448 eos
318 3385 493 3468 quotannis
520 3387 681 3466 Praetor,
704 3381 800 3447 simul
815 3383 946 3468 juram,
973 3403 1008 3446 se
1031 3403 1089 3446 eos
1111 3381 1190 3446 dolo
1218 3379 1304 3444 malo
1392 3391 1396 3398 '

46 3494 213 3558 scientem
237 3514 305 3558 non
332 3491 474 3578 legisse:
496 3493 577 3559 lecti
599 3513 679 3558 vero
707 3492 845 3556 aderant
873 3491 907 3554 in
933 3489 1113 3574 subselliis,
1144 3499 1179 3555 et
1198 3488 1302 3576 jurati

46 3601 206 3668 ferebant
227 3601 435 3666 sententiam.

627 3717 656 3800 §-
677 3715 728 3779 17.

517 3781 522 3788 ι

141 3833 197 3886 Rei
208 3835 326 3904 primam
344 3833 432 3902 injus
448 3835 541 3899 vocali,
560 3833 652 3888 deinde
666 3821 801 3903 postillam
811 3833 935 3902 facultas
952 3831 1091 3902 deserendi
1106 3849 1210 3885 nomast.

135 3935 247 4000 Etiam
262 3935 397 4019 publica
411 3934 541 4019 judicia
561 3935 765 4021 incipiebant
780 3937 822 3999 ab
844 3937 878 3998 io
892 3936 951 4016 jus
969 3937 1146 3998 acculabus:
1166 3929 1246 3994 L.8.
1260 3931 1301 3992 J).

122 4125 154 4192 c)
176 4125 218 4178 De
234 4125 339 4192 legibus
353 4123 523 4191 jndiciariis,
542 4126 650 4191 quaed
667 4124 776 4180 ordines
791 4120 916 4190 judicum
933 4123 963 4177 in
980 4121 1097 4191 publicis
1110 4120 1224 4190 judiciis
1240 4135 1302 4186 spe·

41 4216 211 4274 cieverunt,
230 4208 285 4264 vid·
310 4210 448 4264 Ferratius
474 4210 543 4279 Epp.
562 4212 583 4262 1.
604 4217 627 4262 l.
645 4215 672 4262 et
689 4216 714 4263 o.
732 4225 782 4262 neo
798 4224 855 4263 uon
881 4209 963 4275 Cssp.
981 4208 1148 4262 Garatonias
1165 4207 1201 4259 cd
1220 4205 1302 4258 cicer.

43 4297 176 4364 Philipp.
195 4297 217 4348 1.
236 4300 261 4350 8.
281 4297 312 4347 T.
331 4296 351 4348 Ι.
369 4312 397 4362 ρ.
416 4300 458 4348 60.
477 4310 518 4363 sq.
536 4295 578 4348 ed.
597 4289 769 4348 Werusdort'.
789 4293 878 4348 Haub.
1221 4316 1227 4327 =

122 4379 157 4446 d)
177 4381 233 4434 Pro
251 4381 380 4434 vicesimo
398 4393 470 4434 anuo
488 4380 656 4434 tricesimum
673 4378 751 4447 ponit
768 4379 830 4432 Car.
840 4377 970 4446 Sigonius
985 4377 1017 4430 dc
1030 4375 1143 4430 Judiciis
1155 4377 1195 4430 ΙΙ.
1211 4379 1236 4430 8.
1253 4374 1301 4427 sed

43 4467 235 4532 depravatum
258 4482 319 4520 csse
342 4464 418 4522 illum
442 4468 533 4520 locum
558 4464 700 4531 Suetonii,
723 4465 886 4533 jamdudum
904 4464 1082 4516 observarunt
1100 4461 1228 4530 Cujacius
1249 4457 1302 4512 Ob·

41 4559 162 4604 servati.
184 4551 254 4604 XX.
272 4555 314 4604 ³2.
332 4558 360 4604 et
378 4549 511 4606 Graevius
530 4551 558 4604 in
573 4551 726 4622 Proleyom.
748 4551 778 4604 T.
792 4551 848 4604 XI.
870 4549 997 4604 laesam.
1015 4547 1113 4616 anaqal.
1131 4548 1208 4600 Rom.
1222 4546 1302 4600 Heia.

1040 4632 1108 4694 48*
