3062 5164
539 397 595 468 Un
619 398 715 470 donn
740 399 857 470 Lnnrr.
1252 413 1325 482 295

55 578 150 640 duas·
162 577 315 658 poputum
336 575 576 648 sssdmooernnt5
598 578 761 658 sitellaque
785 578 895 640 adlata
916 587 977 653 est,
1000 586 1038 640 ut
1055 583 1254 658 conseatur,
1273 585 1331 648 aot

56 685 183 747 Latini
198 684 389 764 suffragium
403 683 542 759 ferrent.
568 683 703 746 Deinde
723 682 787 746 hoc
804 685 860 768 jus
880 681 1107 771 suffragiorum
1126 697 1199 752 erat
1219 691 1325 756 veluti

57 790 265 875 precarium.
285 788 569 873 Quotiescumque
585 791 673 856 enim
687 791 821 872 liberet,
833 792 966 856 edicere
982 801 1138 877 poterant
1151 795 1324 880 Consules,

58 907 98 964 ut
114 899 232 964 Latini
248 897 331 960 urbe
354 897 496 961 exirent.
516 899 613 962 Fecit
633 899 668 962 id
692 919 770 962 sane
787 899 958 982 Virginius
974 901 1116 983 Consul,
1133 901 1237 966 Cassii
1254 906 1324 969 col-

58 1008 163 1090 lega,
178 1005 269 1089 apud
288 1005 427 1089 Dionys.
444 1004 555 1070 Halia.
577 1006 664 1068 VIII.
678 1006 729 1068 77.
749 1007 848 1071 Fecit
863 1015 898 1070 et
920 1007 956 1072 0.
972 1008 1131 1086 Fannius,
1152 1013 1210 1096 qui
1230 1009 1325 1077 Leti·-

60 1137 138 1195 nos,
157 1112 308 1196 suffragii
321 1134 435 1178 caussa
448 1113 481 1178 in
497 1115 612 1178 urbem
624 1113 763 1194 adcitos,
778 1135 822 1178 ex
841 1114 931 1178 scto
949 1116 1115 1180 excedere
1125 1119 1239 1202 jussit:
1255 1120 1323 1186 oie.

61 1225 165 1286 Brut.
181 1243 208 1284 a.
221 1220 274 1288 26..
290 1219 363 1284 Nec
381 1221 478 1304 plura
496 1220 651 1306 exempla
667 1227 777 1286 tamen
793 1229 992 1286 succurrunt.
1015 1223 1115 1288 Unde
1131 1225 1251 1290 Cicero
1261 1249 1324 1310 pro

63 1335 105 1392 P.
125 1330 237 1392 Sestio
250 1313 279 1390 ci
293 1327 344 1392 13.
369 1325 460 1392 Mirr
479 1331 622 1394 acerbius
645 1335 722 1392 sossi·
734 1331 846 1394 Latini
850 1331 944 1409 serre
963 1333 1049 1394 soliti
1060 1342 1145 1407 sunt,
1160 1355 1270 1416 quarn,
1291 1337 1326 1398 id

64 1439 150 1520 qnod
159 1457 299 1519 perraro
314 1437 440 1509 adsistit,
458 1458 479 1498 a
496 1438 681 1502 Gonsuts'das
688 1439 802 1520 juderi
812 1459 852 1500 ea
867 1439 943 1502 arde
957 1443 1055 1502 esus.

643 1603 672 1686 ς.
693 1603 746 1667 ss.

417 1695 422 1704 ι
477 1719 544 1772 Item
553 1721 603 1790 jas
616 1721 727 1790 petendi
743 1720 863 1774 tonores.

155 1836 355 1902 Gaudebant
370 1837 471 1902 etiarn
487 1839 564 1923 jure
580 1839 693 1926 aliquo
710 1854 896 1920 uoNORUM,
917 1838 1062 1935 sednon
1078 1839 1216 1924 optimo,
1233 1839 1324 1926 quali

70 1945 157 2008 cives
178 1945 335 2008 Romani.
356 1944 396 2008 In
423 1967 464 2008 eo
493 1952 602 2008 tamen
627 1946 885 2031 provincialibus
909 1955 1003 2012 erant
1026 1947 1211 2030 feliciores,
1233 1948 1325 2032 quod

68 2075 134 2116 non
149 2053 312 2118 Romanis
326 2053 542 2116 Praetoribus
557 2054 883 2139 Proconsulibusque
905 2064 1077 2139 parerent,
1093 2055 1151 2119 sed
1174 2055 1238 2120 suis
1254 2077 1319 2119 ma-

67 2161 268 2245 gistratibus.
288 2160 388 2224 Unde
403 2160 445 2224 de
462 2161 640 2245 Nemauso,
651 2162 729 2246 jure
743 2163 831 2226 Latii
849 2163 984 2243 donata,
1001 2163 1121 2226 Strabo
1137 2164 1252 2246 Geogr.
1264 2164 1323 2228 IV.

65 2291 90 2332 c.
107 2269 138 2331 l.
160 2270 191 2350 §.
212 2268 263 2330 12.
282 2270 408 2333 scribite
437 2271 489 2330 Ea
510 2270 550 2330 de
573 2291 688 2330 caussa
707 2263 850 2351 papulae
869 2273 921 2332 ille
941 2269 1092 2330 Romanis
1118 2271 1323 2334 Praetoribus

64 2397 130 2436 non
144 2380 266 2458 paruit.
299 2375 423 2439 Melior
441 2397 575 2460 quoque
595 2377 628 2440 in
650 2397 691 2440 eo
710 2385 781 2439 erat
799 2376 930 2440 illorum
951 2376 1111 2452 conditio,
1131 2397 1228 2460 quam
1253 2376 1323 2440 lta-

64 2483 176 2546 lorum
187 2529 197 2564 ,
222 2483 326 2566 quod,
343 2484 586 2567 magistratibus
608 2483 642 2547 in
660 2484 767 2568 patria
786 2484 902 2569 gestis,
915 2483 970 2566 jus
989 2483 1131 2547 civitatis
1148 2483 1322 2566 Romanae

68 2600 368 2676 consequerentur:
392 2612 458 2675 qua
480 2591 521 2654 de
536 2612 573 2654 re
592 2612 688 2675 supra
706 2591 847 2656 diximus
865 2591 894 2674 §.
908 2588 938 2652 7.
962 2587 1010 2653 At
1027 2590 1171 2654 honores
1185 2591 1221 2654 in
1240 2592 1322 2672 urbe

70 2709 185 2781 petere
205 2697 295 2760 haud
315 2705 472 2781 poterant
488 2706 566 2762 ante
586 2700 754 2764 civitatem
773 2698 850 2780 lege
865 2697 958 2762 Julia
975 2699 1095 2762 datam.
1118 2699 1209 2764 Hinc
1223 2719 1322 2784 quum

74 2805 158 2868 bello
179 2805 310 2874 Punico
325 2806 369 2870 II.
384 2807 440 2892 Sp.
454 2805 616 2870 Carvilius
633 2807 796 2887 suasisset,
813 2813 849 2868 ut
868 2826 912 2868 ex
929 2804 1066 2888 singulis
1082 2805 1214 2890 populis
1229 2807 1323 2872 Lati-

71 2933 183 2978 norum
214 2913 301 2976 binis
325 2913 556 2994 Senatoribns,
590 2913 617 2976 si
641 2914 759 2977 Patres
783 2913 1002 2992 censuissent,
1028 2912 1143 2977 civitas
1167 2913 1322 2998 adeoque
1368 2981 1371 2986 ,

72 3023 172 3084 etiam
187 3022 243 3106 jus
261 3021 535 3106 capessendorum
547 3021 796 3104 magistratuum
813 3018 961 3084 daretur:
976 3021 1046 3104 ejus
1055 3021 1117 3102 rei,
1133 3028 1168 3084 ut
1180 3020 1322 3106 alienae,

73 3129 194 3190 mentio
215 3149 390 3212 suppressa
409 3136 474 3190 est:
488 3119 565 3190 Lis.
583 3127 709 3196 XXIII.
727 3128 778 3190 22.
807 3127 879 3190 Nec
899 3125 1028 3190 felicius
1047 3147 1237 3209 processere
1256 3130 1324 3192 La-

72 3237 211 3300 tinorum
232 3234 387 3316 consilia,
404 3256 500 3318 quum
525 3234 664 3298 aiterum
687 3233 865 3298 Consulem
887 3255 931 3296 ex
951 3256 1009 3298 sua
1026 3243 1128 3318 gente
1146 3234 1323 3300 creandum

69 3352 243 3428 urgerent:
260 3344 332 3406 Liv.
353 3343 439 3404 VIII.
451 3342 481 3402 4.
502 3341 601 3404 Unde
618 3341 660 3404 de
677 3343 918 3426 magistratibus
937 3327 1072 3425 patriis,
1092 3362 1159 3405 non
1179 3343 1323 3426 urbanis,

69 3451 309 3536 intelligendus
325 3459 373 3513 est
392 3449 555 3513 Asconius
570 3449 751 3530 Pedianus,
773 3449 906 3533 quando
926 3450 969 3513 de
986 3449 1094 3514 Gallis
1113 3450 1324 3533 Transpada·

68 3561 115 3622 nis
135 3558 228 3621 Latii
241 3560 318 3644 jure
338 3557 468 3620 donatis
485 3579 505 3619 a
521 3555 563 3634 Q.
582 3557 745 3640 Pompejo
765 3557 929 3620 Strabone
950 3558 1007 3639 ait,
1026 3561 1173 3622 natasse
1188 3578 1239 3620 eos
1253 3560 1323 3640 jus,

68 3669 152 3747 qaod
168 3675 293 3730 ceterae
310 3667 448 3726 Latinae
465 3667 614 3736 coloniae,
634 3665 668 3725 id
686 3675 743 3736 est,
762 3673 797 3726 nt
813 3685 971 3726 seruant
990 3647 1228 3754 manseramus
1245 3687 1324 3732 ens·

69 3795 138 3848 rra,
160 3777 317 3834 ciuitatem
332 3774 509 3834 Romanam
524 3771 788 3854 adr'prsscerentur:
803 3770 924 3834 Ascon.
942 3770 1080 3834 Pedian.
1093 3772 1129 3835 in
1154 3772 1242 3833 Orat.
1263 3772 1324 3834 cte.

69 3891 180 3942 contra
192 3881 231 3940 L.
249 3881 394 3940 Pisonem
403 3900 437 3960 p.
448 3878 520 3942 156.
536 3899 578 3941 ex
597 3879 675 3941 edit.
692 3900 777 3962 quae
792 3878 917 3962 prodiit
930 3881 1033 3962 Lag'd.
1044 3882 1158 3941 Batao.
1172 3877 1264 3940 1675.
1274 3877 1325 3942 12.

70 3987 193 4051 Dicere
217 3987 305 4050 enim
325 3985 439 4069 procui
457 3985 559 4048 dubio
577 3985 698 4068 voluit,
718 3995 754 4048 ut
769 3990 856 4068 gesti
869 3991 1077 4068 magistratus
1092 3990 1199 4070 gratia
1218 3989 1325 4048 cincta-

70 4105 129 4157 tem
150 4098 329 4158 Romanam
354 4096 611 4176 adspaescerentnr.
647 4093 736 4157 illud
764 4094 850 4156 enirn
870 4094 925 4178 jus
949 4093 1076 4156 Latinis
1101 4093 1201 4158 fuisse
1228 4115 1325 4176 supra
1374 4169 1378 4176 .
1499 4135 1506 4146 ·

68 4204 94 4284 §.
110 4204 141 4265 7.
158 4203 416 4267 demonstratum
435 4209 485 4264 est
499 4205 542 4284 θ).

137 4416 169 4482 e)
190 4415 283 4466 nouus
300 4413 544 4468 asennaeum
566 4416 595 4467 a
614 4416 707 4468 eran.
730 4433 753 4467 ι.
774 4419 797 4467 1.
814 4433 843 4482 ρ.
863 4417 920 4467 reo.
938 4414 978 4466 ar.
995 4415 1028 4466 r„
1046 4389 1084 4464 ej
1106 4412 1181 4465 vane
1206 4416 1325 4464 renuas

68 4506 109 4552 est
125 4515 145 4552 a
167 4497 236 4551 viris
254 4496 351 4550 doctis.
369 4497 415 4550 Sic
432 4500 496 4552 Aut.
513 4499 684 4565 Augustinus
701 4498 787 4566 Epist.
805 4500 841 4550 od
860 4498 982 4565 Onnptrr.
997 4498 1159 4551 Peneim'rms
1172 4515 1201 4566 p.
1213 4501 1274 4551 ³40.
1289 4516 1328 4566 sq.

69 4591 94 4636 et
110 4601 139 4653 p.
152 4589 216 4636 351.
233 4581 418 4650 (Usttsetionts
434 4584 604 4652 emmonem
621 4601 639 4637 o
656 4585 707 4638 10.
717 4583 862 4646 Andresio,
878 4585 993 4636 Pumse
1013 4586 1088 4636 1804.
1106 4587 1142 4647 8.,
1154 4583 1254 4650 edus)
1274 4581 1328 4646 legi
