3130 5148
404 369 459 438 Da
483 370 578 442 June
603 368 691 438 Nar.
717 367 830 440 Gara.
854 391 900 438 nr
925 367 1001 439 Cro.

541 660 681 730 ΜΝ
693 661 865 729 ΜΝ·

149 762 329 847 Pergimus
346 761 390 826 ad
410 776 583 828 meones
602 776 825 843 rennuerunt,
846 783 932 846 quae
956 771 992 828 et
1009 762 1082 847 ipsa
1100 770 1230 846 partem
1246 762 1332 848 juris

77 870 332 934 constituebant.
355 869 562 934 Dioebentor
584 890 624 934 ea
643 869 818 954 speciatim
839 885 899 934 sue
922 887 1049 936 ervrms
1080 869 1187 935 Cicer.
1203 891 1270 952 ,pto
1290 873 1332 936 A.

80 981 210 1041 &scios
239 975 292 1040 ἢ
314 975 354 1038 L.
368 975 400 1038 2.
420 977 449 1057 3.
467 977 497 1038 5.
514 977 557 1040 D.
578 978 618 1040 de
644 977 733 1058 orn.
747 979 816 1057 jur.
846 997 914 1040 non
934 998 1016 1042 vero
1037 993 1332 1044 ruereeeunlrcrm

79 1101 199 1150 uuum:
221 1082 303 1164 6.,3.
325 1084 404 1147 Istat.
425 1084 465 1146 ds
480 1083 584 1165 Legit.
606 1092 716 1166 agnat.
732 1101 867 1148 sconem.
891 1104 958 1168 qua
980 1084 1090 1169 potius
1114 1085 1217 1150 totius
1229 1083 1332 1169 juris-

78 1187 272 1276 prudentiae
289 1190 463 1256 Romanae
481 1189 638 1274 periodus
653 1190 733 1274 lege
747 1189 822 1254 ΧΠ
834 1189 1017 1256 tabularum
1031 1190 1332 1276 jussioni-periali

79 1295 182 1362 autem
206 1297 428 1380 dispositione
454 1298 602 1364 anterior
626 1297 835 1382 intelligitur.
856 1297 949 1366 Addi
973 1305 1084 1364 tamen
1102 1307 1213 1382 potest
1231 1299 1276 1362 V.
1293 1296 1332 1361 C.

78 1409 141 1471 Jac.
156 1404 318 1468 Perizon.
338 1405 383 1466 od
395 1405 434 1464 L.
454 1405 565 1467 Vocon.
584 1425 617 1486 Ρ.
631 1403 702 1468 198.
718 1405 829 1470 Multa
837 1406 922 1490 juris
943 1405 1141 1490 capitapost
1157 1403 1231 1468 ΧΠ
1247 1403 1332 1468 Tab.

79 1536 133 1598 per
142 1511 455 1597 interpretationem
469 1511 669 1576 invexerunt
680 1512 771 1594 soti,
791 1513 919 1578 obeam
936 1534 1007 1578 rem
1024 1528 1122 1578 suere
1138 1526 1333 1576 succenses

79 1621 153 1685 ne
175 1622 217 1682 Ι).
241 1623 274 1682 ss'
287 1640 365 1702 paro
384 1621 489 1682 hored.
511 1629 576 1702 pet.
601 1620 638 1682 L.
655 1619 707 1682 39.
729 1622 771 1682 1).
791 1621 831 1682 de
844 1623 916 1684 Ast.
931 1630 1002 1686 emt.
1026 1619 1127 1684 L.17.
1142 1621 1184 1681 1).
1197 1620 1237 1682 ds
1253 1620 1334 1682 dure

75 1739 154 1811 potr.
178 1735 214 1791 ot
232 1735 270 1789 et
292 1741 388 1791 sums
404 1743 617 1793 connrronss
629 1725 813 1810 adpetistis
827 1728 865 1792 L.
876 1727 977 1792 Ἀθ.
992 1728 1033 1792 do
1045 1729 1214 1790 Procerus.
1230 1729 1276 1807 r).

656 1893 686 1974 S.
706 1891 758 1955 30.

283 2074 286 2090 ¹
528 2006 777 2060 Jurecomutco'rum
795 2008 878 2077 oripo.

155 2109 178 2172 J
180 2107 401 2173 ureconsultis
419 2106 547 2172 Romae
571 2109 735 2192 originem
759 2108 853 2172 dedit
871 2108 1057 2177 institutum
1074 2133 1094 2173 a
1109 2107 1255 2173 Romulo
1272 2125 1332 2176 tus

81 2232 312 2283 personamus.
336 2214 555 2279 Patriciorum
579 2215 666 2276 enim
687 2224 770 2298 erat,
790 2225 962 2299 parentum
981 2237 1116 2279 munere
1142 2217 1234 2302 fungi
1252 2237 1335 2302 erga

80 2323 237 2408 plebejos‚
253 2321 344 2388 unde
369 2332 403 2386 et
422 2326 553 2406 patroni
570 2323 775 2404 dicebantur,
802 2322 895 2408 quasi
920 2331 1042 2408 patres,
1058 2324 1333 2407 quemadmodum

80 2438 244 2494 matronae
262 2429 356 2515 quasi
377 2437 494 2493 matres
517 2438 600 2494 sunt.
621 2430 724 2516 Optio
748 2451 829 2516 ergo
852 2430 954 2494 cnivis
977 2438 1048 2494 erat
1071 2430 1218 2516 eplebe‚
1235 2451 1334 2518 quem
1419 2481 1424 2488 ,

81 2539 186 2621 vellet,
202 2539 267 2602 sibi
284 2545 458 2624 patronum
474 2538 611 2622 legendi
627 2561 646 2602 c
661 2538 817 2624 patriciis.
831 2539 931 2604 Hunc
947 2560 1027 2604 vero
1039 2537 1218 2624 oportebat
1230 2539 1335 2602 clien-

80 2647 159 2711 tibus
174 2645 382 2732 respondere
398 2645 538 2730 dejure,
555 2645 644 2733 cujus
660 2646 711 2711 illi
730 2646 828 2710 rudes
852 2655 955 2732 crant,
973 2647 1156 2712 absentium
1173 2667 1279 2734 aeque
1295 2667 1334 2712 ac

31 2829 33 2834 ¹
83 2757 298 2839 praesentium
320 2755 457 2840 negotia
478 2775 603 2838 curare,
622 2754 698 2824 lites
722 2776 783 2840 pro
807 2755 847 2817 iis
869 2755 1045 2840 suscipere,
1068 2754 1103 2818 in
1119 2755 1175 2840 Jus
1197 2762 1334 2820 vocatos

82 2864 271 2947 defendere,
294 2872 329 2926 et
351 2863 496 2949 quietem
514 2865 561 2927 eis
585 2883 646 2947 pro
672 2863 760 2928 virili
784 2882 900 2947 parare
924 2885 944 2932 a
964 2860 1106 2948 publicis
1129 2861 1334 2949 privatisque

81 2974 229 3058 negotiis
243 2971 400 3036 Vicissim
413 2971 702 3056 plebejorom'erat,
718 2981 876 3056 patronos
888 2969 922 3030 in
939 2968 1108 3033 elocandis
1124 2968 1199 3035 filiis
1201 2972 1333 3056 juvare,
1365 3001 1373 3026 ι

83 3081 225 3165 captivos
241 3079 298 3143 vel
322 3080 421 3166 ipsos,
443 3075 498 3142 vel
518 3099 630 3141 eorum
647 3079 743 3160 filios,
769 3079 944 3159 redimere,
966 3075 1072 3139 litium
1090 3077 1334 3141 aestimationes
1399 3074 1415 3108 ³

83 3197 114 3250 et
126 3188 266 3268 mulctas
278 3209 338 3271 pro
350 3187 390 3249 iis
406 3185 547 3270 solvere,
558 3187 591 3248 in
604 3186 845 3270 magistratibus
858 3183 1112 3270 muneribusque
1125 3203 1182 3246 eos
1194 3193 1333 3268 argento

83 3297 264 3376 sublevare,
287 3303 426 3378 atquae
448 3303 522 3358 sunt
545 3294 611 3359 alia
630 3293 725 3380 hujus
748 3294 879 3379 generis
896 3293 1016 3358 officia.
1043 3291 1142 3356 Unde
1159 3299 1194 3354 et
1208 3293 1336 3359 clientes
1408 3369 1412 3376 Ι

84 3405 168 3487 dicti,
194 3403 290 3490 quasi
312 3405 446 3466 colentes
468 3401 524 3467 vel
551 3408 728 3476 κλειοῦιτες.
750 3401 889 3486 Dionys.
909 3401 1020 3466 Halic.
1040 3405 1116 3476 Ast.
1132 3401 1221 3464 Rom.
1232 3401 1275 3464 II.
1285 3399 1336 3464 10.

83 3509 248 3576 Plutarch.
268 3515 320 3572 vit.
341 3511 469 3572 Romuli
483 3507 534 3572 13.
554 3511 624 3571 ΊῑΙ.
640 3511 717 3592 ΟΡΡ.
741 3508 860 3594 Polyb.
879 3509 965 3574 Ht'st.
988 3512 1012 3572 I.
1025 3501 1060 3594 Ρ.
1077 3509 1150 3574 459.
1170 3509 1221 3572 Ea
1236 3530 1337 3598 porro
1373 3589 1378 3598 ‚

17 3689 25 3702 .
83 3631 190 3685 mutua
207 3617 376 3702 obligatio
390 3627 482 3682 tanta
502 3615 745 3681 necessitudine
769 3639 807 3680 ac
829 3617 894 3680 fide
912 3615 1188 3702 adstringebatur‚
1208 3625 1247 3680 ut
1258 3639 1338 3701 pro-

83 3730 201 3793 ximum
218 3734 361 3813 patrono
378 3725 485 3790 locum
503 3725 678 3788 secundum
695 3732 849 3808 parentes
865 3724 1026 3790 concedat
1042 3725 1127 3790 Cato
1142 3725 1231 3810 opud
1248 3707 1337 3788 Gell.

82 3837 184 3900 Nocet.
207 3840 276 3900 Aa.
302 3836 338 3899 V.
357 3833 407 3902 13.
430 3832 709 3920 [quineommus
733 3839 818 3899 teste
844 3833 962 3898 Servio
985 3835 1030 3896 od
1052 3834 1163 3916 Virgs't.
1181 3833 1264 3895 Aea.
1284 3832 1337 3894 VI.

82 3943 188 4006 effi.
205 3963 280 4004 eum
295 3936 468 4026 patronum
485 3963 612 4005 sacrum
633 3963 702 4004 esse
710 3941 856 4024 jusserit,
880 3940 1032 4025 quiquid
1052 3941 1087 4003 in
1103 3937 1233 4004 clientis
1249 3937 1338 4000 frau-

84 4049 155 4113 dem
181 4052 300 4134 egerit.
325 4048 458 4112 Sacrum
485 4070 564 4112 vero
590 4069 659 4120 esse
681 4047 760 4133 quid
785 4048 836 4130 sit,
863 4047 1011 4134 pluribus
1034 4043 1179 4109 ostendit
1198 4042 1338 4128 Dionys.

84 4157 190 4222 Halic.
199 4160 243 4222 II.
252 4157 304 4220 11.
318 4156 485 4221 Raevard.
495 4160 539 4220 ad
549 4157 621 4218 XII
626 4155 717 4219 rats.
732 4176 758 4218 c.
766 4155 795 4216 4.
805 4151 911 4240 pez]
927 4157 970 4235 s).
987 4153 1060 4216 Nec
1071 4153 1191 4236 privati
1201 4157 1337 4234 tantum,

148 4367 181 4432 p)
208 4366 331 4427 Veteres,
359 4363 470 4431 quinam
488 4362 579 4416 vocati
601 4361 673 4417 sintt
689 4377 715 4414 v.
743 4361 863 4416 Dirkscn
885 4359 969 4415 Beitr·
994 4372 1044 4412 aur
1062 4357 1163 4410 Kundc
1185 4356 1234 4410 des
1251 4357 1288 4411 R·
1305 4357 1340 4410 R.

87 4448 131 4502 NB
147 4452 184 4605 1ql)
203 4449 299 4602 gaddel·
310 4534 346 4586 de
360 4531 451 4598 piebis
470 4532 498 4585 in
521 4527 675 4598 principum
692 4528 829 4583 clientelas
850 4526 1032 4593 descriptione
1054 4528 1107 4582 hoo
1123 4526 1153 4582 iu
1167 4500 1241 4582 'loco
1258 4525 1341 4582 tradit
1427 4541 1430 4548 ·
