3062 5156
207 402 278 468 244
586 394 769 460 Annannnr
793 391 868 458 Lis.
894 391 921 458 1.
946 388 1034 483 Car.
1059 393 1086 458 Ι.

208 571 324 635 stituto
343 569 421 654 jure
444 567 506 632 illo
529 574 736 651 patronatus,
758 565 800 630 de
826 587 893 651 quo
913 585 1011 648 supra
1026 564 1123 648 plura
1145 564 1296 630 diximus.
1317 565 1374 630 Ad
1389 567 1464 651 jura

182 691 184 697 '
208 677 378 760 utriusque
396 675 507 760 gentis
523 671 614 759 quod
628 674 765 738 attinet:
778 673 822 735 de
835 672 903 736 illis
923 674 1103 758 praecipue
1122 673 1376 754 observandum,
1392 671 1465 756 pla-

210 787 261 848 bis
277 784 356 868 jura
376 803 540 867 quemque
561 801 633 844 cum
654 779 726 863 ipsa
753 779 890 844 civitate
912 780 1120 864 impetrasse3
1146 781 1319 866 patricium
1342 789 1463 862 autem,

208 892 271 956 nisi
296 891 374 975 lege
402 889 445 954 ad
469 885 627 972 populum
647 885 733 968 lata,
757 888 923 950 neminem
946 887 1018 949 fieri
1044 887 1201 970 potuisse.
1231 887 1289 950 Bis
1309 886 1464 969 patricios

208 997 294 1081 legit
314 997 491 1077 RomuluS,
510 993 613 1058 semel
637 1012 680 1055 ex
701 992 860 1074 Albanis,
884 1016 923 1056 ac
943 973 1066 1058 deinde
1090 1013 1133 1055 ex
1157 992 1305 1056 Sabinis:
1326 993 1463 1076 Dionys.

210 1105 289 1168 Hal.
305 1106 383 1167 Ant.
398 1105 488 1166 Rom.
502 1103 544 1164 ΙΙ.
559 1101 589 1164 8.
615 1099 776 1162 Eumdem
797 1120 920 1162 morem
940 1109 1059 1183 postea
1080 1100 1211 1185 sequuti
1231 1101 1334 1165 ceteri
1356 1121 1461 1185 reges,

210 1211 267 1296 qui
282 1210 422 1274 subinde
438 1231 481 1272 ex
497 1207 652 1292 gentibus
669 1206 826 1288 devictis,
843 1228 882 1270 ac
896 1207 930 1269 in
948 1207 1114 1270 civitatem
1135 1208 1290 1290 receptis,
1306 1208 1463 1290 patricio-

207 1329 474 1382 rum'uumerum
501 1314 755 1398 suppleverunt:
782 1314 876 1376 Idem
901 1317 977 1376 Ant.
1004 1315 1095 1378 Rom.
1117 1315 1176 1377 ΙΙΙ.
1197 1314 1248 1377 67.
1274 1324 1310 1377 et
1334 1314 1393 1374 IV.
1413 1313 1461 1376 42.

210 1425 302 1489 Suet.
310 1427 396 1506 Aug.
404 1447 430 1486 o.
438 1423 468 1486 2.
481 1423 603 1485 Libera
617 1419 789 1503 republica
802 1421 840 1483 L.
854 1422 877 1484 J
878 1421 972 1484 unius
986 1423 1119 1501 Brutus,
1132 1421 1254 1504 primus
1264 1420 1351 1500 Cos,
1362 1420 1463 1503 patri-

212 1533 280 1596 cios
296 1531 396 1614 legit:
410 1531 483 1594 Liv.
501 1531 545 1594 ΙΙ.
556 1529 587 1591 2.
607 1529 778 1591 Sexennio
793 1536 869 1612 post
886 1527 1015 1610 Appius
1035 1527 1192 1592 Claudius
1210 1549 1229 1589 e
1244 1528 1376 1591 Sabinis
1393 1527 1462 1590 Ro-

211 1660 296 1702 mam
309 1637 539 1722 commigrans,
552 1635 631 1718 lege
645 1634 819 1698 Consulari
834 1635 989 1719 patricius
1007 1634 1112 1700 factus
1128 1644 1194 1698 est:
1205 1636 1345 1718 Dionys.
1355 1633 1462 1698 Halic·

215 1745 251 1807 V.
269 1745 321 1806 40.
340 1743 412 1805 Liv.
428 1745 486 1806 IV.
502 1743 533 1808 3.
554 1750 589 1806 et
605 1743 645 1804 X.
663 1739 693 1802 8.
727 1741 901 1806 Postremo
920 1742 957 1805 C.
974 1743 1084 1806 Julius
1103 1742 1226 1806 Caesar
1242 1742 1321 1826 lege
1341 1742 1460 1822 Cassia,

211 1861 247 1914 ct
265 1849 434 1932 Augustus
458 1850 536 1934 lege
559 1848 680 1912 Saenia
695 1848 746 1930 ¹¹),
775 1871 814 1912 ac
838 1849 984 1934 denique
1005 1849 1164 1914 Claudius
1189 1851 1273 1934 Imp.
1296 1849 1461 1933 patricios,

203 1959 274 2043 jam
292 1977 411 2040 magna
427 1977 470 2018 ex
486 1963 581 2039 parte
594 1954 792 2037 exstinctos,
809 1955 1060 2039 suppleverunt:
1079 1957 1187 2020 Tacit.
1204 1959 1322 2018 Anasi.
1339 1957 1401 2018 XI.
1415 1956 1460 2018 25.

115 2105 118 2112 ,
211 2063 483 2126 Sostratum.
499 2060 589 2123 ο.41.
618 2060 774 2125 Ceterum
793 2063 835 2126 ad
851 2063 1048 2147 gentilitatis
1060 2065 1138 2147 jura
1157 2064 1358 2146 pertinebat,
1374 2064 1460 2148 quod

210 2169 274 2234 soli
291 2169 422 2253 patricii
443 2169 590 2252 auspicia
607 2188 651 2230 ex
667 2168 821 2233 instituto
838 2171 975 2234 Romuli
992 2171 1170 2234 habereut:
1185 2170 1258 2234 Liv.
1282 2171 1335 2233 VI.
1351 2171 1403 2232 41.
1424 2170 1460 2234 ld

211 2278 301 2363 quod
320 2286 429 2341 tamen
448 2276 490 2340 de
509 2275 618 2338 avium
637 2275 808 2358 dumtaxat
826 2277 1034 2362 inspectione
1054 2288 1089 2341 et
1105 2277 1254 2361 tripudio
1270 2276 1461 2360 intelligen-

212 2383 300 2466 dum,
311 2383 473 2469 siquidem
489 2383 532 2446 de
547 2382 645 2445 coelo
660 2381 798 2446 servare
808 2385 907 2448 etiam
924 2385 1065 2469 plebejis
1082 2383 1220 2447 licebat:
1233 2383 1301 2447 cic.
1314 2389 1347 2446 io
1362 2385 1460 2446 Vatia

211 2515 237 2556 c.
249 2493 280 2554 7.
303 2493 413 2570 Quum
431 2490 534 2571 enim,
548 2489 676 2554 fatente
694 2490 762 2554 cic.
778 2493 818 2554 dc
834 2489 998 2553 triviali.
1015 2491 1067 2554 33
1084 2492 1169 2554 hanc
1180 2491 1298 2554 ¹avium
1317 2491 1461 2575 reliquo-

211 2619 350 2685 rumque
365 2600 534 2682 signorum
553 2599 820 2661 observationem
840 2599 1024 2663 retinerent
1042 2597 1186 2661 Romani
1202 2608 1326 2662 tontum
1342 2601 1389 2661 ud
1403 2603 1460 2681 opi·

210 2710 331 2768 nrbncm
352 2707 453 2787 vulgi,
473 2713 503 2766 ct
526 2705 571 2765 od
583 2725 717 2786 inagna:
741 2707 891 2767 utilitates
914 2707 1115 2787 republicae,
1131 2705 1166 2768 id
1188 2713 1254 2786 est,
1273 2705 1317 2768 ad
1331 2705 1459 2789 plebem

211 2810 451 2894 deludendam,
477 2811 778 2896 continendumque
808 2811 841 2873 in
864 2799 994 2875 officio:
1025 2799 1246 2895 periculosum
1278 2812 1460 2892 videbatur,

152 2893 178 2941 ⁰
210 2919 364 3005 plebejos
383 2917 525 2981 adhaec
543 2918 699 3003 mysteria
718 2917 904 3000 admittere,
927 2920 1045 3005 quibus
1056 2919 1112 3002 jus
1135 2921 1341 3004 magistratus
1362 2928 1397 2982 et
1413 2941 1460 2982 sa-

211 3026 361 3090 cerdotia
376 3023 530 3108 capiendi
553 3033 624 3093 erat
646 3025 820 3089 ademtum.
843 3025 1005 3088 Nimirum
1026 3034 1060 3089 et
1077 3026 1141 3088 hoc
1153 3028 1230 3112 jure
1252 3047 1295 3090 ex
1313 3027 1457 3102 instituto

280 3246 313 3313 d)
334 3246 390 3299 Sed
405 3263 538 3315 quaenam
550 3247 596 3299 illa
607 3249 654 3300 lex
666 3247 780 3300 Saenia?
791 3248 823 3300 In
837 3246 927 3313 priore
940 3247 1059 3300 editione
1074 3250 1108 3301 dc
1120 3247 1214 3302 Sentia
1228 3247 1383 3314 suspicatus
1396 3263 1457 3300 sum.

209 3329 265 3382 Sed
283 3345 401 3382 errorem
425 3331 525 3384 ademit
544 3329 619 3397 Lips.
636 3331 672 3381 ad
692 3330 775 3383 Tacit.
790 3348 820 3398 p.
837 3336 898 3385 285.
916 3332 1051 3385 Observat
1068 3333 1113 3386 ille
1130 3350 1165 3385 ex
1184 3333 1287 3396 Dione,
1310 3335 1457 3399 Augustum
1517 3333 1518 3349 ³

207 3411 336 3480 patricios
353 3415 524 3481 supplevisse
543 3412 588 3480 τῆς
605 3411 711 3479 βουλῆς
729 3412 911 3480 ἐπιτρεψάσης
930 3415 1009 3467 rosiro
1024 3415 1147 3483 ποιῆσαι,
1165 3417 1279 3488 jubente
1305 3417 1417 3477 Senatu,
1434 3421 1458 3466 et

209 3497 320 3564 quidem
338 3513 410 3552 anno
428 3499 463 3550 U.
481 3498 512 3551 c.
531 3511 650 3550 nccxxv.
667 3496 753 3566 Atqui
766 3499 872 3552 Consul
883 3503 1011 3554 suffectus
1026 3502 1055 3555 iu
1069 3502 1158 3554 Fastis
1176 3503 1290 3569 adparet
1303 3517 1327 3554 ι.
1346 3515 1456 3554 sranius.

208 3581 327 3656 Namliu
344 3583 494 3649 fragmento
519 3586 640 3634 veterum
658 3581 804 3633 Fastorum
827 3582 901 3647 apud
919 3584 1067 3640 Gruterum
1093 3587 1228 3656 Imcraptt.
1252 3585 1328 3640 Τ.Ι.
1351 3605 1380 3656 p.
1396 3601 1456 3636 carc.
1516 3561 1517 3611 l

208 3680 280 3715 aum.
301 3669 323 3717 1.
341 3667 396 3718 sere
414 3667 466 3718 sub
484 3668 529 3718 fin.
548 3663 586 3716 its
603 3663 732 3730 legimns:

529 3766 588 3818 Iun.
609 3753 782 3818 ennaranti.
801 3783 829 3820 u.
848 3783 963 3824 uicturus

611 3864 638 3906 x.
657 3864 713 3902 tut.
733 3865 757 3904 c.
776 3866 916 3906 rnrrsrrus

650 3936 818 3992 BELLUM.
835 3937 1054 3992 ALEXANDR.

609 4033 663 4072 stu.
680 4035 753 4073 surr.
770 4035 799 4072 rr.
817 4033 928 4072 ruscius

609 4117 635 4156 n.
656 4119 719 4156 uov.
738 4119 761 4157 n.
779 4118 889 4156 staurus

573 4231 575 4236 .
606 4203 651 4242 nx.
670 4203 696 4240 s.
713 4201 772 4240 aas.
791 4202 838 4241 su.
857 4203 884 4242 rr.
902 4204 951 4244 sss
1257 4233 1261 4238 -

566 4286 590 4324 ι.
611 4284 768 4324 cossurus.
786 4287 813 4328 a.
830 4288 951 4328 vsrrrus.
970 4260 999 4328 ιῖ.
1017 4289 1062 4328 vnr

566 4368 590 4406 ι..
608 4369 722 4408 cassius.
740 4369 763 4408 c.
781 4370 918 4412 ounrnru's.
936 4375 1060 4416 sionna

206 4447 276 4512 eris
293 4466 358 4516 ergo
377 4452 515 4517 dubitarit,
534 4453 569 4505 ab
586 4469 620 4506 eo
639 4455 741 4508 scum
759 4457 853 4510 tulisse
876 4462 992 4511 nument
1015 4461 1126 4515 Tacitus
1148 4477 1214 4528 ergo
1232 4479 1283 4529 pro
1301 4463 1353 4517 SC.
1377 4464 1452 4530 team

206 4535 330 4586 Sosiam
349 4534 427 4590 dixit.
446 4537 526 4590 Han.
