3040 5164
214 371 285 436 356
688 359 762 424 Lus.
788 358 833 426 ll.
859 357 939 424 Tru.
964 357 992 424 1.

308 561 359 600 cn.
383 537 456 598 Meo
472 555 576 616 opera,
591 534 706 609 labore,
721 543 787 595 rete
802 543 834 595 et
848 535 960 596 toria?
990 554 1040 593 rn.
1062 534 1156 612 Num,
1166 537 1222 614 qui
1232 535 1341 600 nimus,

310 646 349 708 Si
359 648 461 706 veniat
477 664 562 705 norw
576 643 728 714 domairac,
745 644 856 723 quojus
871 651 928 714 est,
944 662 1011 724 ego,
1026 643 1082 723 qui
1093 643 1267 722 inspectavi
1272 641 1387 720 procot,

314 755 354 815 Te
369 754 452 813 iuno
466 750 588 821 habere,
594 752 657 829 sur
671 771 750 822 sum,
764 748 1111 830 quamiuien.1t⁷r'lrilo.
1127 768 1178 810 ro.
1190 749 1296 814 Mane.
1306 751 1463 827 mastigia!
1505 727 1506 750 ff

315 862 383 936 Quo
399 865 585 940 argomento
600 860 700 918 socius
715 877 776 918 non
791 879 871 927 sum,
887 866 917 918 et
924 857 987 933 fur
1001 858 1094 917 sum?
1101 855 1162 933 sac
1173 855 1248 915 dum
1262 875 1303 914 er
1318 861 1348 914 te
1362 858 1460 914 soora.

309 990 360 1029 en.
382 967 514 1027 Nescio:
534 985 633 1045 neque
647 985 705 1045 ego
720 967 797 1024 istos
812 975 935 1026 vostras
950 965 1036 1044 leges
1052 965 1191 1024 urbanus
1207 966 1279 1034 scio,

239 1107 245 1124 κ
309 1075 387 1134 itinn·
397 1077 470 1155 quia
483 1074 565 1134 dunc
579 1092 680 1133 meum
695 1091 763 1133 esse
778 1072 854 1133 dico.
876 1092 926 1132 ra.
942 1071 988 1132 Et
1001 1090 1060 1152 ego
1073 1073 1145 1131 item
1161 1089 1230 1130 esse
1244 1069 1299 1148 ajo
1313 1088 1418 1128 meum.

218 1181 411 1246 Praeclarus
437 1199 515 1242 sane
540 1178 649 1260 locus,
675 1199 740 1261 quo
767 1198 833 1241 non
857 1179 961 1241 solum
980 1177 1034 1240 hic
1058 1185 1208 1240 veterum
1231 1175 1331 1254 ritus,
1355 1174 1408 1236 sed
1430 1181 1460 1234 ct

218 1287 388 1372 complura
407 1287 492 1371 juris
515 1286 618 1349 nostri
645 1285 719 1348 loca
745 1284 851 1350 lucem
879 1287 969 1350 haud
995 1284 1194 1349 mediocrem
1219 1275 1459 1366 capiuntz'Ger.

218 1397 342 1460 Noodt.
358 1397 492 1458 Probat.
509 1395 550 1454 ΙΙ.
566 1392 596 1456 6.
609 1415 640 1475 p.
655 1394 705 1456 54.
721 1416 765 1476 sq.

662 1596 667 1606 -
761 1589 764 1593 ·
794 1553 822 1633 §.
844 1551 895 1614 22.

623 1669 700 1721 Modi
716 1669 874 1738 adquirendi
882 1669 959 1738 juris
977 1667 1067 1720 civilis.
1205 1725 1207 1730 ¹

302 1770 398 1835 Modi
414 1770 611 1855 adquirendi
628 1787 757 1834 civibus
774 1767 958 1853 complures
974 1777 1056 1830 sunt.
1080 1767 1164 1828 Tres
1180 1775 1334 1828 recenset
1347 1765 1457 1827 Aleon-

218 1880 281 1943 der
297 1881 342 1940 ad
366 1880 445 1959 Gajs'
461 1879 541 1939 Inst.
559 1879 584 1937 Ι.
599 1876 629 1938 6.
643 1877 672 1939 3.
694 1881 739 1955 (s.
763 1883 936 1939 comment.
955 1876 1001 1938 ΙΙ.
1015 1875 1087 1954 65.)
1108 1878 1363 1956 mancipationem
1376 1881 1455 1955 puta,

219 1989 340 2068 injure
354 1989 520 2047 cessionem
540 1993 574 2047 et
589 1987 825 2064 usucapionem,
841 1982 899 2046 sed
915 1984 1073 2066 deceptus
1094 1981 1180 2044 male
1201 1980 1368 2044 intellecto
1385 1978 1454 2040 loco

190 2085 197 2100 ’
220 2092 359 2178 Ulpiani
375 2092 546 2172 ningat.
569 2090 619 2152 16.
642 2092 675 2153 in
699 2113 765 2176 quo
789 2113 919 2171 servor,
943 2112 1039 2176 quem
1067 2091 1145 2154 civis
1166 2089 1337 2152 Romanus
1358 2110 1376 2150 a
1395 2087 1456 2147 cire
1509 2167 1510 2170 Ἴ

220 2199 374 2263 Romano
394 2199 529 2281 emerit,
546 2200 668 2284 quique
692 2200 724 2261 ei
746 2198 885 2262 traditus
909 2200 968 2281 sit,
988 2208 1113 2262 tanturn
1136 2198 1169 2259 in
1192 2197 1290 2259 bonis
1312 2197 1380 2281 ejus
1400 2216 1458 2256 csse

221 2308 352 2388 dicitur,
368 2312 432 2368 nisi
443 2311 486 2368 sit
498 2311 695 2389 mancipatus
709 2311 750 2378 ei,
766 2328 824 2368 nec
838 2311 870 2368 in
879 2309 957 2388 jure
972 2327 1088 2380 cesores,
1104 2328 1160 2367 nec
1173 2293 1211 2367 od
1227 2310 1294 2388 ipso
1309 2326 1392 2366 orrno
1400 2324 1459 2385 pos-

221 2436 337 2478 sessus.
365 2414 452 2476 Sane
483 2415 569 2478 enim
591 2412 755 2496 Ulpianus
777 2413 830 2476 hic
854 2435 921 2477 non
946 2435 1120 2476 recensere
1144 2412 1250 2475 voluit
1275 2412 1392 2475 modos
1414 2409 1460 2472 ad-

221 2521 374 2608 quirendi
391 2521 475 2605 juris
504 2521 699 2600 Quiritium,
728 2542 838 2604 neque
866 2531 985 2606 negat,
1014 2543 1083 2584 rem
1111 2519 1183 2583 aliis
1213 2542 1347 2604 quoque
1371 2517 1459 2581 modis
1510 2579 1511 2601 ,

219 2630 358 2693 transire
381 2648 478 2711 posse
505 2627 539 2688 in
569 2626 748 2690 dominium
775 2628 999 2707 Quiritarium.
1035 2629 1102 2692 Sex
1125 2629 1296 2690 modorum
1328 2623 1457 2689 meminit
1510 2605 1511 2682 Ῐ

220 2738 329 2800 Varro
345 2736 385 2796 de
400 2755 436 2796 re
458 2742 538 2795 rust.
554 2734 596 2794 ΙΙ.
614 2735 664 2795 10.
693 2735 758 2797 Sea·
781 2741 862 2798 enim
878 2739 953 2816 sero
971 2758 1023 2797 res
1047 2741 1079 2798 in
1100 2737 1281 2800 enrtrom'bus
1308 2737 1459 2796 dominium

221 2846 393 2925 legitimum
406 2841 564 2923 perficere
581 2842 641 2923 ait,
664 2864 702 2904 ac
725 2843 847 2905 deinde
869 2843 933 2905 huc
953 2845 1057 2907 refert
1073 2833 1339 2925 unnunrrnrum,
1355 2859 1460 2906 unnot-

223 2967 407 3032 ParloNEM,
422 2965 459 3011 ΙΝ
472 2964 556 3012 JURE
571 2965 769 3032 GESSwNEM,
786 2967 1036 3032 USUcAPJONEM,
1051 2969 1113 3017 sun
1131 2969 1266 3015 CORONA
1284 2967 1461 3022 Burmann,

221 3073 418 3124 AUGTLONEM
433 3060 477 3137 Ρ).
498 3057 543 3120 Et
563 3056 625 3120 hac
643 3057 675 3120 in
693 3080 729 3120 re
745 3059 930 3122 Varronem
952 3061 1100 3145 sequitur
1122 3059 1277 3142 Sigonius
1295 3060 1335 3120 de
1352 3064 1461 3139 antiquo

290 3260 324 3326 p)
347 3258 479 3311 Varronis
497 3261 587 3312 iocum
605 3256 696 3310 minus
713 3263 838 3310 accurate
856 3258 897 3310 iic
917 3260 995 3326 (nam
1012 3258 1068 3312 vid.
1079 3261 1100 3327 ξ.
1112 3263 1154 3311 24.
1169 3257 1196 3309 in
1209 3259 1242 3324 f.)
1260 3256 1357 3309 retulit
1368 3259 1456 3310 Auctor.

154 3351 159 3361 ’
222 3344 297 3398 Nihil
318 3344 422 3396 etenim
447 3344 493 3396 ilie
517 3345 552 3395 de
574 3343 692 3402 motione
698 3361 708 3402 ;
734 3347 762 3394 at
788 3351 853 3409 post
873 3344 972 3396 verba:
991 3344 1037 3408 „ri
1054 3361 1068 3395 e
1083 3345 1188 3411 praeda
1205 3341 1252 3394 sud
1271 3359 1374 3396 corona
1389 3337 1455 3392 eait'’

221 3432 372 3496 sequuntur
386 3429 467 3479 hoec:
487 3437 595 3492 „tremos
614 3443 672 3478 com
689 3427 717 3478 in
729 3425 802 3479 bonis
816 3431 958 3482 sectionem
973 3431 1048 3498 cujus
1055 3427 1161 3497 publice
1175 3427 1270 3481 venit.’'
1289 3429 1392 3480 Auctio
1405 3440 1459 3478 seu-

221 3529 270 3578 per
282 3518 330 3571 ‚est
346 3531 437 3564 reram
454 3513 634 3582 amulam,-
652 3512 744 3577 sectio,
756 3513 819 3564 licet
830 3529 1036 3581 nonnumquam
1047 3513 1128 3566 etiam
1141 3515 1175 3565 de
1188 3513 1361 3578 singularum
1377 3525 1460 3564 rerum.

221 3597 297 3650 vetut
314 3597 348 3650 de
365 3598 481 3664 praedae
499 3595 624 3663 publicae
647 3596 803 3651 venditione
819 3609 982 3664 usurpetur,
999 3602 1269 3666 tamen-pierumque
1287 3604 1331 3649 cst
1350 3597 1461 3649 bonomo

132 3709 149 3726 ιΥ
220 3683 405 3735 animmitam.
422 3682 456 3733 ld
473 3682 556 3734 modo
575 3681 669 3749 quaeri
687 3689 791 3748 potesta
815 3699 881 3736 num
899 3685 934 3735 dc
955 3685 1089 3735 bonorum
1118 3683 1249 3735 debitoris
1267 3683 1393 3736 obaerati
1412 3697 1461 3734 ran·

221 3766 324 3819 ditione
345 3766 505 3833 cogitaverit
528 3767 635 3818 Varro?
658 3768 740 3833 cujus
765 3767 875 3835 quidem
892 3766 1056 3821 venditionis
1074 3768 1197 3820 meminit
1215 3769 1303 3836 Gajus
1321 3771 1375 3823 ΙΙΙ.
1391 3771 1413 3836 ς.
1429 3769 1461 3820 79.

221 3868 282 3920 sqq.
302 3857 330 3902 et
347 3850 395 3904 IV..
413 3853 435 3919 ξ.
451 3857 494 3906 36.
516 3851 572 3917 (Cf.
590 3856 618 3904 et
636 3852 785 3918 Theophili
805 3853 937 3922 parapir.
962 3853 997 3904 ad
1019 3870 1060 3919 pr.
1079 3853 1132 3905 Tit.
1156 3853 1219 3907 inst.
1243 3854 1275 3905 ds
1293 3849 1461 3908 successioni.

220 3935 337 3996 miletis,
352 3953 418 4004 puae
428 3936 534 4005 flebant
545 3955 596 4006 per
613 3936 740 3989 bonoram
754 3939 939 4004 venditiones).
957 3939 989 3989 Id
1008 3938 1145 4006 quondam
1159 3938 1282 4005 plerique
1297 3929 1462 4005 interpretum

220 4020 353 4088 suspicati
375 4027 446 4074 suna
467 4020 546 4087 (vu.
563 4006 633 4076 inira
652 4021 704 4076 ru.
722 4023 809 4076 xvir
821 4051 855 4060 -
867 4021 952 4074 xrx.
966 4023 1023 4089 ιω).
1042 4022 1104 4076 nou
1120 4023 1141 4090 §-
1158 4025 1223 4090 11.).
1241 4023 1294 4074 cu
1309 4029 1401 4076 amen
1413 4037 1462 4074 su-

221 4107 320 4160 tentiae
344 4105 540 4171 impedimento
564 4111 622 4170 est,
641 4107 716 4174 quod
734 4107 769 4158 dc
782 4107 854 4172 juris
872 4105 959 4160 civilis
977 4106 1206 4174 adquisitiouibus
1227 4109 1317 4161 Varro
1337 4109 1461 4178 ioquitutt

220 4209 269 4258 per
291 4190 372 4242 istam
396 4195 487 4242 autem
513 4191 648 4243 bonorum
671 4188 853 4250 venditionem
878 4189 1020 4244 Praetoria
1041 4192 1145 4246 ratione
1161 4193 1366 4246 succedebatur.
1396 4189 1461 4246 uase

221 4273 293 4329 r'ecte
314 4274 381 4326 mihi
403 4276 528 4328 videntur
552 4275 670 4338 sentire,
689 4275 736 4343 qai
754 4277 892 4328 rocconem
911 4277 953 4343 ad,
964 4277 1098 4328 bonorum
1117 4276 1262 4343 proscripti
1280 4281 1323 4331 vei
1344 4271 1461 4330 damnati.

221 4361 410 4414 hereditatisve
427 4361 463 4412 ad
481 4361 616 4413 aerarium
634 4361 753 4424 deletae,
771 4359 955 4413 venditionem
973 4359 1080 4426 publice
1098 4362 1195 4414 iactam
1212 4361 1255 4413 vei
1274 4363 1396 4415 maxime
1413 4373 1461 4412 esse

221 4448 387 4504 referendam
399 4450 508 4511 putant;
527 4446 607 4512 cujus
622 4445 771 4497 sententiae
783 4450 941 4511 argumenta
955 4446 1057 4509 optime
1069 4447 1197 4510 exposuit
1209 4447 1239 4498 F.
1255 4447 1286 4497 C.
1302 4447 1335 4497 G.
1349 4446 1459 4498 Sticber:

221 4531 253 4580 de
271 4529 397 4584 bonorum
415 4530 524 4582 emtione
543 4531 616 4598 apud
632 4539 730 4580 veteres
751 4531 892 4581 Romanos.
911 4531 943 4580 P.
962 4531 982 4581 Ι.
1003 4529 1092 4596 (Lips.
1114 4532 1203 4596 1827.)
1215 4531 1290 4596 -Cap
1310 4531 1331 4581 1.
1344 4531 1391 4596 §.1
1408 4557 1430 4566 -
1441 4529 1459 4574 6·
