3040 5164
222 422 293 486 358
699 413 773 480 Lus.
800 411 842 480 ll.
870 411 903 478 T
905 435 948 480 m.
975 410 1001 478 Ι.
1107 399 1112 405 “

224 591 324 654 modo
348 589 553 674 corporales,
573 588 630 652 sed
656 597 689 652 et
714 585 957 671 incorporales,
978 597 1012 651 et
1035 595 1111 652 tuuc
1133 587 1385 672 requirebantur
1404 595 1466 650 tres

225 717 404 784 personae,
425 719 560 781 quarum
584 719 649 760 uua
667 697 808 768 cedebat,
830 693 940 758 altera
958 696 1148 768 vindicabat,
1175 695 1275 758 tertia
1291 675 1467 757 'addiceban
1511 745 1516 756 .

4 875 5 882 χ
225 807 359 891 Ulpian.
378 808 507 886 Fragm.
521 805 612 867 XIX.
629 804 658 866 9.
678 803 782 883 (Add.
797 802 874 886 Gaj.
892 802 937 865 ΙΙ.
952 802 1019 883 24.)
1047 801 1200 867 Cedebat
1221 803 1388 883 dominus,
1404 803 1465 864 vin-

80 945 84 954 ·
118 983 121 987 ,
228 915 359 978 dicabat
374 913 412 993 is,
428 912 480 976 cui
497 913 687 990 cedebatur,
700 910 877 974 addicebat
893 911 1035 974 Praetor
1049 911 1104 974 vel
1120 911 1259 974 Praeses
1274 910 1466 994 provinciae.
1515 973 1516 976 ,

227 1022 430 1087 Vindicabat
448 1022 552 1103 primo
569 1043 637 1084 rem
653 1020 698 1100 is,
715 1018 766 1082 cui
782 1018 840 1082 illa
856 1017 1046 1100 cedebatur,
1070 1022 1167 1083 etita
1183 1009 1389 1104 quidem,'ut
1405 1039 1466 1080 earn
1515 1027 1516 1032 ’

227 1140 344 1194 tenens
365 1130 507 1192 diceret:
525 1147 617 1192 nano
640 1143 704 1188 neo
721 1144 793 1190 auu
813 1143 859 1189 ux
876 1143 960 1190 sunu
985 1144 1167 1203 Qurnrrruu
1190 1144 1287 1189 nunu
1303 1105 1385 1190 ussa
1407 1143 1467 1188 nro.

228 1232 314 1302 Tum
331 1236 559 1320 interrogabat
575 1237 717 1300 Praetor
735 1234 790 1298 vel
805 1235 956 1316 Praeses,
977 1256 1018 1298 an
1037 1236 1123 1299 alter
1141 1243 1256 1300 contra
1273 1233 1467 1298 vindicaret?

229 1347 391 1410 Solebaut
406 1345 492 1408 enim
509 1345 588 1408 olim
605 1365 808 1429 possessores
824 1343 857 1405 iu
874 1345 1088 1407 contestanda
1103 1344 1153 1406 rei
1168 1341 1397 1408 vindicatione
1412 1363 1466 1403 nou
1515 1395 1516 1404 ,

227 1455 331 1518 solum
354 1475 479 1538 negare
508 1453 727 1516 intentionem
751 1451 886 1532 actoris,
909 1451 967 1514 sed
990 1461 1024 1516 et
1041 1452 1103 1536 ipsi
1127 1473 1194 1514 rem
1217 1449 1280 1514 sibi
1304 1452 1465 1516 adserere:

103 1559 108 1569 '
227 1562 332 1626 veluti
360 1558 448 1646 apud
470 1561 625 1624 Plautum
647 1561 732 1622 und.
755 1559 811 1620 IV.
829 1559 859 1623 3.
880 1580 908 1621 v.
931 1559 982 1623 86.
1000 1559 1062 1622 ubi
1089 1559 1195 1622 altero
1222 1559 1357 1622 dicente
1388 1575 1462 1622 nuuc

227 1686 326 1734 naun
340 1685 420 1734 ussa
435 1685 524 1750 nico,
544 1669 653 1732 statim
672 1667 757 1730 alter
773 1667 918 1752 subjicit:
940 1684 984 1731 ur
1000 1685 1064 1731 uso
1081 1685 1166 1731 meu
1182 1683 1264 1731 ussa
1283 1682 1347 1729 aro
1364 1684 1464 1730 unuin

177 1781 183 1786 ’
227 1778 295 1842 cte.
305 1797 367 1858 pro
387 1777 547 1840 Muraena
563 1798 589 1836 c.
608 1775 659 1837 12.
679 1775 820 1838 etssiufra
841 1775 907 1837 La.
926 1775 983 1839 IV.
1004 1777 1062 1838 tn.
1089 1775 1190 1856 VL'·§.
1207 1775 1258 1838 24.
1279 1773 1355 1860 [Jo.
1372 1776 1464 1837 Hem.

182 1967 183 1970 Ἴ
227 1885 269 1948 de
286 1870 424 1968 Berger.¹
441 1885 526 1947 Dies.
542 1886 581 1946 de
596 1882 936 1969 connumeratione]
959 1882 1152 1961 Quaerebat
1168 1904 1249 1968 ergo
1265 1885 1405 1948 Praetor
1419 1883 1463 1947 vel

226 1993 382 2075 Praeses,
408 2000 515 2055 utrum
540 1999 656 2054 contra
678 1989 879 2072 vindicaret,
909 2013 949 2054 an
980 2000 1095 2055 auctor
1120 1993 1233 2055 tieret?
1263 1991 1340 2070 Quo
1359 1990 1463 2075 procul

227 2099 329 2162 dubio
353 2101 502 2185 pertinet
527 2098 667 2162 formula
691 2097 778 2182 apud
801 2098 974 2163 Valerium
995 2101 1157 2165 Probum:
1185 2101 1228 2164 A.
1246 2101 1285 2162 F.
1300 2101 1342 2163 A.
1360 2104 1409 2161 An
1423 2101 1465 2176 jis

226 2211 360 2269 erector?
378 2207 533 2290 Negante
557 2206 704 2282 domino,
726 2207 781 2270 vel
796 2215 945 2289 tacente,
964 2208 1107 2271 Praetor
1127 2230 1194 2272 rem
1211 2209 1391 2273 addicebat
1404 2205 1465 2268 vin-

226 2314 368 2397 dicanti,
390 2315 450 2378 hac
469 2316 540 2379 fere
560 2337 634 2378 usus
653 2314 808 2378 formula:
834 2300 974 2391 Qununo
998 2333 1044 2378 ru
1061 2332 1186 2398 uanas,
1205 2334 1298 2380 nnuc
1318 2333 1385 2378 uso
1406 2332 1464 2378 aaa

4 2471 5 2480 .
224 2441 413 2489 rnausuurr
434 2442 478 2487 ur
497 2439 694 2486 vrumcnum
711 2439 852 2486 lunico:
874 2421 993 2485 Boeth.
1013 2424 1177 2488 Commeat.
1195 2425 1239 2485 ad
1258 2424 1359 2486 Οἰσσν.
1382 2424 1464 2504 lapte.

113 2589 119 2612 ,
225 2531 293 2594 Lat:
312 2531 372 2594 ΙΙΙ.
821 2529 822 2534 ¹

4 2661 5 2670 ‘
799 2670 828 2750 s·
849 2669 913 2756 24.

313 2841 316 2846 ,
672 2786 745 2844 Quid
762 2783 808 2837 sud
827 2802 926 2837 corona
944 2788 1040 2839 emtr'o?

307 2886 422 2946 Euris)
443 2899 504 2948 SUB
520 2887 654 2975 cottona
671 2886 750 2970 quid
767 2885 877 2968 fuerit,
896 2886 1136 2952 ostendendum
1153 2889 1267 2973 paullo
1284 2888 1465 2951 adcuratius.

117 2993 119 3002 ’
226 2977 334 3056 Victis
349 2991 497 3054 hostibus
513 2993 637 3076 praeda
652 2995 787 3058 venibat
802 3000 846 3076 ⁸),
863 3003 896 3058 et
917 2995 950 3058 iu
966 2996 1015 3058 his
1032 2997 1130 3059 etiarn
1147 2997 1285 3082 captivi,
1310 3004 1346 3060 et
1361 2997 1395 3058 in
1410 3015 1463 3058 ser-

225 3100 363 3163 vitutem
386 3099 519 3165 detrusi.
542 3101 589 3165 Hi
606 3124 686 3186 ergo
703 3101 762 3164 sub
787 3123 909 3166 corona
932 3105 1045 3168 venire
1069 3104 1274 3186 dicebantur,
1298 3127 1366 3168 non
1389 3101 1465 3190 quod

224 3207 345 3272 milites
369 3230 426 3272 eos
444 3209 615 3274 custodiae
634 3232 751 3278 ,caussa
774 3212 1036 3288 circumstarent,
1068 3235 1175 3299 eaque
1204 3213 1347 3277 militum
1369 3223 1465 3276 custo-

225 3318 281 3380 dia
296 3337 412 3378 corona
427 3328 612 3400 vocaretur,
629 3319 685 3380 sed
701 3318 791 3403 qu‘od
805 3301 870 3404 ipsi
887 3321 1009 3405 captivi
1026 3321 1160 3384 venales
1176 3330 1302 3384 starent
1317 3319 1461 3397 coronati,

224 3432 261 3486 ut
278 3445 321 3486 ex
337 3423 454 3487 Caelio
476 3426 600 3490 Sabino
619 3435 653 3490 et
668 3427 796 3490 Catone
813 3429 912 3522 docet
934 3427 1064 3493 Gellius
1083 3429 1188 3491 Noctt.
1207 3431 1273 3491 Art.
1299 3431 1370 3492 VII.
1382 3430 1419 3510 4.,
1431 3449 1467 3490 ex
1515 3481 1516 3488 ,

225 3554 291 3618 quo
317 3532 416 3596 etiarn
435 3533 605 3618 discimus,
630 3556 686 3599 eos
709 3559 839 3618 servos,
865 3558 1002 3622 quorum
1029 3527 1162 3600 nomine
1182 3537 1265 3601 nihil
1288 3540 1468 3621 praestabat

225 3640 390 3725 venditor,
405 3642 548 3726 pileatos
565 3645 679 3708 venire
698 3645 917 3710 consuevisse.
937 3645 1007 3709 Res
1024 3667 1066 3708 ex
1084 3645 1262 3711 innumeris
1275 3645 1377 3724 Livii,
1394 3645 1469 3708 Cae-

225 3749 319 3830 saris,
338 3749 544 3835 aliorumque
564 3751 792 3817 historicorum
813 3754 1009 3818 testimoniis
1027 3761 1107 3817 nota
1127 3745 1185 3817 est.
1207 3754 1255 3817 Ut
1274 3775 1383 3836 pauca
1403 3775 1469 3837 sug-

225 3877 353 3941 geram,
373 3861 413 3920 ea
439 3859 586 3942 reperies
611 3863 699 3947 apud
721 3863 850 3926 Livium
871 3863 958 3924 LIII.
975 3861 1004 3922 4.
1028 3861 1202 3924 Caesarem
1226 3864 1264 3924 de
1279 3863 1373 3924 Bello
1396 3862 1469 3923 Gall.
1515 3885 1516 3924 1

224 3965 285 4027 III.
301 3963 351 4026 16.
374 3964 507 4028 Florum
523 3969 607 4032 Hr'st.
622 3971 681 4033 IV.
701 3971 750 4034 12.
772 3972 848 4036 Jam
871 3971 907 4034 id
930 3970 1028 4033 modo
1054 3969 1211 4051 observa,
1234 3969 1398 4053 mancipia
1418 3969 1469 4032 sub
1515 4023 1516 4034 .

226 4073 357 4136 coronis
376 4082 465 4137 emta
483 4077 589 4140 statim
612 4078 647 4141 in
670 4078 817 4142 dominio
829 4079 914 4162 juris
934 4077 1112 4155 Quiritium
1137 4099 1207 4141 esse
1229 4078 1397 4162 coepisse,
1419 4077 1469 4138 ad·

226 4201 334 4264 eoque
351 4190 509 4246 emtorem
527 4206 672 4249 securum
694 4187 793 4250 fuisse
811 4194 925 4250 contra
945 4186 1127 4270 quoslibet,
1148 4195 1183 4250 ut
1203 4185 1301 4248 etiam
1321 4194 1414 4268 patet
1433 4205 1468 4246 ex

226 4287 378 4352 Varrone
395 4293 433 4352 de
451 4313 486 4354 re
506 4303 585 4355 rust.
607 4296 648 4356 II.
663 4293 712 4358 10.
736 4295 836 4380 Cujus
857 4296 967 4359 locum
991 4303 1025 4358 et
1050 4294 1093 4356 ad
1115 4293 1261 4379 reliquos
1278 4289 1468 4378 adquirendi

296 4510 324 4576 Β)
344 4513 387 4564 De
411 4515 514 4578 pracda
537 4518 636 4581 partim
661 4517 784 4581 vendita,
807 4519 907 4584 partim
927 4517 1061 4570 militibus
1086 4513 1191 4570 divisa:
1215 4493 1347 4568 Dukerns
1365 4516 1401 4566 ad
1416 4515 1466 4566 Ln.
1515 4531 1516 4572 t

225 4591 395 4655 xxxvlll.
413 4615 436 4652 c.
453 4601 496 4652 23.
514 4600 534 4666 5.
555 4604 596 4654 10.
614 4603 645 4654 Τ.
663 4601 697 4654 V.
716 4616 742 4666 p.
762 4606 821 4657 201.
840 4600 930 4655 Haud.
