3062 5156
224 345 294 411 174
434 435 436 440 Ι
509 337 584 407 Lus
610 335 636 403 l.
661 334 742 402 Tm.
767 333 860 404 Xlll.
885 334 1006 420 Uspus
1031 335 1085 404 Au
1110 335 1187 403 XX.

156 491 162 502 ’
224 533 320 597 quam
345 519 500 596 parentes
521 533 542 576 a
560 510 655 574 sctis
676 509 754 572 satis
776 508 974 574 inconcinne
996 510 1162 574 naturales
1187 511 1329 576 filiorum
1351 517 1474 574 tutores

224 618 443 702 adpellantur.
465 620 519 682 Ex
533 618 610 682 loco
629 638 707 680 sane
725 616 895 680 Ciceronis
910 637 974 700 pra
988 619 1103 678 Blasco
1115 616 1167 679 34.
1181 623 1214 699 r)
1234 618 1394 682 maritalis
1415 619 1474 682 ista

223 727 330 792 tutela
349 727 469 790 frustra
487 725 602 808 colligi
618 725 751 789 videtur
767 748 786 788 a
801 724 967 808 Schiltero
984 725 1100 786 Ecero.
1118 725 1292 788 XXXVII.
1311 725 1385 788 229.
1405 725 1475 788 Imo

222 834 462 919 posterioribus
478 833 682 917 temporibus
697 839 823 896 tantum
839 831 944 913 abe'st,
955 839 992 894 ut
1006 832 1140 894 mantus
1152 854 1223 895 esse
1238 840 1352 916 posset
1367 833 1476 897 uxoris

223 950 329 1025 tutor,
352 951 389 1006 ut
402 962 446 1004 ne
470 941 673 1004 curationem
698 939 829 1023 quidem
854 937 1056 1000 minorennis
1077 938 1132 1002 vel
1154 940 1299 1004 furiosae
1313 940 1476 1024 suscipere

223 1057 345 1134 posset
373 1049 568 1112 Orationem,
591 1047 634 1112 D.
653 1047 760 1110 Marci
787 1047 976 1130 factumque
1003 1067 1074 1108 eam
1103 1047 1137 1110 in
1163 1068 1232 1110 rem
1256 1047 1380 1110 SCtum
1403 1047 1477 1110 huic
1528 1099 1529 1108 .

225 1158 395 1222 curationi·
404 1156 581 1236 obstitisse,
598 1155 746 1219 novimus
764 1175 808 1218 ex
828 1153 865 1215 L.
877 1153 927 1214 14.
943 1155 985 1216 D.
1001 1154 1041 1216 de
1057 1154 1132 1216 Gur.
1139 1157 1210 1235 sar.
1228 1155 1266 1215 L.
1281 1155 1311 1216 4.
1327 1164 1360 1217 at
1375 1155 1413 1216 L.
1427 1155 1477 1218 17.

227 1268 260 1329 G.
277 1267 317 1328 de
330 1267 449 1328 Ernst.
467 1272 525 1326 tat.
542 1262 595 1348 [12.
611 1262 641 1326 2.
664 1265 697 1324 O.
717 1265 781 1340 Qui
792 1265 872 1325 dara
889 1269 985 1330 tutor.
1001 1257 1080 1324 vid.
1094 1262 1180 1324 Dias.
1195 1271 1293 1324 nostr.
1308 1263 1348 1324 de
1366 1265 1479 1324 marito
1528 1295 1529 1322 ι

178 1379 179 1382 ’
223 1375 308 1456 legit.
330 1392 421 1434 asor.
441 1381 498 1435 tat.
519 1374 545 1434 I.
564 1371 594 1432 4.
614 1369 665 1434 18.
681 1393 725 1454 sq.
748 1389 833 1454 quae
859 1377 967 1431 exstat
988 1368 1023 1430 in
1047 1369 1178 1450 Opuscc.
1203 1371 1328 1432 murell.
1353 1369 1479 1452 Sylloge

137 1561 138 1566 ‘
225 1482 293 1562 [γ’
305 1476 393 1564 189']
798 1559 827 1640 §-
848 1558 900 1622 ιο.

558 1676 584 1728 Α
604 1675 686 1728 tutela
703 1675 847 1728 nonnullas
861 1674 1002 1742 priuileps'o
1020 1671 1155 1726 liberatae.

309 1777 377 1840 Sed
399 1775 568 1839 obsolevit
591 1776 709 1838 sensim
733 1776 795 1839 ista
818 1774 991 1837 mulierum
1014 1774 1128 1838 tutela.
1150 1775 1194 1836 Et
1216 1773 1321 1859 primo
1345 1775 1479 1859 quidem
1528 1753 1529 1828 s

225 1883 437 1971 privilegium
463 1870 697 1946 illustrioribus¹
727 1882 920 1966 quibusdam
949 1883 1080 1945 feminis
1112 1903 1323 1962 concessum,
1352 1890 1390 1946 ul
1411 1884 1478 1945 sine
1528 1863 1529 1882 .

225 2002 370 2057 tutorum
394 1991 591 2054 auctoritate
615 2009 667 2052 res
691 2010 762 2052 suas
789 1997 953 2074 gererent.
976 1989 1172 2071 Virginibus
1192 1989 1386 2053 Vestalibus
1410 2011 1479 2052 eam

208 2101 415 2172 ,libertatem
430 2095 613 2160 indulserat
625 2117 691 2160 non
707 2097 826 2181 Numa,
843 2099 895 2177 (ut
911 2118 953 2159 ex
969 2096 1150 2160 Plutarcho
1166 2097 1202 2159 in
1217 2097 1326 2159 Numa
1341 2096 1395 2160 10.
1413 2098 1480 2160 col·
1528 2157 1529 2160 ,

225 2209 350 2293 ligunt)
370 2207 429 2270 sed
443 2206 627 2290 Augustus:
643 2205 711 2268 Dio
729 2205 817 2268 Cass.
833 2205 900 2267 Lib.
915 2203 1001 2268 LVI.
1019 2203 1068 2265 10.
1087 2226 1153 2288 quo
1171 2193 1357 2287 imperante
1382 2205 1480 2268 etiam
1528 2227 1529 2264 ι

227 2311 1480 2396 OctaviaeetLiviaeidembeneficiumpraestititSenatuerioCass.LV.2.

804 2479 833 2560 §-
854 2476 905 2540 21.

450 2595 530 2662 Lapis
548 2595 653 2662 Papiae
673 2596 816 2664 Poppaeae
833 2593 933 2646 sancus
951 2593 983 2644 de
1001 2593 1082 2646 tutela
1100 2592 1249 2646 muls'erum.
1528 2579 1529 2674 ]

310 2697 430 2780 Neque
446 2703 556 2758 tamen
573 2717 615 2757 eo
635 2695 708 2784 ipso
723 2695 825 2778 plane
841 2694 970 2757 sublata
988 2694 1095 2758 tutela
1110 2692 1298 2759 mulierum:
1317 2691 1480 2776 siquidem

105 2874 109 2879 ,
225 2806 305 2889 lege
331 2804 439 2888 Papia
459 2803 620 2887 Poppaea
643 2809 776 2866 caverat
789 2800 975 2886 Augustus,
998 2810 1035 2866 ut
1056 2825 1074 2866 a
1096 2802 1258 2880 Praetore
1280 2799 1373 2864 urbis
1395 2808 1482 2864 tutor
1528 2803 1529 2884 t

227 2914 362 2982 duretur
379 2913 412 2975 ei
433 2910 564 2974 mulieri
586 2909 768 2994 virginive,
788 2930 884 2992 quam
908 2931 951 2972 ex
969 2909 1031 2974 hac
1048 2909 1120 2993 ipsa
1136 2908 1214 2992 lege
1232 2908 1360 2973 nubere
1384 2929 1482 2992 opor·
1528 2905 1529 2918 ¹

226 3027 324 3097 teret,
343 3019 385 3084 ad
407 3018 519 3084 dotem
536 3018 697 3099 dandam,
713 3016 903 3098 dicendam,
919 3015 1238 3100 promittendamve,
1252 3016 1280 3078 si
1294 3015 1481 3099 legitimum
1528 3055 1529 3094 3

226 3135 370 3191 tutorem
396 3109 735 3210 pupillum‘haberet.
764 3123 842 3188 Vid.
870 3127 984 3187 Oomm.
1006 3134 1104 3188 nostr.
1127 3125 1177 3186 ad.
1199 3125 1237 3185 J..
1260 3123 1324 3188 Jul.
1347 3133 1383 3186 et
1405 3126 1482 3205 Pap.
1528 3143 1529 3148 ¹

226 3235 264 3300 I..
279 3236 322 3296 ΙΙ.
344 3256 371 3296 c.
383 3233 433 3296 13.
446 3256 481 3316 p.
500 3233 572 3296 253.
589 3254 634 3314 sq.
661 3232 733 3294 Imo
754 3241 872 3314 postea
892 3241 927 3298 ct
955 3232 1095 3296 Senatus
1118 3233 1261 3313 censuit,
1281 3231 1315 3293 in
1345 3232 1482 3315 provin-

227 3342 286 3403 ciis
308 3363 328 3404 a
348 3341 561 3404 Praesidibus
583 3360 626 3403 ex
657 3340 775 3404 eadem
798 3361 910 3404 caussa
936 3340 1063 3404 dandos
1089 3359 1160 3402 csse
1187 3347 1329 3403 tutores:
1347 3338 1482 3426 Ulpjan

226 3449 358 3528 lliagm.
373 3449 431 3509 XI.
445 3448 497 3512 20.

296 3653 330 3720 y)
349 3653 440 3706 Locus
463 3651 602 3706 Ciceronis
625 3657 682 3706 est:
709 3653 745 3706 In
762 3669 886 3717 manum,
907 3653 999 3721 inquit,
1019 3659 1185 3704 convenerat.
1213 3651 1291 3706 Nunc
1308 3653 1402 3706 audio.
1434 3653 1484 3706 Sel
1528 3633 1529 3722 ]

228 3755 342 3808 quaero,
360 3755 421 3801 usu,
442 3754 477 3788 an
494 3735 653 3789 cotmttomr
676 3737 730 3790 Usu
747 3756 801 3791 uon
814 3738 919 3806 potuit:
940 3735 1008 3789 sitit
1023 3735 1092 3786 anina
1105 3743 1193 3804 potest
1216 3735 1247 3786 de
1266 3735 1348 3788 tutela
1369 3737 1483 3805 lepitim
1528 3733 1529 3784 Τ

227 3823 282 3874 sine
300 3822 413 3874 omnium
439 3829 554 3878 tutorum
572 3823 727 3876 acetositate
746 3823 868 3876 deminui.
899 3819 1064 3872 Co'c'mtiane?
1094 3818 1221 3872 Omnibus
1238 3837 1301 3888 arpo
1319 3821 1483 3874 auctoribus.
1528 3837 1529 3868 ι

146 3899 149 3906 ’
227 3907 264 3960 In
281 3904 372 3974 pullus
390 3913 460 3956 certe
478 3904 605 3958 Flaccum
620 3907 710 3974 fuisse
727 3925 780 3960 nan
795 3908 873 3960 dicen
892 3905 1065 3973 Relinquitur
1083 3904 1163 3965 Illud,
1182 3907 1252 3973 quod
1267 3905 1421 3972 uacfirari
1436 3921 1484 3958 nou
1528 3957 1529 3982 ,

228 3993 335 4055 destitit,
352 4007 406 4043 nors
423 3986 558 4051 debuisse,
576 4009 655 4060 quum
675 3994 795 4044 Praetor
813 4000 891 4054 assat,
909 4007 986 4042 nsum
1003 3989 1135 4057 negotium
1153 4007 1247 4056 apere,
1262 3999 1309 4042 aut
1324 3993 1484 4046 mendenen
1528 4015 1529 4036 ι

220 4077 319 4144 facere
337 4073 497 4126 hereditatis.
515 4073 569 4128 Hic
587 4092 652 4129 sene
670 4076 737 4128 nihil
754 4075 870 4132 habetur
887 4075 922 4128 de
939 4075 1024 4130 tutela
1041 4074 1161 4128 uxorum
1173 4075 1201 4126 in
1217 4075 1329 4128 maritos
1342 4078 1483 4130 nansnta
1528 4069 1529 4092 ¹

228 4163 287 4214 Nec
305 4159 398 4225 colligi
414 4158 444 4212 id
460 4164 552 4224 potest
577 4178 613 4214 ex
631 4160 732 4222 verbim
755 4160 824 4212 nilil
836 4168 924 4228 potest
942 4161 973 4210 de
998 4159 1080 4212 tutela
1103 4159 1217 4227 lepitimc
1234 4161 1289 4212 sine
1307 4163 1429 4213 omnam
1447 4167 1484 4210 ta·
1528 4147 1529 4156 ¹

229 4253 317 4298 taram
334 4245 489 4298 auctoretas
509 4245 630 4298 dominam
656 4246 700 4296 Dc
718 4247 802 4298 tutela
823 4245 896 4298 enim
915 4243 1036 4310 legitime
1056 4260 1112 4296 non
1130 4244 1295 4298 deminuitur
1312 4243 1484 4312 aliquisita

228 4335 260 4381 nt
277 4327 390 4382 maritus
408 4329 469 4381 loco
495 4331 676 4397 adgnatorum
693 4334 767 4384 tutor
785 4331 840 4392 fiat,
859 4329 908 4382 sed
925 4333 956 4380 ut
972 4343 1044 4382 uxor
1061 4328 1091 4382 in
1108 4345 1219 4382 manum
1235 4326 1393 4393 conveniat,
1406 4329 1484 4380 adeo·

229 4431 283 4482 qne
301 4415 386 4466 tutela
402 4413 428 4468 ei
445 4416 527 4478 plane
544 4429 600 4466 non
618 4428 688 4479 opus
707 4413 750 4476 sit,
768 4416 811 4468 vel
829 4419 860 4466 ut
878 4411 976 4468 marito
995 4413 1086 4466 dotem
1104 4409 1167 4468 sine*
1181 4414 1342 4470 auctoritate
1361 4418 1482 4466 tutorum
1528 4473 1529 4484 ἶ

229 4498 383 4551 coristituat.
405 4499 483 4550 Heia.
