3122 5162
861 199 876 232 O

486 387 541 472 ni
567 402 730 473 Parmam
753 401 917 473 donicus.
1151 451 1155 456 -
1257 407 1326 485 191,

84 580 123 644 ad
148 577 343 647 occisionem
373 578 606 659 innocentum,
641 577 759 644 eadem
786 577 865 662 lege
894 586 1136 644 coercerentur.
1170 579 1328 666 Denique

82 688 122 751 A.
137 687 175 752 U.
191 685 228 753 C.
243 701 432 750 uoonxxxr.
451 684 578 752 duobus
595 685 744 750 Geminis
759 686 850 752 Coss.
872 688 988 754 eadem
1004 688 1083 772 lege
1098 687 1254 768 coerciti,
1271 689 1328 771 qui

82 795 123 858 ob
145 793 397 856 venumdandnm
415 793 469 856 vel
484 794 707 856 denudandum
725 815 787 856 non
801 797 1058 860 rerm'ttendamoa
1073 799 1281 858 testimoninm
1295 800 1324 876 Ι)

80 901 246 987 pecuniam
263 900 467 984 acceperint,
483 907 519 964 ut
540 900 626 964 adeo
642 899 788 985 plurimis
805 901 899 964 scus
914 906 944 982 ι)
964 903 1148 988 explicata,
1170 902 1212 966 ad
1228 901 1330 966 alios-

80 1031 143 1095 que
158 1009 247 1073 casus
267 1007 395 1091 prolata
411 1008 453 1072 sit
467 1008 525 1071 lex
547 1005 605 1072 illa
620 1006 788 1072 Cornelia.
812 1007 925 1086 Quare
941 1010 1055 1072 mirum
1075 1032 1141 1074 non
1164 1019 1223 1092 est,
1240 1011 1329 1074 inter
1399 1006 1402 1014 ’

69 1120 190 1198 salsum
206 1123 240 1178 et
255 1115 478 1196 quasisalsam
494 1115 650 1200 distingui
666 1115 703 1176 L.
719 1115 792 1196 l.§.
808 1119 864 1180 alt.
880 1117 921 1180 D.
936 1119 981 1179 ad
993 1118 1069 1200 Lag.
1088 1118 1178 1183 Corn.
1194 1119 1234 1179 de
1247 1118 1328 1196 sals.
1385 1139 1393 1150 ·

651 1281 680 1362 s.
695 1277 746 1342 aa.

526 1399 585 1450 nea
603 1397 635 1450 dc
645 1395 724 1462 falso
741 1396 871 1448 numerio.

157 1497 308 1563 Alterum
324 1496 420 1582 hujus
432 1496 518 1583 legis
533 1506 631 1582 caput
652 1496 738 1580 legis
754 1497 922 1561 numeriae
937 1498 1071 1561 nomine
1088 1499 1254 1562 veniebat.
1275 1499 1328 1562 Eo

78 1615 221 1694 cautu,
245 1612 298 1680 ut,
314 1605 371 1689 qul
392 1625 508 1670 numos
524 1627 642 1671 aureos
663 1627 701 1670 ac
723 1615 899 1690 argenteos
921 1605 1176 1688 adulteraverit,
1197 1606 1327 1688 laverit,

79 1713 288 1794 conflaverit,
312 1713 446 1796 raserit,
468 1714 668 1798 corruperit,
692 1713 791 1797 quive
813 1735 928 1777 numos
943 1721 1096 1778 stanneos
1112 1713 1328 1798 plumbeosve

80 1822 203 1903 emerit,
219 1820 409 1885 vendiderit
429 1822 509 1887 dolo
526 1822 624 1901 malo,
641 1822 673 1883 ei
692 1821 847 1885 damnato
863 1843 949 1907 aqua
965 1830 1000 1885 et
1017 1822 1087 1907 igni
1110 1822 1329 1886 interdicere-

80 1941 140 1995 tur.
160 1927 284 1992 Verum
302 1937 336 1992 et
357 1929 434 1994 huic
456 1931 521 1995 alia
543 1928 665 1992 deinde
686 1937 760 1992 sunt
776 1929 908 2011 addita,
931 1928 1000 1992 sive
1020 1929 1132 2007 sctis,
1155 1929 1225 1994 sive
1247 1953 1328 1995 con-

82 2035 300 2102 stitutionibus
315 2035 515 2122 Principum.
539 2035 648 2114 Quale
665 2035 727 2098 fuit
745 2031 843 2118 illud,
861 2035 961 2122 quod,
978 2037 1033 2122 qui
1057 2037 1148 2101 vultu
1164 2037 1328 2123 Principis

82 2145 235 2230 signatam
260 2159 423 2207 monetam
448 2153 581 2229 praeter
602 2143 819 2207 adulterinam
847 2145 1097 2228 reprobaverit,
1119 2143 1215 2230 hujus
1242 2145 1328 2230 legis

79 2273 187 2338 poena
211 2254 403 2315 tenebatur:
425 2251 547 2315 Paulus
571 2252 725 2314 Sententt.
747 2251 886 2331 Recepit.
908 2251 942 2312 V.
960 2249 1010 2312 25.
1025 2251 1054 2312 1.
1086 2251 1125 2314 Id
1152 2252 1240 2336 quod
1257 2253 1328 2336 jam

59 2359 223 2445 ¹Epicteti
239 2359 458 2444 temporibus,
481 2359 515 2423 id
532 2368 598 2437 est,
621 2360 679 2422 sub
699 2357 836 2421 Nerone
853 2367 886 2422 et
903 2357 1135 2442 vespasianis,
1157 2368 1328 2444 receptum

77 2467 194 2534 fuerat.
215 2467 269 2531 Ita
285 2467 372 2530 enim
390 2468 549 2533 Arrianus
568 2469 819 2530 Commentariun
840 2467 879 2528 de
891 2467 1028 2549 Epicteti
1040 2467 1213 2548 Disputatt.
1225 2469 1284 2529 III.
1299 2467 1329 2530 3.

80 2575 129 2644 Τὸ
151 2581 206 2641 τοῦ
221 2566 533 2659 Καίσαροςοόμιομο
553 2575 608 2641 οὔκ
626 2577 745 2654 ἔξεστιν,
760 2573 986 2657 ἀποδοκιμάσαι
1002 2577 1044 2660 τῷ
1065 2579 1237 2668 τραπεζίτῃ,
1255 2575 1329 2642 οὐδὲ

76 2689 121 2770 τῷ
140 2681 358 2778 λαχοιόπιέλῃ,
380 2683 449 2750 ἀλλ’
468 2681 507 2752 air
524 2685 635 2774 δείξῃς,
656 2684 746 2750 θέλει
765 2682 803 2746 οὐ
821 2683 917 2761 θέλει,
933 2687 1087 2768 προέσθαι
1108 2679 1203 2748 αὐτὸν
1224 2683 1273 2749 δεῖ
1291 2683 1327 2749 τὸ

76 2791 143 2858 ἄντ’
168 2789 263 2858 αὐτοῦ
285 2788 489 2870 πωλούμενον.
524 2791 670 2853 Caesaris
691 2811 821 2852 numam
845 2811 902 2851 nec
924 2795 1117 2874 argentario,
1139 2815 1196 2855 aec
1211 2795 1329 2856 olerum

74 2901 243 2972 venditori,
265 2899 440 2980 improbare
458 2899 544 2960 licet:
565 2898 631 2959 sed·
643 2907 765 2960 ostenso
787 2917 837 2970 eo,
865 2903 930 2959 sa've
956 2902 1044 2972 uelit,
1067 2905 1133 2962 sive
1153 2903 1244 2974 nolr't,
1263 2923 1329 2965 rem

147 3139 179 3204 z)
201 3137 293 3190 Verba
310 3141 376 3191 haec
395 3137 503 3190 suntin
522 3141 598 3189 textu
616 3135 742 3201 Ulpiani,
767 3135 816 3188 scd
835 3134 932 3188 vitiosa
949 3137 1044 3202 procul
1062 3133 1156 3188 dubio.
1170 3137 1328 3203 legendum

73 3229 171 3276 monet
189 3221 318 3290 Cujacius
338 3223 547 3277 denunciandum
565 3221 608 3273 uel
624 3239 676 3273 non
695 3221 1158 3280 denunciandum.remittendumve.
1180 3221 1328 3288 Disputant

73 3311 111 3363 de
130 3310 263 3363 hocloco
281 3309 375 3362 Desid.
394 3308 531 3362 Heraldus
550 3307 582 3358 de
599 3324 654 3358 rer.
664 3307 779 3376 judicat.
797 3307 917 3358 auctorit
935 3307 967 3358 L.
986 3305 1009 3358 Ι.
1029 3323 1050 3358 c.
1069 3307 1095 3357 6.
1114 3306 1197 3373 Hugo
1216 3307 1328 3361 Grotius
1363 3320 1365 3325 ·

73 3395 192 3450 Horum
206 3411 292 3463 mars.
310 3396 346 3446 ad
370 3395 402 3448 L.
419 3393 466 3446 att.
492 3393 524 3444 de
545 3392 711 3446 Gonamsion.
738 3392 834 3446 Claud.
860 3390 1011 3445 Salmasius
1036 3391 1130 3461 adjus
1147 3393 1226 3445 Attia.
1245 3411 1268 3446 c.
1285 3397 1328 3448 ³0.

73 3481 188 3533 Cornel.
205 3495 259 3532 ran
276 3478 474 3548 Bpnkershoek
495 3475 642 3530 Observare.
663 3476 720 3529 III.
740 3482 779 3530 19.
798 3478 878 3531 Heia.

147 3565 180 3632 a)
201 3567 268 3618 'lale
286 3556 366 3617 etiam
384 3568 425 3614 est
444 3563 559 3626 SCtum,
588 3577 643 3630 quo
661 3568 786 3626 cautum,
812 3567 843 3613 ut
862 3580 907 3613 eae
942 3561 1063 3623 tabulae,
1082 3558 1148 3632 qnae
1167 3563 1268 3632 publici
1288 3567 1331 3618 set

69 3651 178 3719 privati
195 3658 344 3702 contractus
361 3649 521 3715 scriptisram
540 3649 684 3708 continent,
712 3645 833 3699 adhibitis
851 3645 973 3710 testibus,
1000 3648 1037 3699 ita
1055 3648 1239 3715 siqnarentnr,
1256 3657 1286 3701 nt
1302 3649 1329 3702 in

70 3751 182 3788 summ
199 3734 326 3803 marpesia
343 3732 380 3784 ad
397 3733 507 3784 mediam
516 3740 623 3801 partem
634 3731 792 3800 perforatae
806 3731 905 3799 triptici
920 3731 972 3784 lino
985 3733 1234 3800 comminuerentur,
1252 3741 1326 3803 atque

69 3817 216 3887 impositae
232 3835 316 3886 supra
340 3817 422 3870 tritum
440 3835 517 3869 cerae
534 3818 610 3885 sipna
626 3819 855 3886 imprimerentur,
878 3825 907 3868 nt
925 3819 1069 3872 exteriores
1085 3819 1234 3885 scripturas
1242 3821 1326 3887 fidem

69 3903 203 3956 interiori
217 3913 340 3957 servent:
358 3901 435 3956 aliter
454 3900 557 3954 tabulae
572 3903 695 3970 prolatae
713 3902 780 3955 nihil
792 3903 916 3958 momenti
929 3900 1069 3958 traderent:
1081 3903 1185 3954 Paulus
1200 3903 1325 3959 Sententt.
1407 3947 1408 3950 ,

69 3987 203 4055 Receptt.
228 3984 309 4040 1425.
321 3989 346 4038 6.
361 3983 466 4054 (Locus
485 3985 565 4037 Pauli
583 3987 611 4039 in
633 3989 759 4041 Sententt.
778 3987 897 4054 Recepti.
916 3985 992 4038 aliter
1009 3992 1109 4049 exstat,
1125 3992 1154 4037 at
1171 3995 1326 4054 corruptus:

67 4071 216 4138 corrigere
227 4073 299 4124 lmnc
310 4071 384 4122 volui
397 4069 471 4132 olim,
486 4067 521 4138 [⁴
538 4069 689 4140 Oianjnris
705 4073 784 4126 Rom.
800 4073 857 4125 ΙΙΙ.
871 4067 914 4140 6.]
930 4085 1018 4138 usquc
1030 4087 1074 4123 sne
1085 4071 1144 4137 ejus
1159 4072 1326 4138 conjecturae

66 4157 211 4225 poenitet.
224 4156 333 4222 Cassan.)¹
342 4155 425 4218 Quod
438 4155 490 4207 sub
505 4154 613 4208 Nerone
631 4163 767 4223 repertum
784 4173 856 4221 csse,
875 4157 954 4209 docet
972 4155 1120 4208 Suetonius
1135 4155 1240 4210 Nerone
1252 4176 1273 4212 c.
1286 4162 1327 4212 17.

67 4245 183 4297 Contra
201 4257 248 4308 ca,
274 4255 329 4294 nou
348 4239 384 4292 ad
401 4239 518 4292 Neronis
537 4247 672 4306 tempora,
699 4244 747 4294 sed
766 4243 801 4294 ad
819 4242 921 4296 Tiberii
939 4240 1119 4307 principatum
1138 4243 1249 4308 noejus
1266 4259 1326 4310 por-

66 4330 180 4392 tinere,
197 4326 281 4396 idque
299 4325 440 4378 inductum
459 4341 518 4378 essc
537 4325 610 4378 SCto
628 4320 795 4388 Libonian0‚
817 4328 955 4382 existimat
971 4327 1150 4390 Petr.„Faber
1169 4327 1327 4382 seminat.

65 4420 116 4470 25.
134 4431 166 4482 p.
188 4416 244 4466 143.
263 4413 348 4464 Plura
366 4413 400 4464 de
417 4412 469 4464 hoo
487 4408 613 4476 signandi
627 4409 710 4460 modo
729 4409 811 4461 tradit
826 4412 921 4466 Claud.
937 4411 1085 4468 Salmasius
1102 4413 1133 4464 de
1145 4413 1220 4464 mado
1232 4411 1329 4465 subscr.

65 4506 97 4548 er
116 4495 236 4564 sabn'qn.
255 4503 356 4548 testam.
375 4515 397 4549 c.
415 4501 456 4549 26.
476 4497 519 4546 Ex
537 4495 598 4548 aliis
616 4494 696 4550 sctis
714 4510 774 4548 esse
792 4487 931 4562 videntur,
954 4514 1025 4564 quae
1042 4497 1122 4550 habet
1141 4497 1242 4550 Paulus
1262 4495 1328 4550 Sen-

65 4589 153 4634 tentt·
175 4581 298 4652 Recepti.
323 4580 351 4635 V.
368 4585 410 4636 26.
431 4586 471 4634 ll.
488 4598 526 4650 sq.
545 4581 624 4634 Hein.
