3030 5160
177 395 252 462 458
549 387 627 456 lan.
653 383 698 456 ll.
723 385 806 456 Trr.
831 383 1059 456 iix—xxa.

178 581 264 630 asro
278 565 324 645 ΙΙ).
348 561 503 626 Secundo
520 563 629 647 capite
646 561 762 626 modus
781 561 968 646 legatorum
988 559 1214 626 constituitur=
1231 577 1435 638 nuruumque
1509 653 1510 658 γ

178 688 265 736 orvrs
285 684 448 736 nouenos
472 685 558 734 rosi·
582 688 675 735 uana
699 687 814 734 uranu
833 685 997 732 nostrum
1017 684 1274 734 rnsrnunnrum
1300 685 1435 750 reorur,
1509 725 1510 764 ;

177 795 210 844 rs
228 795 394 854 ausuram
414 794 539 853 aurona
557 795 623 840 crvr
642 795 786 842 noniano
805 794 976 842 rsounmu
997 793 1081 840 suna
1096 793 1237 840 runnrco
1253 792 1360 858 nana,
1378 794 1435 839 un·

178 901 266 952 onan
284 901 405 968 vonna,
427 899 486 949 sus
505 898 743 962 rorasrAsQun
760 901 863 949 aanor
880 901 955 947 num
973 901 1033 948 rra
1051 901 1167 948 nurus
1187 899 1374 965 undarunt,
1392 899 1435 947 nr

177 1010 296 1076 urrtUS,
318 1009 415 1068 Qum
432 1009 571 1055 riarum
585 1008 750 1068 Quaeram
769 1005 998 1056 amorreum
1013 1009 1057 1056 no
1077 1007 1307 1056 rmmnnro
1328 1007 1435 1055 annn-

178 1117 242 1166 nas
266 1115 424 1164 onernur.
451 1115 522 1180 ius,
545 1115 668 1174 oureus
689 1117 774 1175 Quin
793 1115 853 1162 rra
878 1115 1000 1163 narum
1021 1115 1226 1163 unaarum
1248 1115 1344 1176 sarr,
1366 1113 1435 1161 narr

178 1225 351 1274 Pacuuium
374 1223 451 1273 SINE
470 1224 606 1270 FRAUDR
623 1222 689 1270 ΒΗΛ
707 1223 836 1270 GAPERE
854 1223 990 1270 btuuro:
1011 1222 1112 1283 lsQUR
1131 1223 1258 1288 HERES,
1277 1223 1341 1282 Qul
1366 1224 1434 1270 unit
1511 1285 1512 1290 1

179 1332 351 1380 ΡΕΟΙΙΝῘΑΜ
367 1331 458 1378 DARE
474 1331 595 1380 Jussvs
607 1331 795 1378 DAMNATUS
809 1331 899 1390 ERIT,
910 1331 980 1377 EAM
995 1331 1167 1378 Psenmau
1180 1331 1316 1380 namo
1334 1331 1432 1394 DARE,

179 1439 277 1500 QUAM
295 1439 484 1486 DAMNATUS
505 1439 578 1488 nsr.
599 1423 653 1485 Ex
672 1421 724 1484 his
741 1441 823 1506 ergo
843 1422 921 1486 satis
939 1429 1069 1486 constat
1087 1422 1130 1484 de
1148 1443 1230 1485 vera
1249 1421 1343 1507 legis
1358 1421 1434 1484 Fal-

178 1529 286 1594 cidiae
304 1530 485 1610 sententia,
507 1531 693 1614 meritoque
714 1551 775 1613 pro
794 1530 900 1613 inepti
913 1529 1064 1620 ¹legnrleji
1088 1529 1319 1594 additamento
1337 1551 1431 1614 repu-

178 1637 280 1700 tan'da
304 1645 378 1700 sunt
402 1636 460 1700 illa
479 1638 567 1721 apud
587 1638 826 1722 Hieronymum
841 1642 874 1699 ia
895 1637 1007 1700 caron.
1028 1638 1061 1699 0.
1077 1637 1247 1716 Falcidius,
1276 1639 1430 1702 maanus

171 1745 287 1827 plebis,
311 1747 413 1827 legem
432 1746 518 1818 tulit,
536 1766 577 1807 ne
597 1751 665 1827 qaia
687 1754 872 1808 testamento
889 1747 965 1827 plus
986 1747 1123 1828 legaret,
1142 1765 1236 1827 qaam
1257 1755 1297 1808 at
1320 1755 1427 1828 quarta

173 1871 254 1933 pora
284 1852 372 1932 apud
401 1851 532 1914 uaeas
559 1863 754 1935 superesset,
780 1873 819 1915 ar
845 1871 1010 1915 uanam
1037 1871 1190 1927 curruca
1213 1871 1291 1914 aar
1316 1871 1429 1914 urnas

178 1977 330 2020 rosana:
354 1976 417 2019 arn
444 1979 565 2020 aaran
592 1980 679 2022 runs
704 1979 873 2035 Quarum
898 1979 990 2021 rano
1008 1979 1046 2022 ιι
1068 1977 1252 2022 saurauer:
1279 1979 1428 2022 mrax-

178 2083 271 2126 arsua
285 2066 335 2144 ¹).·
355 2062 422 2126 vid.
443 2063 485 2128 A.
508 2065 606 2129 Cont.
628 2067 729 2130 Lectt.
750 2069 866 2132 wlcan
890 2069 915 2128 Ι.
935 2066 965 2129 3.

775 2255 782 2270 .
802 2207 854 2272 20.

529 2313 684 2368 Relatiouer
700 2324 727 2367 et
743 2209 898 2368 dotationes
916 2315 994 2386 lajm
1012 2315 1083 2384 leqt's.

261 2413 417 2478 Ceterum
436 2413 593 2478 deductio
617 2425 769 2500 quartae,
794 2438 890 2500 quam
913 2417 971 2480 lex
993 2415 1077 2479 haec
1097 2415 1250 2482 Falcidia
1270 2417 1428 2502 permisit,

178 2520 574 2606 imperanteVespasiano
585 2522 628 2585 ad
640 2522 891 2588 fideicommissa
906 2523 1105 2587 universalia
1115 2524 1252 2609 primum
1268 2526 1429 2608 producta

69 2625 74 2632 ’
178 2636 227 2691 est
243 2627 331 2690 scto
350 2629 554 2712 Pegasiano;
573 2628 651 2714 [Tit.
668 2630 792 2690 XXIII.
807 2631 836 2711 §.
851 2628 897 2716 6.]
915 2630 1036 2695 deinde
1059 2632 1158 2694 etiam
1174 2632 1216 2695 ad
1232 2632 1427 2717 singularia:

177 2737 205 2818 §.
216 2737 246 2799 5.
262 2737 339 2798 Inst.
354 2738 393 2798 de
408 2737 521 2799 Felicio.
537 2737 643 2798 bereri.
659 2737 725 2798 imo
742 2738 834 2801 etad
850 2737 1100 2802 fideicommissa
1116 2739 1158 2802 ab
1172 2740 1337 2804 intestato
1355 2741 1426 2804 reli-

178 2850 248 2924 cta,
265 2841 354 2926 quod
371 2843 448 2905 a'D.
463 2844 527 2905 Pio
544 2844 664 2906 factum
686 2844 789 2924 refert
805 2846 929 2910 Paulus
944 2845 1318 2912 JureconsultusL.·18.
1335 2850 1379 2910 D.
1394 2848 1429 2910 ad

176 2950 214 3011 J..
230 2950 348 3010 Falcid.
366 2971 403 3012 ac
425 2949 569 3035 denique
585 2952 627 3014 ad
648 2953 844 3017 donationes
866 2955 978 3016 mortis
999 2975 1112 3018 caussa
1128 2973 1171 3018 ex
1191 2955 1422 3019 constitutione

178 3054 310 3118 Severi:
335 3060 369 3117 L.
384 3058 414 3120 5.
434 3059 465 3119 C.
485 3061 550 3121 eorl.
572 3060 609 3122 1..
625 3060 654 3124 2.
673 3062 705 3122 0.
721 3063 760 3124 de
778 3063 891 3124 Donat.
909 3071 998 3124 mort.
1019 3083 1123 3126 cauas.
1144 3061 1186 3126 Id
1203 3063 1297 3148 quod
1320 3071 1425 3128 tamen

177 3163 219 3228 ab
240 3162 398 3227 intestato
426 3163 664 3232 admittendum
684 3167 772 3234 haud
792 3167 925 3232 videtur
948 3168 1084 3254 Cujacio
1108 3171 1284 3232 Observatt.
1305 3173 1364 3233 ΙΙΙ.
1379 3171 1423 3232 17.

178 3269 256 3355 quia
270 3271 383 3334 mortis
399 3294 512 3336 caussa
527 3274 724 3338 donationes
740 3277 781 3338 ab
793 3275 950 3340 intestato
967 3277 1075 3340 factae
1090 3275 1212 3357 legatis
1226 3299 1298 3342 uon
1313 3278 1420 3362 aequi·

175 3386 348 3470 parentur:
365 3379 404 3440 1..
418 3379 470 3441 20.
486 3381 514 3462 §.
530 3381 559 3443 1.
575 3385 616 3445 D.
631 3383 670 3444 de
686 3385 782 3464 legat.
798 3385 984 3466 praestanti.
1014 3384 1138 3447 Verum
1154 3383 1240 3467 legis
1256 3385 1423 3448 Falcidiae

176 3482 262 3546 vires
278 3483 418 3548 maxime
437 3487 526 3551 elisit
540 3505 772 3572 JusrrruANUs,
788 3491 947 3575 permissa
961 3489 1119 3562 facultate
1135 3493 1352 3558 testatoribus
1366 3495 1425 3558 uti-

176 3589 256 3654 liter
276 3592 475 3676 prohibendi
495 3595 666 3660 Falcidiae
683 3598 940 3678 detractionem,
957 3619 1056 3683 quum
1079 3609 1178 3663 antea
1198 3599 1425 3683 hujuscemodi

177 3697 357 3781 voluntati,
373 3704 579 3783 quantumvis
595 3725 787 3789 expressae,
802 3705 943 3768 heredes
965 3706 1099 3769 minime
1122 3727 1239 3790 parere
1262 3727 1426 3794 cogeren-

175 3814 243 3869 tur:
258 3806 324 3870 vid.
339 3807 435 3871 Vino.
453 3807 599 3875 Gravina
612 3813 651 3874 dc
665 3815 798 3895 Legibus
813 3822 844 3876 et
860 3813 951 3876 scen
966 3810 1054 3876 Rom.
1070 3835 1095 3876 o.
1109 3813 1161 3876 77.
1170 3834 1204 3897 p.
1219 3813 1293 3880 637.

746 3953 775 4034 s.
793 3952 845 4016 21.

684 4051 821 4104 Conclusio
839 4051 917 4104 tituli.

259 4146 356 4224 Quae
372 4145 454 4212 alias
477 4147 519 4212 de
540 4170 634 4214 sensu
655 4150 740 4234 legis
756 4149 927 4216 Falcidiae
951 4151 1145 4238 casibusque
1168 4175 1209 4216 eo
1225 4156 1426 4238 pertinenti-

244 4320 278 4386 ιι)
298 4319 443 4374 adduntur
460 4322 489 4374 in
505 4322 621 4388 vulgatis
641 4321 805 4377 editionibus
823 4326 922 4377 verba:
948 4339 984 4377 ur
1002 4339 1055 4378 rue
1073 4341 1139 4378 inor
1157 4341 1287 4383 securum
1305 4343 1424 4381 urcesrr:

175 4405 223 4457 sed
242 4419 273 4456 ea
294 4407 463 4468 νοθεύονται,
483 4411 514 4457 ul
531 4407 682 4462 observavit
700 4409 830 4476 cujacius
845 4411 882 4462 ad
901 4409 929 4462 0.
948 4411 1032 4464 adl..
1051 4411 1152 4464 Falcid.
1170 4413 1250 4464 Heln.

243 4489 277 4555 x)
297 4491 373 4543 Haeo
390 4493 461 4545 enirn
479 4509 514 4544 ex
541 4489 725 4544 recentissimo
744 4485 910 4548 Graecorum
924 4495 988 4562 jure
1006 4511 1080 4558 esse,
1098 4495 1204 4548 erudite
1228 4494 1423 4548 demonstravit

176 4570 295 4626 Oiselius
313 4576 349 4627 ad
368 4575 613 4645 Gajilmt.11..6.
634 4583 657 4630 1.
676 4567 719 4645 an.
739 4578 887 4646 Sohulting.
904 4595 932 4646 p.
951 4585 1009 4633 121.
1027 4579 1107 4633 Heia.
1224 4587 1229 4596 “
