3062 5156
323 370 380 440 Da
403 371 562 440 Turnum
586 373 745 440 Tnsnmn
770 371 893 440 Lram.
917 371 1008 440 Dar.
1227 378 1296 445 169

58 556 111 628 tur,
121 547 386 632 juberenturque
402 545 577 612 Praesides
602 546 752 628 etiamtn
771 547 951 630 provinciis
969 555 1095 612 tutores
1117 548 1213 612 dare:
1235 549 1297 613 Ul·

57 657 131 738 pian.
144 657 276 738 llogm.
290 658 310 716 l.
326 675 352 716 e.

618 761 647 842 §.
669 759 721 823 12.

283 875 390 928 littoris
407 877 477 928 datio
499 873 655 928 omnbus
674 875 747 930 Sao
769 875 915 928 cusduno
933 876 1060 945 infimata.

127 977 192 1040 Sed
208 985 321 1040 tamen
336 976 419 1040 haec
434 976 552 1039 tutoris
567 973 659 1038 datio
680 996 746 1039 non
766 991 863 1040 unam
879 985 996 1058 postea
1018 976 1118 1040 subiit
1140 979 1297 1042 mutatio-

61 1105 129 1147 nem.
157 1083 269 1160 Quum
296 1084 384 1146 enim
410 1083 552 1146 Tribuni
585 1091 620 1146 et
649 1085 828 1148 Praetores
858 1081 1084 1167 negligentius
1109 1084 1220 1150 forsan
1254 1109 1296 1150 eo

60 1212 176 1254 munere
192 1191 427 1275 fungerenturz
443 1190 600 1253 sancitum
617 1199 667 1254 est
682 1189 772 1254 SGto
789 1189 985 1270 Claudiano,
1005 1199 1043 1253 ut
1056 1195 1183 1272 pannas
1201 1203 1297 1256 estro

60 1301 178 1362 ordr'rrem
198 1308 320 1362 tutores
339 1319 360 1359 a
381 1299 564 1360 Consulibus
583 1298 751 1360 durantum
775 1296 867 1359 Suet.
889 1298 1000 1360 Claud.
1017 1319 1043 1359 c.
1061 1297 1112 1360 23.
1142 1299 1232 1364 Hinc
1254 1300 1297 1364 ad

61 1405 179 1488 Trajani
205 1426 309 1489 usque
335 1413 486 1488 tempora
509 1412 636 1468 tutores
663 1427 683 1467 a
704 1403 902 1467 Consulibus
926 1402 1021 1467 datos
1042 1403 1184 1488 legimus
1209 1406 1296 1490 apud

61 1512 131 1574 Plin.
144 1515 245 1594 ll'qn‘st.
258 1513 318 1574 IX.
334 1510 385 1574 13.
407 1512 535 1574 Horum
554 1532 635 1574 vero
653 1511 749 1574 simul
765 1519 836 1574 erat
850 1511 1020 1595 inquirere
1036 1511 1070 1575 in
1084 1513 1202 1576 tutoris
1218 1534 1297 1576 con-

63 1617 203 1681 ditionem
228 1628 329 1703 atque
351 1617 518 1700 indolem,
541 1639 584 1682 ne
608 1619 689 1703 quid
711 1639 764 1682 res
785 1617 905 1704 pupilli
929 1617 1120 1682 detrimenti
1145 1629 1296 1704 caperet:

61 1727 83 1808 §.
98 1725 123 1788 3.
140 1727 217 1788 Inst.
235 1727 264 1788 Ιι.
281 1736 302 1788 t.
326 1726 547 1805 Quaestiones
566 1727 600 1789 in
621 1725 683 1790 ista
704 1727 920 1812 inquisitione
937 1724 1123 1826 propositas
1142 1737 1296 1792 recenset

61 1833 116 1896 Jac.
130 1833 241 1919 cujac.
256 1838 290 1896 r'n
306 1835 475 1916 Pops'ns‘on.
492 1835 536 1896 ad
552 1834 589 1896 12.
605 1835 635 1895 5.
655 1836 687 1896 0.
703 1835 743 1897 de
760 1835 846 1914 Coos.
861 1845 919 1897 tat.
929 1857 963 1916 p.
979 1835 1050 1898 296.
1151 1883 1153 1888 .

620 1987 648 2069 ἓ.
670 1985 722 2050 13.

389 2073 508 2154 Praetor
526 2079 647 2155 tutelonis
651 2103 749 2170 foetus
766 2102 799 2155 ab
817 2105 959 2157 Antonino.

124 2202 205 2264 Mox
228 2207 339 2263 tamen
366 2210 400 2266 et
422 2202 620 2267 Consulares
648 2202 730 2266 istae
761 2202 887 2266 tutelae
919 2204 1166 2287 displicuerunt.
1195 2203 1295 2267 Unde

54 2309 97 2392 jus
117 2308 214 2372 dandi
237 2315 363 2371 tutores
384 2309 599 2374 Praetoribus
623 2311 860 2374 constitutione
881 2312 1026 2374 restituit
1044 2310 1090 2373 M.
1106 2311 1295 2374 Antoninus

58 2417 203 2500 lmp.,ita
218 2425 347 2500 tamen,
369 2425 406 2480 ut
428 2417 627 2502 singularem
643 2417 772 2481 faceret
787 2419 989 2494 Praetorem,
1006 2439 1103 2502 quem
1125 2415 1166 2480 ab
1183 2417 1295 2480 officio

59 2528 206 2586 tutelarem
220 2523 277 2587 vel
293 2527 485 2607 pupillorem
501 2525 695 2609 adpellabat
711 2526 753 2606 ¹):
775 2524 842 2589 Jul.
859 2525 1039 2610 Capitolin.
1057 2528 1109 2588 vir.
1127 2525 1234 2587 Mores'
1246 2523 1296 2586 10.

58 2631 81 2710 ἓ.
95 2631 207 2694 bloet.
226 2633 256 2693 Ιι.
275 2640 296 2693 t.
327 2631 423 2695 Haec
442 2632 602 2697 Praetura
618 2634 695 2697 satis
714 2633 770 2696 diu
785 2633 914 2698 Romae
935 2633 1061 2697 mansit.
1084 2631 1168 2696 Nam
1189 2649 1296 2696 Amori
1376 2617 1379 2624 ¹

58 2755 203 2803 nncnnnu
218 2755 332 2821 nnss1,
354 2757 543 2806 rnnnnonns
562 2758 771 2824 rnnrnnars,
787 2743 913 2805 mentio
930 2742 966 2806 fit
981 2743 1015 2804 in
1031 2761 1191 2805 marmore
1208 2739 1296 2824 apud

58 2843 174 2910 Reines.
194 2848 298 2909 Inscr.
316 2848 413 2909 Closs.
436 2849 488 2910 VI.
501 2870 534 2930 p.
547 2847 618 2914 395.
635 2871 666 2910 n.
685 2849 742 2914 IV.
768 2848 846 2913 Alia
872 2858 1100 2932 monumenta,
1120 2849 1154 2912 in
1178 2849 1296 2932 quibus
1318 2889 1327 2904 ·

58 2951 100 3016 hic
114 2955 254 3018 Praetor
267 2954 432 3039 laudatur,
449 2955 588 3040 collegit
605 2957 628 3021 J
630 2979 676 3020 os.
692 2956 839 3020 Castalio
861 2956 936 3018 Var.
953 2957 1037 3019 Leot.
1056 2955 1107 3019 20.

640 3155 647 3170 .
668 3109 720 3172 14.

297 3224 460 3292 Praefectus
477 3235 502 3278 et
520 3110 641 3278 Prostogr
659 3226 764 3295 quondo
782 3233 882 3278 tutores
901 3225 1042 3278 dederint?

126 3323 246 3388 Paullo
273 3334 349 3409 post
375 3327 518 3391 moribus
539 3327 697 3408 invaluit,
726 3336 761 3392 ut
789 3327 919 3392 Romae
943 3324 1138 3389 Praefectus
1161 3321 1234 3386 urbi
1263 3328 1297 3384 et

58 3427 184 3496 Praetor
205 3432 384 3496 secundum
407 3455 494 3498 suam
510 3433 777 3518 jurisdictionem
788 3457 796 3509 ;
811 3438 845 3498 in
865 3434 1043 3518 provinciis
1064 3452 1145 3497 vero
1165 3429 1297 3495 Praesi-

59 3535 117 3615 des,
140 3541 206 3603 imo
226 3548 262 3603 et
282 3539 403 3624 Legati
420 3542 571 3607 Procoss.
595 3564 637 3605 ex
656 3542 793 3627 speciali
814 3541 911 3628 lege,
929 3543 964 3606 id
984 3550 1050 3624 est,
1076 3539 1297 3605 exoratione

57 3643 91 3706 Ι).
103 3645 215 3730 Marci,
230 3656 358 3711 tutores
379 3670 422 3712 ex
436 3649 652 3737 inquisitione
670 3650 797 3732 darent,
814 3650 1015 3738 [Schulting.
1029 3653 1061 3712 r‘n
1082 3659 1185 3734 Πρωτ.
1204 3649 1230 3709 Ι.
1246 3645 1297 3708 16.
1382 3695 1396 3712 .

57 3749 81 3811 6.
92 3773 120 3833 p.
136 3753 231 3840 149.]
254 3755 312 3839 qui
334 3763 443 3821 tamen
467 3759 566 3822 etiarn
591 3759 744 3822 inferiori
766 3759 972 3842 magistratui
990 3757 1045 3821 vel
1067 3758 1131 3839 ipsi
1155 3753 1297 3818 civitatis

57 3857 222 3925 Defensori
242 3862 278 3924 id
293 3865 421 3948 negotii
441 3865 519 3930 dare
539 3874 704 3951 poterant,
722 3867 748 3929 si
766 3887 833 3928 non
850 3867 935 3930 adeo
953 3886 1093 3948 magnae
1114 3869 1222 3926 essent
1235 3880 1297 3944 pu-

57 3965 195 4047 pillorum
212 3968 405 4035 facultates:
423 3973 452 4054 §.
463 3974 493 4034 4.
506 3975 583 4036 Inst.
599 3976 637 4036 do
655 3975 731 4037 Atat.
750 3984 808 4038 tut.
828 3973 866 4037 L.
885 3974 914 4035 1.
924 3996 977 4056 pr.
995 3973 1023 4056 ἕ.
1041 3972 1123 4034 1.12.
1141 3969 1171 4033 3.
1188 3955 1296 4031 121⁸]9.

52 4091 96 4150 pr·
107 4076 133 4155 ἕ.
147 4076 177 4139 1.
191 4079 233 4139 1).
247 4080 286 4140 de
303 4079 373 4142 rat.
389 4089 422 4142 et
434 4101 501 4144 oar.
516 4083 580 4144 dot.
602 4082 706 4144 Erant
724 4089 833 4146 autem
849 4083 1040 4160 Defensores
1055 4081 1223 4150 civitatum,
1240 4073 1297 4157 qui

115 4282 137 4345 l)
156 4284 199 4335 De
213 4284 303 4338 officio
315 4287 454 4341 Praetoris
466 4288 590 4341 tutelonis
602 4289 767 4356 singularem
778 4291 877 4343 librum
894 4289 1040 4355 scripserat
1054 4283 1198 4350 Ulpianus,
1215 4295 1297 4349 quem
1397 4326 1400 4332 ,

56 4359 112 4414 citat
123 4364 298 4421 Modestinus
309 4372 341 4424 L.
353 4376 379 4424 6.
390 4374 411 4441 ς.
427 4378 468 4428 13.
481 4375 517 4428 D.
533 4376 564 4426 eto
576 4374 701 4427 Excusat.
708 4376 826 4426 Exstant
839 4391 876 4426 ex
887 4389 921 4427 eo
933 4375 986 4428 tria
998 4374 1148 4439 fragmenta
1159 4369 1191 4419 L.
1201 4371 1226 4418 3.
1237 4371 1262 4419 ὁ.
1271 4369 1297 4418 9.

56 4443 148 4596 ξέἳᾶ
158 4453 264 4592 mles
276 4469 333 4510 aon
348 4457 461 4526 Paulus,
474 4475 509 4512 ex
525 4475 581 4530 quo
595 4461 687 4514 nullae
700 4461 774 4526 leges
788 4460 937 4514 desumtae.
956 4457 1035 4512 Hein.
1060 4457 1100 4510 ct.
1113 4453 1176 4506 Vat
1189 4453 1296 4518 Fragm.

68 4565 74 4580 .
133 4572 140 4586 ,
190 4556 245 4593 υ,
