3040 5164
315 399 449 484 Quibus
474 401 657 468 Armanas
683 401 793 470 chrrr
819 401 895 470 vm.
920 402 1008 472 Non.
1071 442 1076 446 ·
1214 410 1285 476 405

41 581 69 638 a
91 577 226 637 mmm.
248 577 293 637 aa
308 576 386 658 mg.
413 576 523 638 mmm
543 599 574 659 p.
594 577 665 640 rsa.
688 599 731 660 m.
765 577 1049 655 Quemadmodum
1076 579 1202 644 serame
1226 581 1286 644 sris
1389 593 1395 600 v
1509 553 1510 564 '

42 683 123 766 apud
139 682 316 767 plerasque
332 690 449 766 gentes
465 683 497 745 in
515 684 613 747 domo
629 692 768 768 paterna
783 687 975 768 manebant,
993 686 1117 749 domini
1134 709 1171 750 ac
1188 687 1287 750 here-

42 789 92 851 des
107 790 273 873 omnium,
296 812 382 874 quae
398 799 553 874 parentes
566 791 793 877 reliquissent,
809 791 969 856 bon'orum
993 793 1108 858 futuris
1127 775 1174 857 ita
1197 795 1287 859 filiae

43 905 150 960 contra
169 917 232 982 per
246 899 376 981 nuptias
390 899 423 960 in
441 906 636 982 perpetuum
655 898 937 963 dimittebanture
955 900 1054 963 domo
1073 908 1221 986 paterna,
1238 910 1289 965 at-

43 1025 98 1087 que
113 1005 194 1067 hinc
209 1004 368 1089 innuptae
385 1005 554 1070 debebant
573 1027 615 1068 ex
634 1007 729 1069 bonis
748 1007 895 1089 paternis
913 1006 975 1089 ali,
995 1017 1119 1091 nuptae
1136 1031 1217 1072 vero
1236 1012 1289 1072 in-

44 1111 112 1174 strui
134 1111 239 1193 dote,
265 1133 308 1175 ne
329 1111 430 1196 plane
458 1123 606 1177 exsortes
632 1123 741 1178 essent
767 1122 927 1198 paternae
952 1113 1157 1180 hereditatis.
1184 1116 1287 1201 Apud

44 1218 212 1303 plerasque
231 1228 341 1283 tamen
363 1228 480 1303 gentes
500 1221 611 1284 dotem
634 1221 767 1308 maritus
786 1220 894 1302 uxori,
916 1243 982 1284 non
998 1244 1083 1285 uxor
1101 1224 1218 1287 marito
1235 1223 1289 1286 ol*-

45 1326 175 1390 ferebat.
197 1327 266 1389 lsta
283 1348 360 1390 sane
377 1328 581 1391 consuetudo
602 1329 708 1412 viguit
730 1328 818 1391 inter
838 1327 1038 1412 Germanos,
1061 1337 1146 1393 teste
1163 1329 1283 1394 Tacito

45 1435 76 1494 de
88 1455 163 1496 mor.
183 1435 288 1520 Germ.
303 1455 328 1496 c.
344 1434 394 1498 18.
415 1435 579 1518 Assyrios,
598 1443 683 1498 teste
699 1435 845 1499 Aeliano
862 1435 946 1524 Hr‘st.
968 1438 1042 1498 Vur.
1058 1439 1115 1498 IV.
1131 1437 1160 1502 1.
1176 1439 1285 1522 Baby-

45 1540 159 1622 lonios,
178 1547 266 1603 teste
281 1541 461 1605 Herodoto
479 1543 502 1603 I.
519 1543 588 1604 196.
606 1551 640 1606 et
655 1542 849 1623 Armenios,
866 1551 900 1605 ut
923 1551 1016 1627 patet
1039 1565 1082 1607 cx
1100 1545 1180 1606 Noc.
1196 1545 1287 1607 XXI.

12 1716 17 1728 ⁴
49 1645 407 1730 [HebraeosaSelden.
430 1670 520 1712 uxor.
541 1650 637 1712 Hebr.
657 1649 694 1711 L.
714 1652 756 1713 11.
777 1674 802 1711 c.
821 1649 851 1712 2.
868 1671 901 1731 p.
918 1648 990 1736 96.]
1013 1651 1079 1714 Sed
1105 1651 1287 1716 diutissime

49 1755 213 1836 permansit
233 1755 322 1838 mp'ud
336 1755 519 1820 Germanos
535 1757 749 1842 ejusdemque
765 1757 902 1840 originis
918 1765 1046 1841 gentes,
1067 1767 1103 1822 ut
1119 1779 1162 1821 ex
1178 1761 1287 1824 multis

50 1861 134 1924 medii
150 1861 228 1925 aevi
244 1863 440 1927 testimoniis
458 1873 493 1928 et
507 1864 742 1949 diplomatibus
759 1865 826 1929 alio
840 1864 918 1928 loco
933 1865 1153 1949 probavimus.

505 2066 507 2075 ,
621 2033 702 2114 §.a

498 2148 531 2200 Ut
549 2157 575 2199 et
592 2149 666 2218 apud
683 2149 827 2202 Romanos.

121 2249 309 2312 Communis
331 2249 386 2311 hic
412 2270 481 2312 mos
505 2258 576 2313 erat
599 2249 749 2314 omnibus
771 2251 843 2312 fere
866 2249 1036 2332 gentibus,
1055 2260 1285 2335 praeterquam

47 2355 213 2438 Romanis,
232 2357 289 2441 qui
312 2354 423 2419 dotem
447 2357 570 2422 dabant
591 2355 719 2419 filiabus
734 2358 778 2436 l1),
795 2357 923 2424 etiamsi
945 2357 1076 2420 easdem
1100 2357 1142 2420 ad
1165 2380 1287 2442 aequas

47 2462 232 2526 hereditatis
248 2473 359 2548 partes
381 2464 603 2537 admitterent.
627 2463 710 2526 Tam
729 2463 932 2529 necessariae
955 2464 1041 2526 enim
1060 2463 1219 2530 Romanis
1237 2465 1287 2529 vi-

50 2570 202 2635 debantur
220 2572 333 2652 dotes,
350 2580 386 2635 ut
401 2571 457 2634 vel
472 2572 521 2634 his
538 2571 616 2646 solis
633 2593 667 2634 ae
688 2595 707 2636 a
724 2571 914 2636 concubinis
934 2571 1147 2656 sejungerent
1165 2580 1286 2637 matro-

50 2700 110 2740 nae.
140 2679 230 2742 Hinc
256 2679 344 2763 apud
369 2679 524 2742 Plautum
552 2680 729 2744 liamummo
752 2683 822 2744 Aet.
845 2681 903 2740 ΙΙΙ.
927 2699 1021 2742 scena
1045 2679 1076 2743 2.
1099 2701 1127 2742 o.
1151 2679 1201 2744 63.
1222 2703 1286 2764 sqq.

57 2785 247 2852 adolescens:
619 2784 634 2806 ⁹

122 2913 184 2973 Sed
204 2920 244 2973 ut
261 2916 348 2992 inops
370 2911 495 2988 Wamls
517 2931 557 2972 ae
578 2915 653 2984 ar'm,·
674 2931 714 2972 ne
734 2913 780 2972 mi
797 2912 879 2973 dumo
890 2910 1016 2986 famam
1038 2911 1196 2992 differant,

121 3019 171 3080 Me
191 3039 377 3098 germanam
399 3037 499 3078 meam
520 3037 655 3091 sororem
677 3021 709 3078 im
730 3017 965 3078 concubinarum
986 3017 1043 3078 ts'dr'

125 3125 172 3186 Sic
194 3129 263 3185 sime
284 3125 354 3186 dote
375 3125 538 3198 dedidisse,
559 3128 661 3206 magis
681 3144 774 3204 quam
796 3129 828 3185 ἐκ
850 3126 1088 3184 matrimonium.

53 3245 95 3307 cf.
113 3228 210 3310 Idem*
223 3250 296 3308 Act.
318 3248 378 3308 ΙΙΙ.
394 3267 489 3309 soemo
506 3247 536 3309 3.
556 3269 583 3308 v.
600 3247 631 3309 3.
650 3267 713 3328 sqq.
730 3254 772 3310 ¹ct
790 3246 827 3307 L.
846 3244 874 3306 1.
892 3246 934 3308 D.
955 3245 1053 3307 Solet.
1072 3249 1205 3307 matrina.
1230 3247 1286 3309 ubi

52 3351 241 3438 Pomponius
261 3355 384 3435 publice
409 3358 573 3427 interesse,
593 3355 656 3435 ait,
677 3356 763 3417 dotes
780 3353 959 3416 mulieribus
977 3357 1169 3426 conservari,
1191 3359 1292 3436 'quum

53 3461 161 3523 dotatas
181 3481 250 3523 esse
262 3461 422 3538 feminas,
441 3463 485 3521 ad
508 3449 638 3522 sobolem
659 3462 907 3542 procreandam,
924 3460 1165 3541 replendamque
1182 3462 1287 3524 liberis

54 3571 190 3630 ciuitatem
210 3587 301 3648 quom
320 3571 453 3630 maxime
468 3573 509 3629 sit
528 3571 754 3630 necessarium:
775 3587 919 3630 necnon
939 3566 1063 3630 Paulus
1083 3567 1121 3630 L.
1141 3567 1171 3630 2.
1190 3569 1232 3628 D.
1249 3570 1288 3630 de

53 3672 110 3737 Jer.
129 3677 190 3737 dot.
209 3673 266 3758 qui
288 3675 473 3754 respublicae
493 3681 659 3747 interesse,
679 3675 742 3755 ait,
764 3677 909 3736 mulieres
932 3675 1018 3736 dotes
1036 3668 1143 3736 salvas
1163 3676 1285 3747 dobere,

50 3792 165 3860 propter
183 3801 261 3862 quas
279 3781 395 3842 nubere
408 3785 537 3862 possint.
558 3782 682 3846 Postea
698 3791 826 3861 tamen,
843 3780 913 3843 lata
930 3779 1008 3864 lege
1025 3780 1195 3861 Voconia,
1214 3779 1286 3843 Ro-

54 3907 155 3951 manae
182 3907 315 3972 quoque
339 3875 496 3950 mulieres·
513 3897 689 3952 contentae
713 3909 783 3951 esse
796 3890 907 3974 jussae
933 3897 1007 3952 sunt
1029 3887 1107 3952 dote
1135 3911 1208 3968 sua,
1224 3909 1286 3950 nec

56 3990 242 4059 hereditates
264 3995 443 4057 adfectare.
471 3997 541 4058 Eae
569 3996 663 4059 dotes
684 3997 778 4060 fuere
802 3994 1088 4060 luculentissimae.
1117 3997 1154 4058 L.
1179 3995 1286 4059 Paulo

54 4120 127 4163 uxor
145 4102 289 4166 secunda
313 4103 469 4167 attulerat
490 4104 603 4168 dotem
627 4121 707 4169 XXV.
730 4103 946 4168 talentorum:
974 4090 1124 4184 Eecerpt.
1149 4105 1286 4166 Per'resc.
1309 4137 1315 4144 ’
1339 4145 1340 4150 1

114 4308 142 4374 b)
162 4307 287 4362 Dosilla
309 4303 495 4360 Romanarum
519 4310 662 4362 mulierum
686 4309 769 4362 veluti
790 4309 1015 4374 complementum
1039 4305 1118 4372 pretii
1142 4313 1212 4371 erat,
1232 4325 1287 4378 quo

53 4389 167 4444 mulieres
186 4393 238 4445 sibi
255 4393 330 4446 viros
348 4394 519 4457 coemebant,
538 4391 565 4445 e't
582 4394 645 4446 hinc
662 4396 781 4446 Tacitus
791 4400 930 4462 tamquam
948 4409 1004 4444 rem
1023 4409 1039 4444 a
1056 4392 1187 4444 Romanis
1205 4394 1287 4446 mori·

54 4471 97 4526 buo
113 4467 322 4542 diuersissimam
341 4483 429 4541 notat,
449 4480 522 4546 quod
544 4480 617 4545 apud
635 4481 785 4532 Germanos
803 4480 854 4532 soli
872 4477 922 4530 viri
941 4477 993 4529 sibi
1011 4475 1158 4528 coemerint
1177 4492 1288 4543 uxores,

54 4571 101 4610 non
117 4579 217 4616 uxores
236 4563 326 4617 viros:
345 4563 399 4616 rid.
419 4563 504 4616 Tacit.
519 4565 550 4616 de
568 4563 660 4640 morib.
681 4565 771 4617 Germ.
790 4583 811 4617 e.
833 4568 872 4617 19.
890 4563 969 4615 Heio.
