3040 5164
166 363 277 478 'ars
566 433 568 436 -
634 404 699 472 na
724 403 766 470 n.
793 403 872 470 ra.
899 403 957 472 ιν.
980 385 1025 470 ‘u

206 583 340 647 tatibus,
362 581 470 659 Quum
493 582 578 645 enirn
596 582 774 644 morientes
798 579 896 643 alicui
920 580 1007 642 bene
1023 586 1198 663 cuperent,
1216 599 1324 663 neque
1343 585 1437 640 tamen

207 693 276 776 ejus
291 688 468 754 heredibus
485 689 666 752 consultum
683 687 827 752 vellent:
843 689 1075 774 excogitarunt
1089 687 1144 771 jus
1159 686 1242 749 illud
1260 686 1368 750 utendi
1383 687 1439 750 fru-

207 799 302 880 endi,
319 822 338 862 a
358 798 504 861 dominio
529 807 563 860 et
587 798 792 881 proprietate
817 798 996 882 sejunctum
1004 805 1072 879 ,tut
1095 796 1257 858 moriente
1280 795 1438 878 legatario,

206 908 254 970 rei
268 907 401 989 legatae
415 906 612 969 ususfructus
629 927 700 968 cum
717 902 922 988 proprietate
935 891 1205 969 consolidaretur.
1221 904 1343 966 Postea
1356 902 1438 965 etiarn

207 1016 279 1080 aliis
295 1014 412 1095 modis,
434 1013 539 1078 veluti
554 1013 780 1098 stipulatione,
799 1035 895 1098 quarn
915 1023 1025 1078 tamen
1042 1011 1390 1096 sequebatur·traditio
1403 1011 1439 1090 l),
1500 1009 1501 1042 ³

206 1145 269 1186 nec
280 1145 346 1186 non
353 1121 489 1205 judiciis
501 1121 675 1202 divisoriis,
683 1122 750 1182 imo
763 1121 860 1183 etiam
872 1121 962 1204 lege,
974 1117 1236 1184 constituebatur
1248 1119 1439 1198 ususfructus,
1500 1129 1501 1134 ’

207 1239 242 1293 ut
257 1231 412 1294 adcurate
429 1230 528 1295 docet
545 1228 623 1292 Ger.
639 1229 755 1292 Noodt
769 1230 808 1290 de
822 1231 925 1308 rasam.
941 1231 984 1291 II.
997 1230 1028 1290 1.
1043 1248 1086 1309 sq.
1098 1249 1131 1310 p.
1146 1227 1219 1291 601.
1234 1249 1279 1308 sq.
1353 1263 1358 1272 ·

783 1383 810 1462 §-
832 1383 862 1444 7.

435 1498 604 1564 Usussructus
621 1499 795 1567 quantitatum
814 1509 839 1551 et
848 1498 954 1567 juriani
974 1497 1046 1550 suro
1063 1498 1237 1549 introductus.

290 1600 334 1661 Et
351 1598 447 1661 initio
469 1600 602 1683 quidem
619 1599 816 1662 ususfructus
839 1600 873 1663 in
895 1599 973 1662 solis
989 1596 1251 1662 constituebatur
1268 1598 1438 1681 corporibus
1501 1585 1502 1594 ¹

208 1727 274 1770 non
294 1707 528 1790 fungibilibus,
544 1714 660 1790 postea
677 1707 962 1791 SCtumlprodiit,
983 1708 1190 1792 quodetiam
1212 1705 1246 1769 in
1267 1704 1438 1789 quantitati-

207 1815 267 1877 bus
288 1824 322 1878 et
339 1815 486 1897 juribus,
511 1803 582 1896 vel,
601 1823 637 1878 ut
661 1814 835 1878 dilucidius
859 1815 1042 1900 loquamur,
1064 1815 1099 1878 in
1121 1817 1219 1878 rebus
1241 1812 1438 1898 fungibilibus

208 1923 301 2007 quasi
315 1923 546 1986 usumfructum
573 1923 772 2000 constituere
795 1924 1024 2008 permittebat,
1042 1924 1218 1986 dummodo
1242 1919 1434 1986 caveretfru-

209 2030 367 2111 ctuarius,
397 2051 431 2092 se
457 2031 551 2094 finito
574 2032 742 2095 usufructu
765 2032 967 2095 tantumdem
991 2031 1224 2094 restituturum.
1257 2029 1333 2108 Qua
1354 2029 1390 2092 de
1408 2047 1436 2089 re
1502 2016 1503 2044 ¹

208 2137 370 2221 Ulpianus
388 2139 517 2220 It'ragm.
531 2139 653 2202 XXIV.
668 2139 720 2201 26.
734 2149 769 2204 et
782 2141 834 2203 27.
862 2139 1072 2217 Usussructus
1080 2142 1158 2222 jure
1177 2141 1262 2201 cubili
1276 2139 1378 2220 legari
1386 2144 1438 2217 pat·

201 2251 258 2307 est
272 2266 382 2308 earum
404 2267 526 2320 rerum,
541 2268 674 2327 quorum
690 2250 780 2309 salva
798 2250 973 2310 substantia
995 2249 1106 2309 utenda·
1116 2247 1256 2325 fruenda*
1275 2255 1441 2327 potestesse

199 2354 363 2433 facultas:
374 2363 404 2416 et
415 2363 479 2416 tam
495 2357 694 2436 singularum
709 2375 824 2428 rerum,
840 2377 932 2438 quam
945 2359 1096 2438 plurium,
1109 2357 1141 2416 td
1150 2364 1206 2427 est,
1218 2343 1332 2436 partis.
1343 2351 1390 2414 27.
1401 2350 1441 2410 Se-

208 2464 442 2523 natuscoasulto
465 2471 591 2523 cautum
615 2457 678 2534 est,
699 2473 737 2524 ut
758 2446 867 2535 etrum,
889 2467 920 2524 si
934 2484 1044 2526 earum
1066 2482 1187 2534 rerum,
1208 2483 1288 2543 quae
1306 2466 1339 2522 ia
1363 2461 1442 2520 abusu

208 2573 415 2641 continentur,
431 2578 468 2628 ut
480 2575 561 2649 puta
578 2570 651 2641 viui,
665 2571 732 2643 olei,
752 2574 854 2642 tritici,
875 2572 1077 2647 ususfructus
1101 2573 1226 2652 legatus
1243 2574 1292 2642 sit,
1309 2569 1441 2650 legatau'a

208 2697 262 2738 res
278 2677 458 2748 tradantur,
481 2677 674 2738 cautrbur'bus
692 2681 881 2759 r‘aterposr'tfs
899 2679 939 2739 de
959 2678 1161 2741 restituendis
1179 2681 1236 2747 eis,
1254 2698 1353 2756 quum
1370 2694 1438 2736 usus·
1503 2701 1504 2756 t

176 2828 179 2833 -
200 2784 333 2863 fructus
357 2784 402 2844 od
429 2785 619 2865 legatarium
640 2789 802 2865 pertinere
823 2786 958 2848 desuerit.
989 2785 1147 2870 Ejusdem
1174 2783 1253 2848 scti
1276 2782 1398 2845 mentio
1416 2779 1443 2840 fit
1503 2759 1504 2820 l

209 2895 243 2954 L.
261 2892 291 2952 1.
313 2893 353 2952 1).
376 2892 415 2952 de
445 2891 550 2970 Ususr.
575 2912 644 2952 ear.
664 2913 781 2954 rerum.
801 2891 840 2952 J..
865 2893 916 2955 24.
937 2895 976 2955 de
1003 2895 1110 2971 Usufr.
1134 2895 1194 2974 leg.
1212 2893 1250 2954 L.
1272 2895 1330 2954 ult.
1355 2889 1442 2965 Usufr.

209 2999 382 3080 quemadm.
401 3008 509 3060 caveat
522 2999 559 3060 L.
574 2998 624 3060 69.
640 3001 684 3060 ad
696 3003 731 3060 L.
746 3001 867 3062 Fatortt.
882 3006 915 3062 L.
930 3001 960 3064 1.
979 3003 1011 3064 0.
1027 3003 1066 3064 de
1085 2999 1191 3078 Ususr.
1213 2999 1359 3077 Quando
1377 2992 1443 3060 illud

162 3131 163 3134 ¹
211 3107 333 3171 factum
351 3105 410 3187 sit,
432 3126 499 3168 non
518 3105 635 3191 liquet.
658 3106 745 3180 Sane
767 3127 835 3169 non
852 3106 1022 3172 adscendit
1040 3108 1081 3173 ad
1107 3119 1258 3192 tempora
1280 3105 1442 3182 Ciceronis,

211 3215 338 3299 quibus,
355 3222 391 3277 ut
410 3235 453 3278 ex
474 3215 572 3296 Papio.
591 3213 654 3280 cd.
666 3222 770 3299 patet,
791 3235 964 3299 corporum
983 3225 1124 3294 tantum,
1139 3237 1205 3280 non
1230 3218 1311 3279 item
1333 3210 1441 3299 quanti-

210 3331 313 3386 tatum
337 3330 371 3384 et
388 3323 526 3406 jurium,
549 3331 620 3386 erat
642 3323 841 3386 ususfructus
856 3328 899 3405 θ).
922 3324 1030 3401 Quum
1050 3346 1131 3388 vero
1152 3323 1235 3388 illud
1251 3323 1373 3388 SCtum
1385 3323 1438 3404 jan

96 3470 98 3478 ›
209 3430 420 3514 interpretati
435 3430 498 3494 sint
513 3430 690 3494 Massurius
706 3432 862 3513 Sabinus,
879 3432 1003 3516 Nerva,
1020 3433 1164 3512 Cassius,
1182 3441 1216 3496 et
1235 3431 1403 3508 Proculus,
1416 3433 1443 3488 ut

211 3537 326 3622 colligi
342 3545 452 3622 potest
468 3560 511 3600 ex
525 3544 560 3600 L.
575 3540 604 3600 5.
621 3540 649 3620 §.
665 3539 695 3601 1.
712 3549 746 3603 ct
761 3545 796 3602 L.
811 3539 840 3603 3.
857 3543 897 3602 D.
909 3543 948 3603 de
967 3542 1074 3621 Ususr.
1090 3563 1154 3604 ear.
1170 3562 1233 3603 rer.
1250 3562 1334 3624 quos
1350 3555 1444 3602 omnes

108 3655 113 3668 ⁸
211 3646 270 3710 sub
289 3647 428 3710 Tiberio
450 3646 598 3710 floruisse
619 3655 764 3710 constat:
788 3647 851 3710 boc
874 3670 1024 3733 quoqne,
1048 3649 1103 3712 vel
1120 3657 1211 3712 certe
1225 3647 1379 3731 Augusto
1400 3645 1445 3707 in·

210 3762 364 3838 perante,
387 3755 507 3820 SCtum
529 3756 651 3818 factum
672 3776 743 3818 esse
759 3764 903 3840 oportet.
926 3757 1002 3820 Vid.
1018 3757 1120 3820 Marc.
1137 3756 1251 3820 Aurcl.
1268 3755 1406 3819 Galvan.
1419 3752 1447 3811 de

212 3866 379 3943 usufructu
395 3885 420 3925 e.
435 3863 464 3925 3.
481 3862 559 3926 Ger.
575 3862 691 3926 Noodt
707 3865 745 3926 dc
760 3867 862 3944 ususr.
879 3865 921 3926 ΙΙ.
933 3863 984 3928 20.
993 3887 1027 3946 p.
1040 3865 1112 3929 589.
1128 3864 1313 3946 Schulting.
1329 3864 1447 3941 Jurr'spr·

210 3981 269 4034 oet.
286 3974 477 4056 Autejustr'n.
487 3993 521 4053 p.
539 3969 612 4034 608.

280 4168 314 4236 d)
334 4169 394 4221 Iuro
410 4169 438 4222 ia
453 4170 520 4239 jura
543 4170 624 4221 cessio
642 4167 671 4221 in
688 4168 789 4220 Italicis
812 4170 930 4234 praediis
937 4189 945 4233 ;
963 4169 991 4222 in
1016 4169 1228 4237 provinoiatibus
1253 4169 1371 4236 praediis
1395 4163 1448 4218 sotis

211 4251 383 4319 pactionibus
401 4258 428 4304 et
445 4253 666 4320 stipulationibus
681 4254 728 4320 jus
747 4253 918 4308 efficiebatur.
937 4258 1082 4309 Praeterea
1099 4255 1128 4307 in
1143 4255 1323 4320 mancipanda
1341 4249 1448 4320 proprie·

211 4343 266 4390 tate
284 4338 381 4390 deduci
399 4345 504 4404 poterat
522 4340 701 4391 ususfructus.
721 4338 849 4391 Similiter
868 4345 895 4391 et
908 4339 1081 4405 praediorum
1100 4339 1243 4393 servitutes
1261 4339 1447 4392 constitueban-

211 4429 264 4485 tur,
283 4422 447 4475 rnsticorum
465 4424 546 4478 ctiam
564 4421 770 4488 mancipatione.
796 4423 836 4477 Cf.
856 4425 918 4492 Gaj.
930 4426 965 4478 ΙΙ.
984 4427 1005 4493 §.
1023 4429 1058 4478 29
1070 4430 1150 4482 -33,
1169 4427 1231 4492 Ulp.
1252 4427 1358 4494 Frapm.
1376 4419 1446 4476 XIX·

211 4507 232 4573 l.
252 4513 292 4560 ll.
317 4507 371 4559 Vas.
391 4509 498 4576 Fraym.
517 4511 537 4566 b.
554 4513 681 4563 47-60.
702 4506 789 4561 Mit'bl.

279 4593 308 4657 c)
329 4591 369 4643 Cf.
387 4592 470 4657 Hugo
490 4595 526 4646 R.
547 4596 580 4647 G.
598 4611 625 4659 p.
642 4598 708 4648 507.
720 4601 775 4648 not.
795 4601 818 4647 l.
838 4594 924 4646 Mitti.
956 4607 959 4616 ·
