3030 5160
286 405 348 474 'Dr
373 405 556 474 Lnarrms
578 405 826 476 haessonum
851 405 1013 476 Srroeass.
1211 414 1282 482 tw

48 587 155 664 iatum,
174 581 365 646 habitumve
384 583 531 665 corporis
556 590 613 646 aut
630 581 731 646 animi
752 581 936 668 indicabat,
955 585 1130 666 adgnomen
1148 585 1285 650 diceba-

48 700 98 754 tur.
125 691 178 760 Sic
196 689 386 756 innomine
402 705 435 752 s.
456 705 627 754 vrummus
648 705 836 754 rmoosrus
857 707 1162 773 osmruonrnuus,
1180 697 1285 756 Aulus

48 783 331 880 erat'prsemmsn,
348 798 424 861 buia
443 795 518 859 viro'
539 795 724 880 proprium
749 799 909 880 Virginius
932 817 1044 861 nomon
1066 800 1285 884 gentilitium3

51 909 192 970 Tricostus
213 925 392 988 cognomen,
412 901 572 973 familiam
589 903 682 968 illam
698 906 806 988 gentis
823 905 1015 990 virginiae,
1032 927 1076 970 ex
1101 929 1166 990 qua
1178 908 1285 974 Aulus

48 1013 213 1098 prodierat,
236 1013 427 1097 designatam
444 1012 591 1097 denique
615 1013 869 1076 Caelimontanus
890 1015 1084 1096 adgnomen,
1104 1017 1195 1100 quod
1214 1037 1286 1082 ser-

49 1132 101 1186 tam
120 1121 207 1186 iliius
230 1120 378 1192 familiae
400 1122 536 1204 stirpem
558 1119 749 1186 denotabat.
778 1119 948 1184 vincar.
970 1121 1125 1206 Sigonius
1146 1126 1185 1186 de
1205 1145 1286 1188 nom.

49 1229 276 1315 uom.p.,1403.
293 1238 328 1292 et
344 1228 437 1296 1427.
456 1247 502 1314 vex
517 1231 588 1292 edit.
604 1229 743 1312 Dionys.
760 1226 972 1292 Gotboiredi.
993 1230 1069 1293 Jam
1087 1230 1186 1296 facile
1205 1254 1285 1318 ergo

50 1345 136 1422 patet,
154 1337 286 1421 quinam
303 1319 427 1400 fuerint
438 1351 604 1416 sessim,
622 1335 753 1420 quinam
774 1353 939 1402 suarinas
960 1337 1058 1401 dicti?
1077 1338 1285 1424 Quicumque

50 1465 84 1506 en
97 1444 207 1508 eadem
225 1443 330 1528 stirpe
348 1443 541 1529 familiaque
557 1441 765 1526 prodierant,
784 1446 989 1510 vocabantur
1010 1445 1156 1529 adgnati.
1178 1448 1233 1511 Sic
1248 1449 1286 1512 Ρ.

52 1553 189 1616 Cornelio
205 1551 357 1636 Scipioni
375 1573 488 1616 omnes
505 1551 679 1638 Scipiones
698 1557 793 1614 erant
812 1551 957 1635 adgnati.
981 1552 1189 1639 Quicumque
1206 1576 1286 1618 vero

53 1681 85 1722 ex
100 1661 210 1724 eadem
228 1659 387 1738 Cornelia
402 1669 503 1744 gente
520 1651 772 1742 descenderant,
795 1659 900 1723 veluti
915 1660 1067 1744 Lentuli,
1086 1662 1191 1744 Cossi,
1208 1663 1288 1726 Cin-

52 1789 117 1850 nae,
138 1767 269 1849 Sullae,
289 1767 511 1850 Dolabellae,
535 1769 567 1831 ei
591 1777 684 1832 erant
707 1767 859 1852 gentiles.
881 1768 971 1832 Hine
991 1769 1109 1834 Cicero
1131 1771 1166 1833 in
1189 1772 1287 1853 ibpin

55 1897 73 1936 o.
86 1875 111 1938 6.
133 1879 317 1946 (ismarius
329 1886 414 1950 sunt,
430 1881 486 1960 qui
496 1881 579 1940 o'ooter
596 1898 630 1940 se
647 1877 752 1938 eodem
767 1879 890 1940 nomine
904 1885 998 1948 santa
1015 1883 1072 1959 qui
1085 1881 1124 1940 ab
1141 1882 1288 1961 ingenuas

54 1987 159 2046 oriundi
174 1994 270 2056 sunt,·
298 2004 429 2066 quorum
451 1987 606 2066 majorum
628 2003 718 2048 nemo
735 1987 915 2046 servitutem
941 1990 1085 2059 mund,-
1111 1991 1167 2068 qui
1189 1989 1289 2068 eapite

55 2112 102 2152 non
121 2101 188 2154 sunt
213 2094 376 2154 deminuti.
398 2093 443 2156 Et
464 2091 581 2154 Festus
605 2090 664 2153 sub
689 2111 772 2154 voce
799 2093 930 2154 Gentsls's
949 2114 980 2172 p.
999 2092 1071 2156 161.
1109 2096 1288 2155 Gnnrrnrs

55 2198 147 2260 dicitnr
159 2209 191 2260 et
206 2221 248 2262 eo·
270 2200 374 2260 eodem
387 2219 504 2280 genere
522 2208 621 2272 ortus,
641 2207 670 2259 et
686 2200 721 2269 is,
737 2201 793 2280 qui
801 2199 896 2258 simili
908 2203 1030 2260 nomine
1047 2200 1238 2281 adpellotur,
1253 2210 1291 2262 ut

56 2306 94 2363 oit
106 2305 234 2369 &boiam
254 2309 388 2388 gentiles
411 2309 487 2368 mibi
506 2315 595 2375 sunt,
610 2306 667 2387 qui
678 2326 745 2366 meo
766 2307 887 2366 nomine
907 2305 1115 2386 adgrediuntur.
1137 2306 1289 2392 Adparet
1393 2323 1399 2330 “

56 2430 132 2496 ergo,
147 2412 292 2496 gentiles
307 2435 378 2476 esse
398 2402 530 2496 omnes,
548 2413 604 2497 qui
627 2412 748 2475 eodem
771 2411 905 2474 nomine
923 2419 1067 2475 utuntur.
1090 2410 1191 2488 Quod
1207 2435 1288 2477 vero

56 2515 152 2582 Cicero
167 2521 272 2604 addit,
287 2525 343 2602 qni
354 2523 392 2583 ab
407 2525 552 2603 ingenuis
567 2523 696 2584 oriundi
708 2528 792 2594 sunt,
808 2541 938 2603 quoram
953 2521 1105 2602 majorum
1120 2543 1208 2584 nerno
1223 2543 1289 2584 ser-

56 2629 159 2695 uitutem
171 2632 309 2701 servivit,
325 2625 404 2692 inde
420 2630 541 2692 facturn
558 2638 622 2711 est,
640 2628 731 2713 quod
747 2639 782 2691 et
797 2625 910 2691 liberti
926 2637 1139 2712 patronorum
1155 2629 1289 2693 nomina

57 2753 141 2818 aeque
157 2757 193 2798 ac
209 2737 411 2820 cognomina
435 2733 668 2818 adsumebant,
685 2735 742 2823 qui
757 2746 868 2800 tamen
891 2736 968 2799 ideo
986 2756 1052 2800 non
1069 2745 1163 2800 erant
1179 2739 1289 2822 genti-

56 2837 100 2905 les.
118 2843 168 2907 Sic
182 2851 221 2909 P.
246 2845 411 2906 Terentius
425 2845 507 2922 Aser
526 2866 593 2906 non
611 2844 674 2906 fuit
689 2842 923 2906 Terentiorum
946 2845 1095 2928 gentilia,
1117 2845 1195 2930 quia
1216 2846 1287 2930 ipse

56 2967 107 3012 non
121 2961 185 3016 erat
204 2954 386 3039 ingenuus,
403 2950 678 3036 quemadmodum
701 2959 735 3014 et
754 2951 825 3014 ii'ro
844 2972 912 3015 non
933 2951 1011 3014 ideo
1034 2961 1105 3016 erat
1120 2953 1166 3016 Μ.
1182 2952 1289 3018 ΤυΙΙίἰ

58 3055 225 3142 adgnitus,
241 3059 322 3145 quia
345 3067 380 3123 et
410 3058 482 3142 ipse
509 3058 544 3122 id
566 3079 751 3144 cognomen
777 3058 987 3122 adsumserit.
1016 3060 1172 3145 Denique
1199 3062 1287 3126 idem

58 3159 154 3227 Cicero
177 3168 291 3250 addit,
318 3167 461 3252 gentiles
487 3187 553 3230 non
579 3167 704 3230 debere
728 3187 799 3262 esse
827 3171 928 3248 sopito
948 3167 1131 3231 deminutus.
1162 3169 1288 3254 Capitis

57 3270 126 3337 enim
140 3273 333 3357 deminutio,
349 3273 447 3338 etiam
465 3276 615 3359 minima,
631 3281 667 3338 ut
688 3274 940 3360 supradictum,
957 3275 1103 3340 familiae
1115 3275 1194 3362 jura
1211 3285 1304 3361 per-'

56 3374 158 3446 iurabat
170 3389 212 3465 ⁰).

56 3543 325 3568 M

110 3652 136 3718 e)
155 3653 223 3708 Cum
242 3654 382 3723 plerisque
405 3670 471 3708 suae
496 3653 592 3708 aetatis
618 3653 803 3719 scriptoribus
821 3655 983 3721 gravissimo
1010 3657 1039 3710 iu
1057 3671 1148 3711 errore
1165 3664 1288 3712 versatm

57 3727 206 3806 Hemodos,
224 3741 291 3794 dum
303 3746 396 3807 ‘putat
412 3737 519 3807 generis
531 3744 560 3790 et
576 3738 716 3805 sanguinis
734 3739 838 3807 origine
854 3741 924 3794 iuter
946 3755 977 3794 se
1003 3755 1109 3808 semper
1127 3743 1212 3797 irrisae
1223 3763 1288 3798 eon-

55 3813 157 3886 januas,
181 3826 230 3893 qui
254 3826 377 3892 ejusdem
404 3830 496 3878 essent
521 3824 618 3890 gentis.
648 3824 768 3879 Meliora
792 3825 902 3894 quidem
921 3826 980 3892 jam
1003 3828 1134 3882 odoratus
1158 3833 1201 3878 est
1221 3830 1287 3896 Em.

58 3897 124 3956 Mart.
141 3908 303 3964 Cbiadenius
322 3913 349 3964 in
362 3911 429 3964 libro
447 3910 540 3978 singul.
560 3911 590 3960 de
601 3910 746 3978 gentilitate
758 3918 838 3962 oster.
858 3911 1041 3962 Romanorum
1058 3911 1149 3980 (Lips.
1161 3915 1236 3964 1⁷42.
1245 3914 1286 3980 4.)

59 3982 143 4051 Capl,
160 3994 222 4060 §oin
245 4012 271 4061 p.
287 3999 327 4057 6.;
353 4000 382 4046 at
404 3994 464 4060 ipse
482 4011 498 4046 a
515 3994 560 4048 via
583 4011 678 4048 sursus
701 3992 826 4059 deflectit,
850 3998 964 4060 gentiles
988 3997 1120 4050 definiens
1144 4013 1199 4050 esso
1222 3999 1289 4050 ciues

59 4067 173 4130 Romanos
190 4082 305 4150 op'usdm
320 4081 414 4148 penno,
433 4080 466 4132 de
483 4097 595 4150 qnorum
613 4089 700 4132 umen
713 4079 885 4148 proamitae
909 4083 1139 4149 omongmnitotis
1156 4099 1209 4134 non
1227 4099 1288 4134 oon·

58 4160 131 4212 iuret.
147 4166 198 4220 Alii
209 4167 291 4230 fuere,
305 4164 352 4233 qui
370 4165 505 4218 dicerent:
523 4165 558 4218 ad
584 4164 719 4218 deoimum
736 4179 824 4234 usque
843 4172 1003 4232 agnatorum
1023 4169 1138 4233 madum
1158 4165 1288 4220 landiiam

59 4251 295 4316 esseoomputaum,
307 4251 337 4304 iu
348 4249 523 4304 ulterioribus
535 4263 600 4304 vero
611 4250 741 4318 gradibus
755 4249 917 4304 constitutos
931 4253 1071 4318 gentilium
1085 4269 1198 4306 numero
1212 4253 1289 4306 babi-

59 4322 100 4385 tos,
115 4332 182 4384 velut
204 4335 378 4388 Hotomanus
403 4335 438 4386 ad
455 4335 476 4402 ἓ.
497 4341 523 4389 to.
547 4336 575 4388 J.
599 4335 630 4386 ds
654 4353 723 4388 saco.
740 4344 919 4403 capannam,
937 4338 984 4390 ubi
1007 4337 1195 4392 Justinienus:
1213 4341 1289 4404 „boo

61 4403 134 4474 ¹⁰⁰⁰‚“
150 4415 246 4486 iuquit,
271 4420 457 4487 „admonendi
486 4436 590 4484 sumus,
613 4419 766 4486 agnationis
785 4419 895 4487 quidem
912 4422 974 4488 jure
993 4421 1099 4474 admitti
1117 4425 1235 4490 slispuem
1254 4425 1288 4477 ad

61 4487 222 4568 hereditatem,
240 4509 288 4560 etri
303 4508 401 4560 deamo
417 4508 505 4573 grado
517 4508 577 4560 sit.“
602 4507 665 4558 Jam
683 4521 746 4558 vero
759 4505 828 4558 inter
847 4521 941 4558 omnes
953 4513 1067 4571 constat,
1085 4513 1192 4572 gentem
1205 4508 1288 4562 inisse

62 4576 161 4638 ilurium
178 4590 337 4644 familiarum
363 4589 481 4644 nominis
505 4597 532 4642 et
555 4605 695 4642 sacrorum
720 4589 910 4642 communione
936 4591 1004 4644 inter
1030 4607 1059 4644 se
1083 4593 1289 4658 conjunctarum
