3056 5168
523 423 579 495 aa
603 421 827 496 Aerrorraus.
1232 435 1305 504 659

39 615 148 680 quam
168 601 280 660 tamen
300 595 372 680 ipsa
386 596 457 664 litis
479 599 709 666 aestimatione
732 601 891 686 majorem
911 599 1000 672 haud
1023 619 1095 668 esse
1110 607 1305 689 oportebat:
1335 635 1344 643 ·

37 703 171 768 Paulus
191 703 279 786 apud
294 709 466 770 Auctorem
488 709 588 772 collat.
611 710 694 791 legg.
710 709 838 774 Mosctc.
852 717 883 774 et
898 710 1030 776 Roman.
1046 712 1193 794 1r6.,¹=).
1216 713 1306 780 Cou-

37 819 147 894 cepto
169 811 256 874 hunc
279 811 313 874 in
329 813 461 877 modum
484 815 686 890 vadimoni0,
709 818 921 901 acceptisque
946 819 1174 903 sponsoribus,
1191 841 1210 887 c
1227 823 1304 906 jure

37 919 294 1000 discedebatur,
311 919 453 1006 retiaque
470 921 524 984 vel
542 921 583 986 de
600 925 823 990 transactione
840 926 1021 1018 cogitabat,
1036 926 1092 990 vel
1107 926 1149 989 ad
1166 937 1306 991 conten-

37 1027 192 1090 dendum
216 1028 405 1110 separabat
425 1029 458 1094 in
479 1029 706 1114 perendinum.
729 1032 838 1117 Saepe
859 1042 969 1098 tamen
986 1035 1163 1100 Praetores
1187 1057 1229 1098 ex
1244 1059 1305 1100 vo-

36 1135 176 1197 luntate
204 1135 404 1218 litigantium
430 1137 652 1204 vadimonium
676 1139 710 1202 in
737 1139 820 1204 alios
842 1140 914 1204 dies
941 1141 1143 1226 perendinos
1170 1144 1304 1207 differe·

36 1241 313 1326 bant:·Epitou1.
327 1243 400 1307 Liv.
415 1245 601 1310 LXXXVI.
631 1249 720 1309 Sella
741 1271 781 1310 er
800 1251 925 1332 fiducia
943 1258 1007 1310 tam
1026 1259 1132 1312 certae
1157 1256 1304 1318 victoriae

38 1353 237 1432 litigatores,
257 1372 278 1411 a
295 1353 405 1434 quibas
424 1355 580 1428 adibatur,
599 1356 807 1420 uadimonium
827 1357 960 1420 anam
977 1359 1106 1442 dellens
1113 1361 1221 1442 jussit.
1240 1361 1303 1427 Ju-

38 1456 175 1544 venalis
192 1458 259 1522 Sat.
275 1460 335 1520 III.
351 1457 531 1546 [*v.213.]

293 1601 336 1614 -
376 1603 419 1614 -
461 1605 503 1616 -
545 1571 650 1656 differt
671 1571 847 1635 vadimonia
869 1571 1015 1636 Praetor.

621 1733 651 1814 s.
671 1733 723 1796 21.

148 1845 242 1898 citatio
259 1846 395 1915 utrimque
407 1850 496 1916 partis
508 1865 563 1918 per
581 1849 756 1904 Praeconem.
779 1849 858 1916 Quid,
876 1851 901 1903 si
915 1869 943 1904 re
962 1851 1037 1904 haud
1052 1849 1195 1906 sisterent?

130 1945 299 2010 Veniente
321 1948 393 2024 die,
407 1950 463 2033 qui
479 1953 736 2032 conperendinata
759 1949 942 2036 dicebatur,
959 1961 1015 2017 aut
1031 1953 1146 2017 aderat
1161 1975 1251 2038 reus,
1268 1962 1303 2019 et

43 2063 127 2116 tunc
141 2056 348 2118 vadimonium
363 2060 473 2119 sistere
484 2056 539 2120 vel
555 2060 656 2131 obstes
672 2067 729 2122 aui
740 2058 866 2141 aberat,
878 2067 914 2122 et
928 2070 1006 2126 tuac
1021 2062 1196 2124 &ceruice
1212 2063 1304 2126 dice-

49 2161 150 2223 batur
168 2156 391 2224 ccdr‘rncm'cm,
404 2163 480 2226 Hoc
501 2185 582 2250 ergo
604 2164 659 2226 die
682 2148 941 2249 comperendino
964 2168 1080 2256 aderat
1100 2175 1134 2230 et
1148 2170 1301 2252 Praetor,

45 2278 83 2332 et
105 2269 250 2333 actiones
265 2271 427 2356 postridie
445 2269 550 2336 editas
566 2270 815 2358 postulatasque
832 2295 875 2338 ex
891 2274 1012 2338 tabulis
1028 2273 1145 2338 ordine
1157 2277 1302 2360 recitari,

44 2377 211 2462 simulque
229 2385 358 2444 actores
373 2401 514 2464 reosque
531 2400 590 2463 per
605 2379 891 2464 adcensumcitari
907 2386 936 2462 ⁰)
954 2379 1110 2465 jubebat,
1125 2389 1161 2444 ut
1177 2403 1304 2466 cogno·

47 2485 181 2549 scandis
198 2486 316 2548 caussis
333 2507 478 2572 operam,
490 2486 652 2572 simulque
662 2487 794 2572 judices
810 2489 914 2554 daret.
938 2487 1086 2566 Quorum
1103 2488 1187 2554 illud
1203 2492 1305 2554 dicere

44 2595 243 2666 vadr‘mcnia,·
258 2592 321 2656 hcc
338 2595 484 2658 addicere
494 2599 617 2680 judicic
632 2581 812 2661 vocabant:
829 2597 1018 2661 Macrobius
1035 2595 1198 2660 Satur-nal.
1213 2599 1239 2660 I.
1254 2595 1304 2661 16.

47 2703 290 2784 Comperendini
315 2704 381 2768 dice
399 2707 557 2784 suerum,
583 2707 693 2788 quibus
719 2726 923 2769 rariacum
949 2725 1079 2768 urerer
1105 2715 1136 2770 et
1159 2726 1304 2771 scnrcra

44 2922 98 2972 pro
113 2905 169 2957 litis
181 2905 377 2970 aestimatione,
395 2905 424 2957 id
442 2911 492 2971 est,
506 2905 660 2974 judicatum
672 2905 751 2971 solvi,
772 2904 960 2973 interpositam
973 2905 1065 2960 tuisse.
1083 2909 1177 2973 Ipsum
1193 2907 1304 2976 quidem

44 2990 236 3042 vadimonium
254 2991 462 3043 contrahebatur
480 2991 516 3042 ob
533 3006 606 3042 rem:
624 2992 656 3042 L.
671 2995 711 3044 10.
730 2991 752 3057 ξ.
765 2995 789 3042 2.
809 2991 844 3043 D.
862 2990 893 3042 Si
906 2992 963 3059 quir
977 2990 1115 3044 cotemnit.
1134 2992 1183 3044 scd
1198 2999 1302 3045 tantum

43 3082 170 3139 eatenus,
188 3088 223 3126 ne
238 3090 304 3128 reus
321 3075 428 3141 copiam
446 3073 490 3127 sui
506 3077 595 3128 lacere
613 3075 781 3128 detrectaret
799 3074 879 3127 Hein.

119 3162 153 3227 n)
173 3163 276 3214 Auctor
293 3163 365 3214 enim
384 3163 488 3215 Paulus
506 3167 549 3214 est
571 3160 619 3225 iis,
646 3160 695 3227 qui
718 3159 879 3227 injuriarum
903 3165 993 3224 agant,
1020 3175 1055 3211 ne
1072 3161 1239 3213 taxationem
1253 3177 1305 3227 po·

44 3245 274 3310 carminarem,
293 3261 375 3316 quam
394 3246 489 3314 quanti
506 3245 693 3301 vadimonium
711 3245 799 3298 tuerit.
817 3243 881 3296 lam
895 3243 980 3312 ‹juum
994 3243 1024 3297 in
1041 3247 1092 3296 hac
1107 3245 1214 3297 actione
1227 3245 1305 3298 radi·

44 3330 159 3384 monia:
178 3332 270 3398 qunti
288 3350 318 3384 ec
334 3349 377 3384 res
394 3341 433 3384 est
447 3331 555 3396 concipi
572 3334 697 3396 solerent,
721 3331 818 3384 merito
837 3331 901 3382 inde
927 3329 1018 3394 colligi
1035 3329 1144 3396 poterit,
1169 3330 1304 3388 cautionis

45 3431 186 3470 summanr
204 3415 258 3468 litis
277 3416 491 3472 aestimationem
510 3417 601 3484 egredi
626 3431 682 3469 nou
703 3416 838 3478 debuisse,
862 3432 912 3467 ncc
933 3413 1051 3479 cuipiam
1075 3413 1164 3466 iraudi
1183 3415 1305 3469 futurum

45 3502 144 3564 fuisse,
163 3501 187 3554 si
205 3501 270 3553 hacc
288 3504 381 3568 regula
404 3501 434 3556 iu
458 3503 580 3556 cavendo
601 3501 746 3555 observata
767 3515 823 3552 non
843 3505 923 3554 asset.
951 3497 1067 3566 Egregie
1084 3498 1113 3552 id
1131 3501 1305 3556 confirmatur

45 3586 150 3653 insigni
168 3587 288 3653 quodam
300 3587 362 3654 Gaji
374 3588 436 3640 icco
448 3589 511 3655 (IV.
523 3577 544 3656 ξ.
559 3589 643 3654 186.),
661 3588 737 3660 uude
750 3586 896 3639 discimus:
914 3583 943 3640 in
958 3585 1073 3652 judicati
1085 3585 1230 3651 depensive
1242 3601 1306 3638 cau-

46 3672 89 3726 sis
108 3671 178 3723 tanti
193 3672 294 3746 iactum
312 3688 373 3725 csse
389 3673 584 3737 vadimonium,
603 3673 698 3742 quanti
716 3689 749 3725 ea
766 3688 809 3725 res
826 3671 917 3734 inerit,
941 3671 970 3723 iu
987 3670 1092 3736 ceteris,
1116 3671 1210 3737 quanti
1230 3675 1306 3724 actor

41 3756 190 3825 juraverit,
216 3771 273 3808 non
290 3759 440 3811 'calumniae
458 3776 541 3812 causa
557 3761 697 3826 postulare
715 3758 768 3811 sibi
786 3755 971 3810 vadmonium
996 3756 1126 3823 promitti,
1148 3757 1189 3809 ric
1205 3761 1305 3818 amen,

46 3850 81 3896 ut
102 3845 307 3910 (praeterquam
325 3844 353 3895 in
368 3844 484 3910 judicati
502 3845 648 3910 depensive
666 3844 771 3912 causis)
788 3858 845 3896 nou
862 3842 948 3909 pluris
966 3857 1049 3910 quam
1067 3842 1152 3910 partis
1168 3841 1306 3905 dimidiae,

49 3947 101 3982 nec
119 3928 253 3994 pluribus,
272 3945 354 3997 quam
373 3930 403 3982 C.
423 3931 532 3982 milibus
551 3933 627 3984 fieret
643 3927 836 3982 vadimonium.
864 3930 926 3984 Hoc
943 3928 1016 3980 enim
1034 3944 1115 3985 sensu
1132 3926 1223 3988 verba,
1236 3941 1307 3993 quae

47 4017 79 4068 in
97 4016 152 4066 tine
170 4014 252 4080 hujus
271 4015 323 4067 loci
340 4017 476 4082 legantur,
494 4015 659 4081 accipienda,
677 4017 720 4066 vel
734 4013 827 4081 potius
839 4013 1016 4076 emendanda,
1034 4027 1103 4075 esse,
1120 4016 1198 4062 acute
1214 4009 1306 4074 conje-

48 4100 88 4152 cit
105 4099 242 4152 Huschke
262 4100 372 4154 Stcdien
390 4101 435 4153 der
453 4099 533 4154 Ram.
546 4099 646 4152 Iteclrts
664 4116 691 4166 p.
703 4104 763 4154 336.
789 4098 895 4153 Similia
908 4098 968 4165 jam
985 4105 1048 4150 ante
1062 4095 1139 4150 ilium
1153 4093 1306 4160 suspicatus

49 4193 110 4238 crat
122 4185 236 4238 Hcti'ter.
255 4187 292 4238 cd
307 4185 333 4238 l.
355 4187 419 4256 ani
429 4187 453 4239 d.
482 4183 569 4237 Miilrl.

122 4270 156 4334 ο)
178 4267 241 4322 Hoc
257 4271 310 4322 tine
327 4271 438 4322 nomina
456 4270 604 4323 edebantur
622 4283 731 4322 reorum
750 4285 837 4338 aeque
855 4286 888 4335 ec
905 4275 1027 4322 actorum
1047 4265 1121 4333 apud
1139 4265 1306 4316 Praeconem

48 4358 92 4410 vel
112 4355 270 4418 adsensum,
289 4361 320 4408 ut
343 4356 366 4408 is
386 4356 484 4408 deinde
507 4343 602 4408 o'rdinc
624 4352 707 4406 citare
732 4356 867 4423 litigantes
887 4356 923 4407 ad
938 4353 1057 4408 tribunal
1079 4353 1189 4417 posset:
1207 4349 1307 4404 Arcen.

48 4440 195 4496 Pedianus
213 4441 241 4492 in
266 4441 372 4493 Verrem
392 4442 423 4493 rie
437 4443 577 4494 Praetura
594 4437 652 4492 urb.
675 4459 704 4509 p.
720 4445 763 4494 69.
789 4442 871 4510 Apud
896 4447 995 4490 celeres
1013 4431 1199 4506 etjurlices,e't
1214 4433 1307 4492 rei„et
1417 4447 1419 4452 ’

48 4529 233 4588 adsectatores,
259 4534 284 4576 et
310 4525 461 4592 dissertiores
487 4525 636 4580 citabantur
660 4542 677 4576 e
696 4528 837 4579 Praecone
857 4524 1006 4578 Praetoris.
1031 4520 1126 4574 Jacob.
1147 4519 1306 4572 menardus

50 4608 243 4664 Protrr'brrnnl.
262 4627 284 4664 c.
302 4615 327 4664 2.
344 4630 371 4680 p.
389 4616 448 4667 874.
467 4612 547 4664 Heia.
1046 4689 1112 4777 42*
