3080 5154
391 364 445 432 nn
469 365 564 434 suns
594 364 683 432 Νη.
706 327 890 432 ‹3me
908 364 984 433 civ.
1262 373 1311 439 m

58 563 204 606 rnrrnrr
226 541 427 604 sollenmt'ltus
438 543 526 623 juris
545 544 764 622 absporotorem
780 543 922 604 solemn
944 542 1023 604 nibil
1036 549 1141 604 tomen
1158 551 1221 606 tom
1237 533 1323 626 pro?

55 657 153 733 prium
164 652 359 731 superstent,
371 669 465 730 quam
475 651 596 731 agnum
603 653 714 712 vivere.
725 648 842 730 Legem
852 649 940 712 enim
952 649 1080 730 mpero
1091 648 1145 712 hic
1160 651 1309 716 eamdem

60 780 133 841 esse,
156 780 197 820 ac
218 757 332 839 legem
359 755 497 840 regiam,
513 756 708 841 jamdudum
733 756 950 820 observarunt
974 757 1104 820 eruditi.
1134 756 1202 820 Sed
1222 768 1257 822 et
1272 761 1310 822 L

60 888 106 928 un.
120 868 148 948 §.
163 866 216 927 14.
244 867 278 926 0.
292 865 332 926 de
357 865 472 928 Cadus.
491 865 615 928 tollend.
638 879 824 928 Aucusrum
848 881 1066 929 varunowm
1082 865 1272 950 adpellatur
1291 891 1311 932 a

59 974 253 1038 Justiniano.

631 1111 659 1194 g.
681 1109 731 1173 62.

427 1241 430 1248 ’
458 1227 553 1281 Variae
568 1227 600 1278 de
622 1226 671 1280 lucc
690 1226 745 1294 loys
763 1228 914 1280 sententiae.

133 1348 183 1410 At
197 1367 240 1410 ea
260 1346 303 1409 de
327 1345 406 1431 lege
431 1344 497 1409 dici
517 1366 585 1408 non
610 1353 721 1429 potest
743 1353 886 1429 quantae
907 1353 1026 1410 enatae
1046 1347 1111 1411 sint
1133 1345 1221 1413 inter
1235 1372 1310 1415 eru-

61 1458 139 1520 ditos
157 1455 420 1520 controversiae.
447 1454 530 1516 Eam
552 1452 761 1516 Hotomanus
782 1454 931 1517 eamdem
947 1475 1023 1520 ,esse
1053 1462 1147 1538 putat
1167 1479 1238 1520 cum
1258 1481 1309 1542 ea,

62 1587 136 1648 quae
153 1564 196 1627 de
221 1585 328 1648 regno
350 1559 487 1626 Romuli
509 1559 579 1624 lata
592 1560 712 1642 luerit,
736 1583 833 1646 quam
853 1578 984 1626 Rsscmm
1004 1562 1103 1626 etiam
1121 1573 1219 1628 vocat
1236 1568 1309 1632 Liv.

60 1673 229 1736 XXXIV.
243 1671 274 1734 6.
296 1670 345 1734 At
361 1669 509 1733 eamdem
525 1669 560 1731 in
578 1669 775 1732 Triboniani
794 1672 932 1733 cerebro
949 1669 1048 1734 fuisse
1068 1680 1190 1754 natam,
1206 1675 1309 1760 suspi-

58 1782 186 1844 cabatur
200 1781 301 1842 Mart.
318 1776 523 1840 Schoockius
544 1775 577 1838 in
599 1777 733 1838 Diatrib.
752 1779 791 1839 de
808 1781 877 1862 lege
892 1783 982 1860 regio
1007 1779 1194 1855 ursoniam,
1212 1804 1309 1867 quam

54 1889 199 1973 repetitis
217 1888 302 1950 curis
320 1886 501 1952 auctiorem
519 1883 625 1948 edidit
641 1885 700 1948 sub
715 1884 828 1978 titulo:
844 1887 894 1948 De
908 1887 1110 1970 quadruplici
1120 1891 1190 1972 lege
1209 1896 1309 1974 regio,

54 1997 197 2074 Francos.
211 1995 305 2058 1668.
321 1995 371 2057 12.
397 1993 504 2071 Quum
525 1992 611 2054 enim
634 1993 761 2077 regium
785 2016 906 2056 nomen
929 1996 1041 2078 perosi
1067 1996 1132 2058 sint
1153 1995 1307 2081 Romani,

55 2126 158 2190 neque
180 2123 337 2187 umquam
355 2101 524 2186 Augustus
546 2100 645 2163 titulo
670 2110 735 2164 tam
752 2101 918 2165 invidioso
941 2124 975 2165 se
994 2125 1105 2188 passus
1125 2104 1167 2168 sit
1186 2109 1307 2188 ornari,

54 2234 110 2274 nec
135 2209 330 2275 verosimile
359 2209 425 2286 fiat,
446 2207 605 2293 populum
632 2207 831 2292 Romanum,
860 2209 928 2294 qui,
957 2209 1098 2273 Caesare
1118 2211 1307 2298 interfecto,

54 2321 149 2384 fessus
171 2318 326 2382 civilibus
345 2316 527 2398 discordiis,
548 2315 716 2380 tolerabat
738 2317 841 2400 magis
864 2316 1097 2400 monarchiam,
1119 2341 1214 2403 quam
1230 2342 1309 2404 per-

54 2437 181 2513 petuam
204 2425 356 2511 optabat,
379 2433 444 2489 tam
463 2423 595 2487 inimica
612 2423 761 2487 libertati
777 2424 855 2510 lege
873 2425 907 2487 in
931 2425 1122 2489 servitutem
1149 2449 1183 2490 se
1202 2427 1307 2514 ipsum

53 2536 232 2600 addixisse:
250 2555 319 2595 non
332 2533 389 2597 abs
408 2553 444 2596 re
459 2532 616 2616 suspicari
632 2532 694 2595 sibi
718 2532 894 2597 videbatur
913 2532 1128 2618 Schoockius,
1145 2537 1308 2622 quidquid

54 2645 93 2708 de
114 2644 192 2729 lege
221 2641 318 2725 regia
345 2640 379 2703 in
403 2640 480 2724 jure
507 2648 621 2704 nostro
645 2640 785 2726 legitur,
812 2663 853 2704 ex
880 2641 1078 2706 Triboniani
1102 2652 1213 2708 natum
1236 2667 1307 2710 esse

52 2752 195 2835 ingenio.
207 2751 283 2814 Nec
294 2748 398 2813 multo
409 2749 507 2813 aliter
522 2750 668 2814 sentiunt
677 2748 854 2814 Connanus
867 2752 1032 2813 Commeat.
1044 2753 1069 2812 I.
1081 2751 1131 2814 16.
1141 2752 1171 2818 3.
1180 2752 1307 2840 Vultej.
1369 2803 1371 2808 s

52 2862 97 2921 od
106 2859 176 2941 §.d
194 2860 274 2922 Inst.
288 2859 317 2920 b.
340 2867 361 2921 t.
394 2857 462 2922 Sed
478 2858 673 2920 Hotomano
693 2858 762 2942 jam
786 2857 899 2941 Scipio
921 2857 1065 2922 Gentilis
1085 2859 1243 2944 singulari
1268 2866 1307 2926 de

51 2971 116 3050 lege
136 2970 229 3050 regio
250 2966 419 3044 oratione3
443 2965 631 3029 Schoockio
655 2949 786 3030 abunde
811 2963 971 3029 satisfecit
995 2966 1127 3030 doctiss
1150 2969 1306 3036 Huberus

50 3079 191 3158 Dtgrees.
209 3075 234 3137 I.
252 3073 303 3137 16.
321 3095 365 3156 sq.

628 3214 656 3297 s.
677 3213 729 3277 os.

458 3338 531 3396 Quid
548 3338 584 3416 de·
598 3356 631 3398 ea,
647 3355 709 3389 vero
727 3338 901 3391 statuendum.

6 3275 14 3308 t

127 3458 200 3521 Res
216 3456 267 3519 ita
288 3474 323 3517 se
345 3455 457 3518 babet.
478 3454 586 3533 Quum
607 3455 776 3539 Augustus
796 3455 906 3517 omnia
925 3453 1090 3519 intestinis
1109 3453 1195 3520 fessa
1211 3455 1305 3520 dissi-

51 3566 108 3630 diis
125 3565 265 3629 nomine
280 3563 445 3648 Principis
456 3565 491 3627 in
509 3572 709 3648 potestatem
726 3584 816 3625 suam
832 3562 1026 3646 recepisset:
1043 3562 1184 3627 Senatus
1197 3587 1304 3650 aeque
1343 3634 1348 3640 ,
1368 3605 1370 3608 -

51 3696 86 3736 ac
99 3672 247 3758 populus
264 3673 297 3734 ei
310 3673 428 3736 sensim
448 3671 561 3756 plures
582 3673 726 3736 honores
743 3670 900 3753 decrevit,
926 3681 961 3736 et
978 3671 1079 3734 modo
1094 3671 1189 3753 hanc,
1205 3673 1313 3754 modo,

51 3781 137 3844 illam
157 3785 220 3846 τοῦ
244 3787 352 3861 κυρίου
367 3788 494 3865 partem
508 3779 637 3844 detulit.
654 3780 710 3843 Sic
725 3799 812 3842 anno
827 3779 913 3843 U.C.
928 3795 1085 3842 nccxxrv.
1102 3780 1134 3842 ei
1149 3801 1305 3846 concessa

50 3879 226 3954 tribunicia
247 3896 393 3972 potestas
411 3910 472 3973 per
492 3909 620 3951 omnem
646 3887 758 3969 vitam,
780 3894 988 3971 cautumque,
1004 3895 1040 3951 ut
1058 3886 1100 3950 ad
1118 3887 1303 3972 Augustum

49 4018 232 4079 provocare
240 3997 295 4081 jus
310 4002 407 4078 esset,
420 4005 522 4081 utque
538 3997 609 4082 ipse
621 3996 655 4058 in
670 3995 827 4059 omnibus
831 3995 967 4079 judiciis
981 3995 1169 4080 suffiagium
1177 3995 1306 4058 Miner-

49 4128 109 4170 vae
123 4107 248 4170 ferret:
270 4102 340 4168 Dio
356 4103 444 4168 Cass.
457 4105 542 4180 Hist.
555 4105 611 4166 LI.
626 4103 677 4166 19.
698 4103 782 4189 Mox
794 4123 880 4166 anno
894 4103 935 4166 U.
945 4103 981 4166 C.
995 4103 1305 4168 nccxxvl1.60nsu·
1349 4129 1353 4138 ’
1371 4107 1372 4112 ’

50 4213 117 4279 latu
133 4213 288 4298 septimo,
304 4211 430 4276 solutus
449 4220 500 4276 est
513 4211 682 4296 Augustus
698 4209 847 4294 legibus,
875 4210 993 4296 [*Di0
1009 4208 1097 4273 Cass.
1110 4210 1200 4271 LIII.
1210 4207 1303 4296 18.'.*]

49 4323 148 4409 idque
173 4323 284 4385 denuo
307 4319 486 4403 repetitum
505 4342 591 4382 anno
612 4319 653 4384 U.
673 4318 711 4383 C.
734 4337 883 4384 uccxxx.
908 4320 1002 4382 Idem
1021 4317 1108 4379 LIII.
1128 4315 1178 4378 28.
1202 4316 1303 4395 Quod

50 4439 156 4496 tumen
173 4453 241 4494 non
259 4429 302 4492 de
319 4427 470 4492 omnibus
486 4427 620 4490 omnino
641 4426 783 4512 legibus,
803 4427 860 4492 sed
877 4426 919 4489 de
942 4426 1022 4510 lege
1043 4423 1159 4488 Cincio
1178 4425 1304 4488 intelli-

52 4541 192 4620 gendum
209 4560 293 4619 esse,
311 4543 403 4601 recte
419 4545 530 4601 mouet
546 4535 623 4600 Ger.
641 4535 757 4600 Noodt
768 4538 807 4599 de
818 4539 896 4618 jure
912 4537 1108 4615 summiae'mp.
1120 4541 1149 4594 et
1165 4535 1225 4614 leg.
1237 4554 1303 4615 reg.
