3062 5156
323 378 378 448 Da
403 377 579 448 Excussa.
603 378 742 455 Turum
768 377 846 451 Vsu
871 377 1007 450 Cunna.
1222 388 1296 459 m

63 559 158 643 plures
171 562 280 620 essent
294 553 410 619 liberis
427 552 496 618 Dio
517 551 606 618 Cass.
620 552 706 616 Hirr.
720 551 842 614 XLIII.
854 552 905 618 25.
918 556 1009 620 Suet.
1024 557 1089 622 Iul.
1102 557 1191 622 Caes.
1209 579 1234 621 ο.
1246 559 1297 625 42

64 666 118 728 Sed
131 685 169 726 eo
185 661 300 747 paullo
318 670 395 746 post
415 660 606 743 interiecto,
626 681 693 726 nou
714 659 772 725 diu
792 660 968 727 admodum
988 662 1083 748 leges
1106 664 1189 730 istae
1209 666 1299 732 salu-

63 774 205 836 berrimae
226 773 413 853 viguerunt.

633 909 715 990 §.s
749 911 758 928 ·

141 1045 234 1096 Prima
252 1043 368 1111 Aupurtr'
384 1044 486 1111 repotia
500 1042 537 1094 de
550 1041 646 1110 poenis
663 1037 808 1093 caelibatus
827 1048 853 1092 et
865 1043 993 1109 praemiis
1010 1044 1204 1104 πολυπαιδίας.

128 1144 172 1207 At
193 1142 298 1208 multo
323 1143 426 1228 magis
440 1141 524 1205 haec
546 1164 623 1205 cura
643 1141 787 1225 Augusti
810 1141 910 1204 subiit
931 1145 1092 1224 animum,
1108 1145 1165 1230 qui
1186 1155 1296 1211 tamen

64 1251 171 1314 nonnisi
191 1256 269 1335 post
292 1249 395 1314 multa
415 1248 585 1312 molimina
601 1247 773 1311 solitudini
792 1247 847 1312 isti
868 1249 998 1313 invenit
1012 1253 1204 1316 remedium.
1222 1255 1298 1318 Pri-

64 1338 179 1422 numid
203 1358 275 1442 egit
299 1379 385 1421 anno
403 1355 445 1419 U.
462 1356 499 1421 C.
518 1371 663 1420 ucoxxv.
681 1377 748 1439 quo
773 1376 905 1418 censum
923 1349 1002 1420 ”cum
1024 1359 1192 1444 Agrippa,
1214 1369 1299 1424 tam-

65 1489 141 1552 quam
154 1466 350 1530 Praefectus
372 1485 496 1527 morum
505 1511 515 1545 ,
531 1464 619 1547 egit:
640 1461 733 1526 Grut.
749 1464 908 1546 Inscripti.
919 1488 953 1547 p.
973 1463 1132 1529 CCXXX
1143 1460 1239 1531 'Nam
1255 1490 1299 1532 ex

66 1575 228 1637 eudemum
245 1582 399 1656 tempore
415 1580 510 1635 sexto
522 1571 606 1634 inito
623 1571 795 1635 consulatu
810 1573 983 1656 potentiae
1001 1593 1143 1657 securus,
1161 1596 1247 1660 quae
1264 1575 1298 1639 in

66 1681 247 1745 triumviratu
265 1681 360 1764 jussa
382 1678 531 1760 fuerant,
555 1678 722 1759 abolevit,
746 1677 906 1764 deditque
925 1681 1020 1765 jura,
1043 1683 1135 1766 queis
1161 1705 1244 1768 pace
1265 1692 1300 1748 et

65 1789 188 1874 principe
216 1796 400 1851 uterentur.
437 1791 589 1850 Arctiora
610 1809 650 1850 er
672 1807 708 1848 eo
727 1788 867 1864 ornanda,
893 1789 987 1850 inditi
1008 1791 1151 1854 custodes
1175 1799 1204 1852 et
1230 1795 1300 1875 lege

66 1898 148 1978 Pupia
166 1899 317 1978 Poppaea
333 1898 486 1977 praemtr's
508 1896 642 1964 traducti:
667 1893 775 1956 Tacit.
800 1896 918 1956 Annal.
941 1897 1000 1956 III.
1020 1895 1072 1959 28.
1102 1897 1156 1960 Ex
1182 1898 1299 1982 quibus

66 2011 153 2066 tamen
176 2003 289 2067 verbis
310 2001 399 2085 Lips.
424 2006 457 2064 In
474 2001 613 2064 Errare.
636 2002 681 2063 ud
701 2000 782 2063 Tac.
805 2003 890 2066 Anu.
909 2003 977 2066 Lu.
999 2005 1060 2066 ΙΙΙ.
1077 2007 1136 2068 trit.
1158 2008 1190 2069 C.
1213 2007 1298 2070 male

66 2110 188 2195 colligit,
204 2113 276 2195 jam
305 2118 400 2172 sexto
423 2107 484 2172 illo
507 2109 679 2173 consulatu
700 2109 885 2207 Augustum
902 2110 1112 2194 rogationem
1131 2113 1173 2176 ad
1191 2136 1300 2199 popu-

65 2216 116 2279 lum
128 2218 244 2282 tulisse.
266 2219 437 2292 Incertum
454 2215 541 2279 enirn
556 2216 621 2278 hoc
638 2236 708 2277 esse
727 2216 928 2280 ostendimus
944 2217 978 2280 in
997 2219 1110 2280 Comm.
1129 2222 1174 2282 ud
1185 2222 1223 2283 L.
1236 2224 1299 2285 Jet.

66 2333 88 2384 rt
99 2327 168 2406 Pop.
180 2327 246 2388 nn.
262 2327 293 2388 l.
308 2347 334 2388 o.
350 2324 381 2388 3.
389 2347 424 2406 p.
438 2323 489 2384 41.
509 2322 646 2404 Saltem,
660 2323 687 2385 si
706 2322 787 2406 quid
802 2331 897 2386 sexto
914 2324 1086 2389 consulatu
1102 2327 1173 2410 egit
1183 2327 1299 2412 Augu-

67 2441 134 2516 stus,
148 2443 210 2498 tum
227 2431 368 2518 quidem
384 2429 466 2494 nihil
482 2431 661 2515 profecisse
678 2429 819 2494 videtur.

633 2613 661 2694 q.
683 2611 715 2674 s.

403 2729 461 2781 Lex
479 2723 555 2778 Jutia
574 2727 606 2777 de
622 2727 779 2781 maritandis
796 2725 937 2780 ordinibus.

132 2828 305 2894 Decennio
318 2837 394 2913 post
401 2827 444 2892 A.
458 2825 551 2904 U.,C.
564 2845 748 2891 mccxxxvr.
761 2827 872 2890 denuo
887 2827 1036 2891 eamdem
1052 2851 1122 2892 rem
1137 2831 1218 2915 egit,
1231 2831 1300 2896 lata
1356 2809 1364 2822 .

69 2933 259 3000 celeberrima
283 2935 344 3000 illa
362 2935 441 3021 lege
460 2950 558 2998 Juuln
578 2935 618 2995 de
633 2935 820 2999 maritandis
836 2934 1005 3010 ordinibus,
1022 2959 1087 3020 qua
1104 2945 1138 3001 et
1150 2939 1298 3023 innuptis

67 3044 199 3107 arctiores
220 3065 351 3129 poenas
374 3042 503 3123 statuit,
523 3050 558 3104 et
573 3042 697 3125 nuptiis
716 3043 962 3124 liberorumque
977 3045 1202 3124 procreationi
1221 3067 1299 3130 pro-

67 3152 157 3232 posuit
179 3153 344 3236 praemia:
364 3151 432 3214 Dio
452 3148 540 3213 Cass.
559 3147 643 3212 Hr‘et.
659 3149 745 3211 LIV.
764 3149 814 3212 16.
848 3147 927 3211 Dici
954 3169 1021 3211 non
1040 3156 1168 3232 potest,
1194 3173 1298 3235 quan·
1362 3169 1367 3172 ·
1465 3165 1470 3172 ·

67 3257 99 3318 tis
114 3281 176 3322 cum
191 3257 441 3323 difficultatibus
462 3265 539 3320 tunc
562 3254 805 3320 colluctandum
830 3256 931 3319 fuerit
949 3255 1113 3338 Augusto.
1140 3257 1299 3334 Quamvis

68 3364 135 3426 enim
155 3367 341 3431 orationem
367 3362 517 3446 Metelli,
538 3363 581 3426 de
606 3385 672 3447 qua
695 3384 810 3447 supra,
832 3363 866 3426 in
890 3363 1015 3426 Senatu
1033 3362 1190 3429 haberet:
1209 3363 1299 3428 Suet.

67 3473 135 3553 Aug.
149 3495 173 3537 c.
186 3473 237 3538 89.
252 3475 339 3556 Epic.
358 3473 426 3535 In'v.
443 3473 528 3534 LIX.
543 3491 664 3555 magno
681 3476 791 3532 tamen
808 3471 944 3534 Patruus
963 3493 1124 3534 consensu
1141 3473 1173 3536 ei
1189 3472 1300 3536 occla-

66 3586 166 3643 matum
188 3591 257 3664 est,
280 3588 365 3643 teste
381 3580 493 3643 Dione
511 3577 634 3641 Cassio.
656 3577 704 3642 At
722 3586 895 3663 sequutum
911 3587 1022 3641 tamen
1041 3579 1163 3644 SCtum
1180 3582 1224 3644 de
1248 3583 1300 3645 fe·

66 3686 150 3750 reuda
165 3687 261 3772 lege,
277 3688 321 3752 de
338 3709 403 3772 quo
420 3687 539 3751 Horat.
553 3692 587 3748 r'n
605 3687 656 3748 illo
674 3685 777 3748 Curru.
795 3685 1002 3748 Saeculares.
1017 3687 1070 3750 17.
1084 3669 1149 3770 sqq.

326 3797 424 3867 Diua,
434 3795 595 3875 producas
610 3794 755 3867 sobolem,
770 3793 969 3874 Putrumque

327 3903 500 3983 Prosperes
515 3902 642 3962 decretu
657 3920 751 3980 super
760 3899 917 3980 jugandis
1087 3962 1093 3976 Χ

256 4040 261 4047 ·
326 4009 477 4082 Femr‘rrr‘s,
489 4010 649 4090 prolesque
663 4005 878 4083 nouaeferucr'
971 3983 981 3995 .

809 4129 895 4176 LEGE
908 4127 1050 4176 nnuma.

64 4213 118 4278 Sed
128 4217 204 4285 lieet
220 4228 289 4285 tum
301 4221 468 4306 Augustus
485 4229 551 4285 tam
563 4227 670 4284 certus
682 4229 768 4284 esset
785 4220 827 4283 de
844 4239 993 4283 successu
1003 4214 1098 4301 hujus
1105 4214 1300 4300 rogationis,

64 4329 93 4383 ut
112 4323 192 4412 legis
215 4329 311 4412 hujus
338 4331 373 4393 in
394 4339 597 4393 antecessum
623 4327 811 4391 meminerit
830 4327 865 4390 in
890 4325 1061 4388 luculenta
1078 4323 1299 4408 Inscriptione

65 4432 136 4508 apud
157 4434 252 4499 Grut.
265 4458 298 4518 p.
317 4437 556 4500 CCCXXVIII.
571 4459 602 4498 rr.
618 4437 647 4498 1.
668 4455 764 4518 quam
787 4456 847 4510 pos
873 4419 1096 4516 supplevimus
1119 4429 1301 4495 illustravi-

65 4552 183 4622 musque
203 4547 237 4604 Ira
259 4544 422 4606 Commeat.
440 4546 485 4606 ud
503 4545 540 4605 L.
557 4547 620 4607 Jul.
637 4553 669 4606 et
686 4544 766 4623 Pup.
780 4544 850 4605 idid
873 4561 903 4620 p.
922 4539 972 4601 43.
995 4561 1039 4620 sq.
1057 4539 1167 4620 legem
1189 4546 1300 4602 tamen
