<?xml version="1.0" encoding="UTF-8"?>
<!DOCTYPE html PUBLIC "-//W3C//DTD XHTML 1.0 Transitional//EN"
    "http://www.w3.org/TR/xhtml1/DTD/xhtml1-transitional.dtd">
<html xmlns="http://www.w3.org/1999/xhtml" xml:lang="en" lang="en">
 <head>
  <title>
</title>
<meta http-equiv="Content-Type" content="text/html;charset=utf-8" />
  <meta name='ocr-system' content='tesseract 3.04.00' />
  <meta name='ocr-capabilities' content='ocr_page ocr_carea ocr_par ocr_line ocrx_word'/>
</head>
<body>
  <div class='ocr_page' id='page_1' title='image "./jogottliebheine00haubgoog_0809.png"; bbox 0 0 3122 5162; ppageno 0'>
   <div class='ocr_carea' id='block_1_1' title="bbox 249 396 1086 474">
    <p class='ocr_par' dir='ltr' id='par_1_1' title="bbox 249 396 1086 474">
     <span class='ocr_line' id='line_1_1' title="bbox 249 396 1086 474; baseline -0.011 0"><span class='ocrx_word' id='word_1_1' title='bbox 249 405 322 474; x_wconf 76' lang='lat' dir='ltr'><em>m</em></span> <span class='ocrx_word' id='word_1_2' title='bbox 664 399 741 468; x_wconf 68' lang='lat' dir='ltr'><strong>lara</strong></span> <span class='ocrx_word' id='word_1_3' title='bbox 766 397 826 468; x_wconf 73' lang='lat' dir='ltr'><strong>tv.</strong></span> <span class='ocrx_word' id='word_1_4' title='bbox 851 397 932 467; x_wconf 79' lang='lat' dir='ltr'><strong>Tm.</strong></span> <span class='ocrx_word' id='word_1_5' title='bbox 957 396 1086 466; x_wconf 85' lang='lat' dir='ltr'><strong>xvlu.</strong></span> 
     </span>
    </p>
   </div>
   <div class='ocr_carea' id='block_1_2' title="bbox 147 573 1542 2600">
    <p class='ocr_par' dir='ltr' id='par_1_2' title="bbox 147 573 1542 1287">
     <span class='ocr_line' id='line_1_2' title="bbox 247 573 1542 655; baseline -0.006 -14"><span class='ocrx_word' id='word_1_6' title='bbox 247 576 362 641; x_wconf 83' lang='lat' dir='ltr'><strong>Livius</strong></span> <span class='ocrx_word' id='word_1_7' title='bbox 381 574 571 637; x_wconf 83' lang='lat' dir='ltr'><em>XXXVIII.</em></span> <span class='ocrx_word' id='word_1_8' title='bbox 584 573 635 636; x_wconf 81' lang='lat'><strong>51.</strong></span> <span class='ocrx_word' id='word_1_9' title='bbox 656 573 823 638; x_wconf 78' lang='lat' dir='ltr'><strong>Addenda</strong></span> <span class='ocrx_word' id='word_1_10' title='bbox 839 583 890 638; x_wconf 89' lang='lat' dir='ltr'><strong>est</strong></span> <span class='ocrx_word' id='word_1_11' title='bbox 910 573 1081 640; x_wconf 83' lang='lat' dir='ltr'><strong>Ciceronis</strong></span> <span class='ocrx_word' id='word_1_12' title='bbox 1100 574 1209 635; x_wconf 79' lang='lat' dir='ltr'><strong>Oratio</strong></span> <span class='ocrx_word' id='word_1_13' title='bbox 1224 589 1287 655; x_wconf 84' lang='lat' dir='ltr'><strong>pro</strong></span> <span class='ocrx_word' id='word_1_14' title='bbox 1309 573 1345 633; x_wconf 80' lang='grc'><strong>0.</strong></span> <span class='ocrx_word' id='word_1_15' title='bbox 1364 573 1495 644; x_wconf 68' lang='lat' dir='ltr'><strong>Maii,</strong></span> <span class='ocrx_word' id='word_1_16' title='bbox 1538 581 1542 588; x_wconf 87' lang='lat'>&#39;</span> 
     </span>
     <span class='ocr_line' id='line_1_3' title="bbox 147 675 1496 767; baseline -0.003 -23"><span class='ocrx_word' id='word_1_17' title='bbox 147 675 160 694; x_wconf 68' lang='lat'>²</span> <span class='ocrx_word' id='word_1_18' title='bbox 243 683 467 767; x_wconf 65' lang='lat' dir='ltr'><strong>perduellionis</strong></span> <span class='ocrx_word' id='word_1_19' title='bbox 484 701 553 753; x_wconf 87' lang='lat' dir='ltr'><strong>reo,</strong></span> <span class='ocrx_word' id='word_1_20' title='bbox 576 701 619 742; x_wconf 88' lang='lat' dir='ltr'><strong>ex</strong></span> <span class='ocrx_word' id='word_1_21' title='bbox 643 703 723 765; x_wconf 89' lang='lat' dir='ltr'><strong>qua,</strong></span> <span class='ocrx_word' id='word_1_22' title='bbox 739 701 825 766; x_wconf 91' lang='lat' dir='ltr'><strong>quae</strong></span> <span class='ocrx_word' id='word_1_23' title='bbox 847 681 1076 745; x_wconf 76' lang='lat' dir='ltr'><strong>defensionum</strong></span> <span class='ocrx_word' id='word_1_24' title='bbox 1100 679 1262 764; x_wconf 89' lang='lat' dir='ltr'><strong>ejusmodi</strong></span> <span class='ocrx_word' id='word_1_25' title='bbox 1284 679 1389 742; x_wconf 81' lang='lat' dir='ltr'><strong>fuerit</strong></span> <span class='ocrx_word' id='word_1_26' title='bbox 1411 679 1496 758; x_wconf 91' lang='lat' dir='ltr'><strong>ratio,</strong></span> 
     </span>
     <span class='ocr_line' id='line_1_4' title="bbox 247 785 1497 870; baseline -0.006 -16"><span class='ocrx_word' id='word_1_27' title='bbox 247 791 326 854; x_wconf 87' lang='lat' dir='ltr'><strong>satis</strong></span> <span class='ocrx_word' id='word_1_28' title='bbox 341 788 460 852; x_wconf 88' lang='lat' dir='ltr'><strong>elucet.</strong></span> <span class='ocrx_word' id='word_1_29' title='bbox 478 787 645 870; x_wconf 82' lang='lat' dir='ltr'><strong>Ceterum,</strong></span> <span class='ocrx_word' id='word_1_30' title='bbox 662 787 775 852; x_wconf 91' lang='lat' dir='ltr'><strong>audita</strong></span> <span class='ocrx_word' id='word_1_31' title='bbox 789 787 850 853; x_wconf 89' lang='lat' dir='ltr'><strong>ilia</strong></span> <span class='ocrx_word' id='word_1_32' title='bbox 861 788 1067 868; x_wconf 80' lang='lat' dir='ltr'><strong>defensione,</strong></span> <span class='ocrx_word' id='word_1_33' title='bbox 1079 788 1114 851; x_wconf 88' lang='lat' dir='ltr'><strong>iu</strong></span> <span class='ocrx_word' id='word_1_34' title='bbox 1129 795 1252 850; x_wconf 88' lang='lat' dir='ltr'><strong>certam</strong></span> <span class='ocrx_word' id='word_1_35' title='bbox 1265 785 1355 848; x_wconf 91' lang='lat' dir='ltr'><strong>diem</strong></span> <span class='ocrx_word' id='word_1_36' title='bbox 1373 785 1497 848; x_wconf 87' lang='lat' dir='ltr'><strong>comitia</strong></span> 
     </span>
     <span class='ocr_line' id='line_1_5' title="bbox 248 891 1496 980; baseline -0.006 -20"><span class='ocrx_word' id='word_1_37' title='bbox 248 897 303 960; x_wconf 86' lang='lat' dir='ltr'><strong>vel</strong></span> <span class='ocrx_word' id='word_1_38' title='bbox 318 896 442 959; x_wconf 88' lang='lat' dir='ltr'><strong>tributa</strong></span> <span class='ocrx_word' id='word_1_39' title='bbox 459 894 515 957; x_wconf 91' lang='lat' dir='ltr'><strong>vel</strong></span> <span class='ocrx_word' id='word_1_40' title='bbox 531 894 714 959; x_wconf 78' lang='lat' dir='ltr'>centuriata</span> <span class='ocrx_word' id='word_1_41' title='bbox 731 895 965 960; x_wconf 78' lang='lat' dir='ltr'><strong>indicebantur</strong></span> <span class='ocrx_word' id='word_1_42' title='bbox 978 896 1024 978; x_wconf 82' lang='lat'><strong>¹¹),</strong></span> <span class='ocrx_word' id='word_1_43' title='bbox 1041 896 1159 980; x_wconf 88' lang='lat' dir='ltr'><strong>quibus</strong></span> <span class='ocrx_word' id='word_1_44' title='bbox 1176 893 1271 978; x_wconf 91' lang='lat' dir='ltr'><strong>plebs</strong></span> <span class='ocrx_word' id='word_1_45' title='bbox 1286 891 1345 956; x_wconf 86' lang='lat' dir='ltr'><strong>vel</strong></span> <span class='ocrx_word' id='word_1_46' title='bbox 1365 891 1496 975; x_wconf 90' lang='lat' dir='ltr'><strong>populus</strong></span> 
     </span>
     <span class='ocr_line' id='line_1_6' title="bbox 247 1001 698 1094; baseline -0.013 -25"><span class='ocrx_word' id='word_1_47' title='bbox 247 1004 291 1069; x_wconf 88' lang='lat' dir='ltr'><strong>de</strong></span> <span class='ocrx_word' id='word_1_48' title='bbox 306 1023 366 1094; x_wconf 77' lang='lat' dir='ltr'><strong>req</strong></span> <span class='ocrx_word' id='word_1_49' title='bbox 382 1002 485 1065; x_wconf 86' lang='lat' dir='ltr'><strong>ferret</strong></span> <span class='ocrx_word' id='word_1_50' title='bbox 500 1001 698 1086; x_wconf 84' lang='lat' dir='ltr'><strong>suffragium.</strong></span> 
     </span>
     <span class='ocr_line' id='line_1_7' title="bbox 824 1119 927 1199; baseline -0.01 -17"><span class='ocrx_word' id='word_1_51' title='bbox 824 1119 854 1199; x_wconf 72' lang='lat'><strong>§-</strong></span> <span class='ocrx_word' id='word_1_52' title='bbox 875 1119 927 1182; x_wconf 82' lang='grc'><strong>43.</strong></span> 
     </span>
     <span class='ocr_line' id='line_1_8' title="bbox 752 1233 996 1287; baseline -0.004 -1"><span class='ocrx_word' id='word_1_53' title='bbox 752 1233 862 1287; x_wconf 72' lang='lat' dir='ltr'><strong>Auer&#39;lio</strong></span> <span class='ocrx_word' id='word_1_54' title='bbox 879 1251 996 1287; x_wconf 81' lang='lat' dir='ltr'><strong>reorum.</strong></span> 
     </span>
    </p>

    <p class='ocr_par' dir='ltr' id='par_1_3' title="bbox 248 1334 1501 2600">
     <span class='ocr_line' id='line_1_9' title="bbox 332 1334 1495 1420; baseline -0.003 -20"><span class='ocrx_word' id='word_1_55' title='bbox 332 1337 467 1400; x_wconf 82' lang='lat' dir='ltr'>Interea</span> <span class='ocrx_word' id='word_1_56' title='bbox 486 1335 537 1398; x_wconf 91' lang='lat' dir='ltr'><strong>rei</strong></span> <span class='ocrx_word' id='word_1_57' title='bbox 558 1335 651 1399; x_wconf 89' lang='lat' dir='ltr'><strong>varia</strong></span> <span class='ocrx_word' id='word_1_58' title='bbox 673 1334 736 1400; x_wconf 90' lang='lat' dir='ltr'><strong>sibi</strong></span> <span class='ocrx_word' id='word_1_59' title='bbox 757 1335 1065 1420; x_wconf 81' lang='lat' dir='ltr'><strong>circumspiciebant</strong></span> <span class='ocrx_word' id='word_1_60' title='bbox 1089 1335 1263 1418; x_wconf 89' lang='lat' dir='ltr'><strong>praesidia.</strong></span> <span class='ocrx_word' id='word_1_61' title='bbox 1285 1335 1395 1400; x_wconf 84' lang='lat' dir='ltr'><strong>Modo</strong></span> <span class='ocrx_word' id='word_1_62' title='bbox 1417 1336 1495 1398; x_wconf 91' lang='lat' dir='ltr'><strong>enim</strong></span> 
     </span>
     <span class='ocr_line' id='line_1_10' title="bbox 249 1427 1494 1526; baseline -0.006 -16"><span class='ocrx_word' id='word_1_63' title='bbox 249 1465 321 1510; x_wconf 91' lang='lat' dir='ltr'><strong>cum</strong></span> <span class='ocrx_word' id='word_1_64' title='bbox 339 1442 496 1507; x_wconf 76' lang='lat' dir='ltr'><strong>Tribunis</strong></span> <span class='ocrx_word' id='word_1_65' title='bbox 513 1427 667 1526; x_wconf 80' lang='lat' dir='ltr'><strong>agebant,</strong></span> <span class='ocrx_word' id='word_1_66' title='bbox 686 1453 723 1506; x_wconf 92' lang='lat' dir='ltr'><strong>ut</strong></span> <span class='ocrx_word' id='word_1_67' title='bbox 737 1444 1002 1508; x_wconf 81' lang='lat' dir='ltr'><strong>intercederent:</strong></span> <span class='ocrx_word' id='word_1_68' title='bbox 1018 1441 1147 1506; x_wconf 88' lang='lat' dir='ltr'><strong>Gellius</strong></span> <span class='ocrx_word' id='word_1_69' title='bbox 1163 1443 1267 1505; x_wconf 79' lang='lat' dir='ltr'><strong>Nocti.</strong></span> <span class='ocrx_word' id='word_1_70' title='bbox 1282 1447 1352 1506; x_wconf 80' lang='lat' dir='ltr'><strong>Ate.</strong></span> <span class='ocrx_word' id='word_1_71' title='bbox 1375 1443 1442 1504; x_wconf 82' lang='lat' dir='ltr'><strong>VII</strong></span> <span class='ocrx_word' id='word_1_72' title='bbox 1452 1443 1494 1504; x_wconf 87' lang='grc'><strong>19.</strong></span> 
     </span>
     <span class='ocr_line' id='line_1_11' title="bbox 248 1548 1495 1635; baseline -0.003 -20"><span class='ocrx_word' id='word_1_73' title='bbox 248 1551 349 1615; x_wconf 92' lang='lat' dir='ltr'><strong>modo</strong></span> <span class='ocrx_word' id='word_1_74' title='bbox 365 1551 518 1633; x_wconf 86' lang='lat' dir='ltr'><strong>Augures</strong></span> <span class='ocrx_word' id='word_1_75' title='bbox 540 1549 779 1631; x_wconf 78' lang='lat' dir='ltr'><strong>subornabant,</strong></span> <span class='ocrx_word' id='word_1_76' title='bbox 795 1551 854 1635; x_wconf 91' lang='lat' dir='ltr'><strong>qui</strong></span> <span class='ocrx_word' id='word_1_77' title='bbox 874 1550 959 1614; x_wconf 91' lang='lat' dir='ltr'><strong>tristi</strong></span> <span class='ocrx_word' id='word_1_78' title='bbox 975 1548 1115 1634; x_wconf 88' lang='lat' dir='ltr'><strong>quadam</strong></span> <span class='ocrx_word' id='word_1_79' title='bbox 1139 1549 1403 1614; x_wconf 88' lang='lat' dir='ltr'><strong>obnunciatione</strong></span> <span class='ocrx_word' id='word_1_80' title='bbox 1425 1549 1495 1612; x_wconf 91' lang='lat' dir='ltr'><strong>diri-</strong></span> 
     </span>
     <span class='ocr_line' id='line_1_12' title="bbox 250 1656 1494 1740; baseline -0.003 -18"><span class='ocrx_word' id='word_1_81' title='bbox 250 1666 378 1723; x_wconf 88' lang='lat' dir='ltr'><strong>merent</strong></span> <span class='ocrx_word' id='word_1_82' title='bbox 394 1657 544 1720; x_wconf 85' lang='lat' dir='ltr'><strong>comitia:</strong></span> <span class='ocrx_word' id='word_1_83' title='bbox 565 1657 678 1719; x_wconf 85' lang='lat' dir='ltr'><strong>Livius</strong></span> <span class='ocrx_word' id='word_1_84' title='bbox 694 1657 763 1718; x_wconf 85' lang='lat' dir='ltr'><strong>XL.</strong></span> <span class='ocrx_word' id='word_1_85' title='bbox 778 1656 829 1720; x_wconf 77' lang='lat'><strong>42.</strong></span> <span class='ocrx_word' id='word_1_86' title='bbox 844 1657 946 1720; x_wconf 91' lang='lat' dir='ltr'><strong>modo</strong></span> <span class='ocrx_word' id='word_1_87' title='bbox 968 1658 1010 1721; x_wconf 88' lang='lat' dir='ltr'><strong>ab</strong></span> <span class='ocrx_word' id='word_1_88' title='bbox 1025 1657 1098 1740; x_wconf 87' lang='lat' dir='ltr'><strong>ipso</strong></span> <span class='ocrx_word' id='word_1_89' title='bbox 1120 1657 1335 1738; x_wconf 87' lang='lat' dir='ltr'><strong>adcusatore,</strong></span> <span class='ocrx_word' id='word_1_90' title='bbox 1358 1665 1396 1720; x_wconf 92' lang='lat' dir='ltr'><strong>ut</strong></span> <span class='ocrx_word' id='word_1_91' title='bbox 1416 1657 1494 1720; x_wconf 88' lang='lat' dir='ltr'><strong>diem</strong></span> 
     </span>
     <span class='ocr_line' id='line_1_13' title="bbox 248 1762 1495 1851; baseline -0.003 -21"><span class='ocrx_word' id='word_1_92' title='bbox 248 1765 450 1851; x_wconf 86' lang='lat' dir='ltr'><strong>produceret</strong></span> <span class='ocrx_word' id='word_1_93' title='bbox 470 1764 672 1848; x_wconf 88' lang='lat' dir='ltr'><strong>inceptoque</strong></span> <span class='ocrx_word' id='word_1_94' title='bbox 701 1763 893 1846; x_wconf 86' lang='lat' dir='ltr'><strong>desisteret,</strong></span> <span class='ocrx_word' id='word_1_95' title='bbox 922 1765 1164 1848; x_wconf 86' lang='lat' dir='ltr'><strong>impetrabant:</strong></span> <span class='ocrx_word' id='word_1_96' title='bbox 1186 1762 1260 1827; x_wconf 89' lang='lat' dir='ltr'><strong>Car.</strong></span> <span class='ocrx_word' id='word_1_97' title='bbox 1281 1764 1438 1849; x_wconf 81' lang='lat' dir='ltr'><strong>Sigonius</strong></span> <span class='ocrx_word' id='word_1_98' title='bbox 1459 1765 1495 1827; x_wconf 95' lang='lat' dir='ltr'><strong>de</strong></span> 
     </span>
     <span class='ocr_line' id='line_1_14' title="bbox 250 1870 1497 1957; baseline -0.002 -21"><span class='ocrx_word' id='word_1_99' title='bbox 250 1875 379 1936; x_wconf 69' lang='lat' dir='ltr'><strong>neuun</strong></span> <span class='ocrx_word' id='word_1_100' title='bbox 395 1873 453 1934; x_wconf 92' lang='lat' dir='ltr'><em>III.</em></span> <span class='ocrx_word' id='word_1_101' title='bbox 468 1870 518 1934; x_wconf 87' lang='grc'><strong>13.</strong></span> <span class='ocrx_word' id='word_1_102' title='bbox 529 1892 563 1952; x_wconf 83' lang='lat' dir='ltr'><strong>p.</strong></span> <span class='ocrx_word' id='word_1_103' title='bbox 578 1870 650 1932; x_wconf 83' lang='lat'><strong>709.</strong></span> <span class='ocrx_word' id='word_1_104' title='bbox 672 1871 708 1947; x_wconf 86' lang='lat' dir='ltr'><strong>Si</strong></span> <span class='ocrx_word' id='word_1_105' title='bbox 733 1872 817 1935; x_wconf 90' lang='lat' dir='ltr'><strong>nihil</strong></span> <span class='ocrx_word' id='word_1_106' title='bbox 838 1872 953 1936; x_wconf 87' lang='lat' dir='ltr'><strong>horum</strong></span> <span class='ocrx_word' id='word_1_107' title='bbox 975 1872 1191 1957; x_wconf 85' lang='lat' dir='ltr'><strong>procederet:</strong></span> <span class='ocrx_word' id='word_1_108' title='bbox 1212 1871 1319 1934; x_wconf 91' lang='lat' dir='ltr'><strong>solum</strong></span> <span class='ocrx_word' id='word_1_109' title='bbox 1341 1872 1497 1956; x_wconf 89' lang='lat' dir='ltr'><strong>reliquum</strong></span> 
     </span>
     <span class='ocr_line' id='line_1_15' title="bbox 252 1976 1500 2064; baseline -0.003 -20"><span class='ocrx_word' id='word_1_110' title='bbox 252 1988 322 2044; x_wconf 86' lang='lat' dir='ltr'><strong>erat</strong></span> <span class='ocrx_word' id='word_1_111' title='bbox 337 1978 499 2064; x_wconf 89' lang='lat' dir='ltr'><strong>populare</strong></span> <span class='ocrx_word' id='word_1_112' title='bbox 511 1976 679 2041; x_wconf 90' lang='lat' dir='ltr'><strong>auxilium.</strong></span> <span class='ocrx_word' id='word_1_113' title='bbox 695 1979 785 2040; x_wconf 91' lang='lat' dir='ltr'><strong>Hinc</strong></span> <span class='ocrx_word' id='word_1_114' title='bbox 796 1979 869 2064; x_wconf 88' lang='lat' dir='ltr'><strong>ipso</strong></span> <span class='ocrx_word' id='word_1_115' title='bbox 883 1981 1089 2044; x_wconf 90' lang='lat' dir='ltr'><strong>comitiorum</strong></span> <span class='ocrx_word' id='word_1_116' title='bbox 1105 1979 1160 2042; x_wconf 90' lang='lat' dir='ltr'><strong>die</strong></span> <span class='ocrx_word' id='word_1_117' title='bbox 1171 1976 1334 2042; x_wconf 90' lang='lat' dir='ltr'><strong>sordidati</strong></span> <span class='ocrx_word' id='word_1_118' title='bbox 1350 2001 1386 2042; x_wconf 93' lang='lat' dir='ltr'><strong>ac</strong></span> <span class='ocrx_word' id='word_1_119' title='bbox 1399 1977 1500 2042; x_wconf 90' lang='lat' dir='ltr'><strong>barba</strong></span> 
     </span>
     <span class='ocr_line' id='line_1_16' title="bbox 252 2084 1501 2172; baseline -0.004 -21"><span class='ocrx_word' id='word_1_120' title='bbox 252 2087 441 2172; x_wconf 87' lang='lat' dir='ltr'><strong>capilloque</strong></span> <span class='ocrx_word' id='word_1_121' title='bbox 457 2084 617 2169; x_wconf 88' lang='lat' dir='ltr'><strong>promisso</strong></span> <span class='ocrx_word' id='word_1_122' title='bbox 639 2085 819 2168; x_wconf 87' lang='lat' dir='ltr'><strong>prodibant</strong></span> <span class='ocrx_word' id='word_1_123' title='bbox 835 2108 907 2150; x_wconf 90' lang='lat' dir='ltr'><strong>cum</strong></span> <span class='ocrx_word' id='word_1_124' title='bbox 930 2087 1140 2172; x_wconf 89' lang='lat' dir='ltr'><strong>propinquis,</strong></span> <span class='ocrx_word' id='word_1_125' title='bbox 1163 2084 1360 2164; x_wconf 83' lang='lat' dir='ltr'><strong>clientibus,</strong></span> <span class='ocrx_word' id='word_1_126' title='bbox 1375 2095 1410 2148; x_wconf 89' lang='lat' dir='ltr'><strong>et</strong></span> <span class='ocrx_word' id='word_1_127' title='bbox 1425 2084 1501 2148; x_wconf 87' lang='lat' dir='ltr'><strong>ami·</strong></span> 
     </span>
     <span class='ocr_line' id='line_1_17' title="bbox 252 2191 1499 2278; baseline -0.003 -19"><span class='ocrx_word' id='word_1_128' title='bbox 252 2195 315 2274; x_wconf 89' lang='lat' dir='ltr'><strong>cis,</strong></span> <span class='ocrx_word' id='word_1_129' title='bbox 338 2204 372 2258; x_wconf 87' lang='lat' dir='ltr'><strong>et</strong></span> <span class='ocrx_word' id='word_1_130' title='bbox 393 2191 596 2275; x_wconf 87' lang='lat' dir='ltr'><strong>singulorum</strong></span> <span class='ocrx_word' id='word_1_131' title='bbox 620 2191 739 2256; x_wconf 88' lang='lat' dir='ltr'><strong>civium</strong></span> <span class='ocrx_word' id='word_1_132' title='bbox 761 2193 907 2278; x_wconf 87' lang='lat' dir='ltr'><strong>amplexi</strong></span> <span class='ocrx_word' id='word_1_133' title='bbox 928 2215 1054 2278; x_wconf 90' lang='lat' dir='ltr'><strong>genua,</strong></span> <span class='ocrx_word' id='word_1_134' title='bbox 1075 2192 1226 2278; x_wconf 89' lang='lat' dir='ltr'><strong>rogando</strong></span> <span class='ocrx_word' id='word_1_135' title='bbox 1247 2194 1499 2278; x_wconf 82' lang='lat' dir='ltr'><strong>prensandoque</strong></span> 
     </span>
     <span class='ocr_line' id='line_1_18' title="bbox 251 2297 1501 2386; baseline -0.003 -20"><span class='ocrx_word' id='word_1_136' title='bbox 251 2302 450 2382; x_wconf 89' lang='lat' dir='ltr'><strong>afficiebant,</strong></span> <span class='ocrx_word' id='word_1_137' title='bbox 466 2307 501 2363; x_wconf 90' lang='lat' dir='ltr'><strong>ut</strong></span> <span class='ocrx_word' id='word_1_138' title='bbox 512 2297 686 2363; x_wconf 89' lang='lat' dir='ltr'><strong>absolvere</strong></span> <span class='ocrx_word' id='word_1_139' title='bbox 702 2322 736 2364; x_wconf 90' lang='lat' dir='ltr'><strong>se</strong></span> <span class='ocrx_word' id='word_1_140' title='bbox 749 2323 808 2364; x_wconf 93' lang='lat' dir='ltr'><strong>suo</strong></span> <span class='ocrx_word' id='word_1_141' title='bbox 820 2301 974 2386; x_wconf 82' lang='lat' dir='ltr'><strong>suffragio</strong></span> <span class='ocrx_word' id='word_1_142' title='bbox 991 2300 1216 2385; x_wconf 80' lang='lat' dir='ltr'><strong>dignarentur.</strong></span> <span class='ocrx_word' id='word_1_143' title='bbox 1226 2300 1323 2364; x_wconf 87' lang='lat' dir='ltr'><strong>Idem</strong></span> <span class='ocrx_word' id='word_1_144' title='bbox 1338 2301 1501 2364; x_wconf 83' lang='lat' dir='ltr'><strong>faciebant</strong></span> 
     </span>
     <span class='ocr_line' id='line_1_19' title="bbox 251 2405 1500 2494; baseline -0.003 -20"><span class='ocrx_word' id='word_1_145' title='bbox 251 2408 400 2494; x_wconf 85' lang='lat' dir='ltr'><strong>cognati,</strong></span> <span class='ocrx_word' id='word_1_146' title='bbox 415 2407 528 2486; x_wconf 88' lang='lat' dir='ltr'><strong>amici,</strong></span> <span class='ocrx_word' id='word_1_147' title='bbox 551 2407 704 2470; x_wconf 89' lang='lat' dir='ltr'><strong>clientes:</strong></span> <span class='ocrx_word' id='word_1_148' title='bbox 726 2407 840 2472; x_wconf 89' lang='lat' dir='ltr'><strong>Livius</strong></span> <span class='ocrx_word' id='word_1_149' title='bbox 860 2411 911 2472; x_wconf 88' lang='lat' dir='ltr'><strong>VI.</strong></span> <span class='ocrx_word' id='word_1_150' title='bbox 928 2409 980 2472; x_wconf 82' lang='lat'><strong>20.</strong></span> <span class='ocrx_word' id='word_1_151' title='bbox 995 2405 1116 2470; x_wconf 82' lang='lat' dir='ltr'><em>XLIII.</em></span> <span class='ocrx_word' id='word_1_152' title='bbox 1130 2408 1180 2470; x_wconf 92' lang='grc'><strong>16.</strong></span> <span class='ocrx_word' id='word_1_153' title='bbox 1199 2407 1331 2492; x_wconf 86' lang='lat' dir='ltr'><strong>Appius</strong></span> <span class='ocrx_word' id='word_1_154' title='bbox 1349 2409 1500 2474; x_wconf 86' lang='lat' dir='ltr'><strong>Claudius</strong></span> 
     </span>
     <span class='ocr_line' id='line_1_20' title="bbox 252 2513 1276 2600; baseline -0.004 -18"><span class='ocrx_word' id='word_1_155' title='bbox 252 2525 374 2600; x_wconf 88' lang='lat' dir='ltr'><strong>tumen,</strong></span> <span class='ocrx_word' id='word_1_156' title='bbox 390 2524 426 2579; x_wconf 92' lang='lat' dir='ltr'><strong>ut</strong></span> <span class='ocrx_word' id='word_1_157' title='bbox 440 2514 475 2579; x_wconf 90' lang='lat' dir='ltr'><strong>id</strong></span> <span class='ocrx_word' id='word_1_158' title='bbox 494 2513 630 2596; x_wconf 82' lang='lat' dir='ltr'><strong>faceret,</strong></span> <span class='ocrx_word' id='word_1_159' title='bbox 653 2515 773 2580; x_wconf 88' lang='lat' dir='ltr'><strong>adduci</strong></span> <span class='ocrx_word' id='word_1_160' title='bbox 794 2536 861 2581; x_wconf 90' lang='lat' dir='ltr'><strong>nou</strong></span> <span class='ocrx_word' id='word_1_161' title='bbox 877 2516 1002 2600; x_wconf 81' lang='lat' dir='ltr'><strong>potuit:</strong></span> <span class='ocrx_word' id='word_1_162' title='bbox 1023 2515 1137 2580; x_wconf 87' lang='lat' dir='ltr'><strong>Livius</strong></span> <span class='ocrx_word' id='word_1_163' title='bbox 1152 2517 1212 2578; x_wconf 90' lang='lat' dir='ltr'><em>III.</em></span> <span class='ocrx_word' id='word_1_164' title='bbox 1223 2515 1276 2578; x_wconf 89' lang='lat'><strong>61.</strong></span> 
     </span>
    </p>
   </div>
   <div class='ocr_carea' id='block_1_3' title="bbox 248 2665 1540 4252">
    <p class='ocr_par' dir='ltr' id='par_1_4' title="bbox 667 2665 1088 2852">
     <span class='ocr_line' id='line_1_21' title="bbox 828 2665 930 2748; baseline 0.01 -21"><span class='ocrx_word' id='word_1_165' title='bbox 828 2667 859 2748; x_wconf 71' lang='lat'><strong>§-</strong></span> <span class='ocrx_word' id='word_1_166' title='bbox 878 2665 930 2728; x_wconf 88' lang='lat'><strong>44.</strong></span> 
     </span>
     <span class='ocr_line' id='line_1_22' title="bbox 667 2779 1088 2852; baseline 0.007 -20"><span class='ocrx_word' id='word_1_167' title='bbox 667 2779 771 2849; x_wconf 84' lang='lat' dir='ltr'><strong>Populi</strong></span> <span class='ocrx_word' id='word_1_168' title='bbox 787 2782 830 2834; x_wconf 81' lang='lat' dir='ltr'><strong>uel</strong></span> <span class='ocrx_word' id='word_1_169' title='bbox 841 2779 930 2851; x_wconf 78' lang='lat' dir='ltr'><strong>plebis</strong></span> <span class='ocrx_word' id='word_1_170' title='bbox 945 2781 1088 2852; x_wconf 66' lang='lat' dir='ltr'><strong>suffragio.</strong></span> 
     </span>
    </p>

    <p class='ocr_par' dir='ltr' id='par_1_5' title="bbox 248 2877 1540 4252">
     <span class='ocr_line' id='line_1_23' title="bbox 333 2877 1501 2967; baseline 0 -25"><span class='ocrx_word' id='word_1_171' title='bbox 333 2877 528 2962; x_wconf 84' lang='lat' dir='ltr'><strong>Adpetente</strong></span> <span class='ocrx_word' id='word_1_172' title='bbox 548 2877 622 2962; x_wconf 88' lang='lat' dir='ltr'><strong>ipso</strong></span> <span class='ocrx_word' id='word_1_173' title='bbox 646 2881 851 2947; x_wconf 88' lang='lat' dir='ltr'><strong>comitiorum</strong></span> <span class='ocrx_word' id='word_1_174' title='bbox 877 2883 949 2963; x_wconf 91' lang='lat' dir='ltr'><strong>die,</strong></span> <span class='ocrx_word' id='word_1_175' title='bbox 972 2882 1030 2946; x_wconf 92' lang='lat' dir='ltr'><strong>ubi</strong></span> <span class='ocrx_word' id='word_1_176' title='bbox 1052 2881 1106 2946; x_wconf 89' lang='lat' dir='ltr'><strong>vel</strong></span> <span class='ocrx_word' id='word_1_177' title='bbox 1127 2881 1270 2967; x_wconf 91' lang='lat' dir='ltr'><strong>populus</strong></span> <span class='ocrx_word' id='word_1_178' title='bbox 1294 2882 1330 2945; x_wconf 92' lang='lat' dir='ltr'><strong>in</strong></span> <span class='ocrx_word' id='word_1_179' title='bbox 1356 2902 1501 2965; x_wconf 90' lang='lat' dir='ltr'><strong>campum</strong></span> 
     </span>
     <span class='ocr_line' id='line_1_24' title="bbox 248 2984 1501 3075; baseline 0 -25"><span class='ocrx_word' id='word_1_180' title='bbox 248 2986 419 3067; x_wconf 88' lang='lat' dir='ltr'><strong>Martium,</strong></span> <span class='ocrx_word' id='word_1_181' title='bbox 434 2985 490 3049; x_wconf 89' lang='lat' dir='ltr'><strong>vel</strong></span> <span class='ocrx_word' id='word_1_182' title='bbox 511 2984 607 3069; x_wconf 88' lang='lat' dir='ltr'><strong>plebs</strong></span> <span class='ocrx_word' id='word_1_183' title='bbox 621 2988 655 3050; x_wconf 88' lang='lat' dir='ltr'><strong>in</strong></span> <span class='ocrx_word' id='word_1_184' title='bbox 671 2991 839 3054; x_wconf 89' lang='lat' dir='ltr'><strong>comitium</strong></span> <span class='ocrx_word' id='word_1_185' title='bbox 859 2990 1079 3070; x_wconf 86' lang='lat' dir='ltr'><strong>confluxerat,</strong></span> <span class='ocrx_word' id='word_1_186' title='bbox 1101 2990 1320 3075; x_wconf 86' lang='lat' dir='ltr'><strong>magistratus,</strong></span> <span class='ocrx_word' id='word_1_187' title='bbox 1345 2994 1404 3074; x_wconf 94' lang='lat' dir='ltr'><strong>qui</strong></span> <span class='ocrx_word' id='word_1_188' title='bbox 1420 2990 1501 3052; x_wconf 92' lang='lat' dir='ltr'><strong>diem</strong></span> 
     </span>
     <span class='ocr_line' id='line_1_25' title="bbox 251 3093 1540 3181; baseline 0.002 -25"><span class='ocrx_word' id='word_1_189' title='bbox 251 3093 392 3176; x_wconf 86' lang='lat' dir='ltr'><strong>dixerat,</strong></span> <span class='ocrx_word' id='word_1_190' title='bbox 409 3093 518 3156; x_wconf 91' lang='lat' dir='ltr'><strong>denuo</strong></span> <span class='ocrx_word' id='word_1_191' title='bbox 534 3115 623 3158; x_wconf 92' lang='lat' dir='ltr'><strong>reum</strong></span> <span class='ocrx_word' id='word_1_192' title='bbox 640 3118 701 3180; x_wconf 88' lang='lat' dir='ltr'><strong>per</strong></span> <span class='ocrx_word' id='word_1_193' title='bbox 717 3119 914 3180; x_wconf 89' lang='lat' dir='ltr'><strong>praeconem</strong></span> <span class='ocrx_word' id='word_1_194' title='bbox 930 3100 1102 3163; x_wconf 88' lang='lat' dir='ltr'><strong>evocabat.</strong></span> <span class='ocrx_word' id='word_1_195' title='bbox 1123 3097 1307 3161; x_wconf 82' lang='lat' dir='ltr'><strong>Tacentem</strong></span> <span class='ocrx_word' id='word_1_196' title='bbox 1324 3106 1362 3160; x_wconf 89' lang='lat' dir='ltr'><strong>et</strong></span> <span class='ocrx_word' id='word_1_197' title='bbox 1374 3097 1500 3181; x_wconf 90' lang='lat' dir='ltr'><strong>judicio</strong></span> <span class='ocrx_word' id='word_1_198' title='bbox 1539 3137 1540 3140; x_wconf 56' lang='lat'><em>=</em></span> 
     </span>
     <span class='ocr_line' id='line_1_26' title="bbox 251 3201 1501 3286; baseline 0.002 -22"><span class='ocrx_word' id='word_1_199' title='bbox 251 3221 286 3264; x_wconf 90' lang='lat' dir='ltr'><strong>se</strong></span> <span class='ocrx_word' id='word_1_200' title='bbox 309 3201 554 3266; x_wconf 86' lang='lat' dir='ltr'><strong>subtrahentem</strong></span> <span class='ocrx_word' id='word_1_201' title='bbox 583 3223 643 3286; x_wconf 92' lang='lat' dir='ltr'><strong>per</strong></span> <span class='ocrx_word' id='word_1_202' title='bbox 665 3206 863 3270; x_wconf 88' lang='lat' dir='ltr'><strong>cornicinem</strong></span> <span class='ocrx_word' id='word_1_203' title='bbox 890 3215 967 3270; x_wconf 86' lang='lat' dir='ltr'><strong>ante</strong></span> <span class='ocrx_word' id='word_1_204' title='bbox 994 3204 1112 3286; x_wconf 89' lang='lat' dir='ltr'><strong>aedes,</strong></span> <span class='ocrx_word' id='word_1_205' title='bbox 1142 3207 1233 3268; x_wconf 92' lang='lat' dir='ltr'><strong>etin</strong></span> <span class='ocrx_word' id='word_1_206' title='bbox 1257 3225 1334 3269; x_wconf 81' lang='lat' dir='ltr'><strong>arce</strong></span> <span class='ocrx_word' id='word_1_207' title='bbox 1366 3205 1501 3270; x_wconf 84' lang='lat' dir='ltr'><strong>citabat:</strong></span> 
     </span>
     <span class='ocr_line' id='line_1_27' title="bbox 250 3308 1498 3398; baseline -0.002 -24"><span class='ocrx_word' id='word_1_208' title='bbox 250 3308 359 3374; x_wconf 90' lang='lat' dir='ltr'><strong>Varro</strong></span> <span class='ocrx_word' id='word_1_209' title='bbox 375 3309 414 3372; x_wconf 87' lang='lat' dir='ltr'><strong>de</strong></span> <span class='ocrx_word' id='word_1_210' title='bbox 434 3312 545 3392; x_wconf 70' lang='lat' dir='ltr'><strong>lengun</strong></span> <span class='ocrx_word' id='word_1_211' title='bbox 560 3312 660 3373; x_wconf 77' lang='lat' dir='ltr'><strong>latiae</strong></span> <span class='ocrx_word' id='word_1_212' title='bbox 683 3312 717 3372; x_wconf 86' lang='lat' dir='ltr'><strong>V.</strong></span> <span class='ocrx_word' id='word_1_213' title='bbox 741 3310 818 3398; x_wconf 78' lang='lat' dir='ltr'><strong>[*p.</strong></span> <span class='ocrx_word' id='word_1_214' title='bbox 832 3313 884 3376; x_wconf 88' lang='grc'><strong>76.</strong></span> <span class='ocrx_word' id='word_1_215' title='bbox 900 3335 942 3376; x_wconf 86' lang='lat' dir='ltr'><strong>ex</strong></span> <span class='ocrx_word' id='word_1_216' title='bbox 960 3316 1031 3376; x_wconf 85' lang='lat' dir='ltr'><strong>edit.</strong></span> <span class='ocrx_word' id='word_1_217' title='bbox 1047 3310 1189 3396; x_wconf 58' lang='lat' dir='ltr'><strong>namne]</strong></span> <span class='ocrx_word' id='word_1_218' title='bbox 1212 3311 1419 3397; x_wconf 82' lang='lat' dir='ltr'><strong>Quamquam</strong></span> <span class='ocrx_word' id='word_1_219' title='bbox 1439 3308 1498 3372; x_wconf 91' lang='lat' dir='ltr'><strong>ille</strong></span> 
     </span>
     <span class='ocr_line' id='line_1_28' title="bbox 250 3415 1501 3504; baseline -0.002 -24"><span class='ocrx_word' id='word_1_220' title='bbox 250 3415 411 3480; x_wconf 90' lang='lat' dir='ltr'><strong>Varronis</strong></span> <span class='ocrx_word' id='word_1_221' title='bbox 427 3415 521 3480; x_wconf 91' lang='lat' dir='ltr'><strong>locus</strong></span> <span class='ocrx_word' id='word_1_222' title='bbox 536 3418 639 3502; x_wconf 90' lang='lat' dir='ltr'><strong>magis</strong></span> <span class='ocrx_word' id='word_1_223' title='bbox 654 3419 696 3482; x_wconf 92' lang='lat' dir='ltr'><strong>ad</strong></span> <span class='ocrx_word' id='word_1_224' title='bbox 712 3440 818 3484; x_wconf 89' lang='lat' dir='ltr'><strong>mores</strong></span> <span class='ocrx_word' id='word_1_225' title='bbox 835 3419 1059 3484; x_wconf 89' lang='lat' dir='ltr'><strong>Romanorum</strong></span> <span class='ocrx_word' id='word_1_226' title='bbox 1076 3419 1331 3504; x_wconf 86' lang='lat' dir='ltr'><strong>antiquissimos,</strong></span> <span class='ocrx_word' id='word_1_227' title='bbox 1348 3439 1446 3504; x_wconf 89' lang='lat' dir='ltr'><strong>quam</strong></span> <span class='ocrx_word' id='word_1_228' title='bbox 1461 3415 1501 3480; x_wconf 91' lang='lat' dir='ltr'><strong>ad</strong></span> 
     </span>
     <span class='ocr_line' id='line_1_29' title="bbox 250 3521 1502 3610; baseline 0.001 -25"><span class='ocrx_word' id='word_1_229' title='bbox 250 3521 460 3588; x_wconf 84' lang='lat' dir='ltr'><strong>Varroniano</strong></span> <span class='ocrx_word' id='word_1_230' title='bbox 479 3532 628 3610; x_wconf 89' lang='lat' dir='ltr'><strong>tempora</strong></span> <span class='ocrx_word' id='word_1_231' title='bbox 639 3526 809 3609; x_wconf 90' lang='lat' dir='ltr'><strong>pertinere</strong></span> <span class='ocrx_word' id='word_1_232' title='bbox 824 3527 964 3592; x_wconf 89' lang='lat' dir='ltr'><strong>videtur.</strong></span> <span class='ocrx_word' id='word_1_233' title='bbox 980 3527 1047 3592; x_wconf 92' lang='lat' dir='ltr'><strong>Ubi</strong></span> <span class='ocrx_word' id='word_1_234' title='bbox 1064 3547 1105 3590; x_wconf 91' lang='lat' dir='ltr'><strong>ne</strong></span> <span class='ocrx_word' id='word_1_235' title='bbox 1121 3526 1168 3590; x_wconf 89' lang='lat' dir='ltr'><strong>sic</strong></span> <span class='ocrx_word' id='word_1_236' title='bbox 1186 3525 1321 3610; x_wconf 92' lang='lat' dir='ltr'><strong>quidem</strong></span> <span class='ocrx_word' id='word_1_237' title='bbox 1337 3527 1387 3591; x_wconf 91' lang='lat' dir='ltr'><strong>sui</strong></span> <span class='ocrx_word' id='word_1_238' title='bbox 1403 3526 1502 3590; x_wconf 91' lang='lat' dir='ltr'><strong>dabat</strong></span> 
     </span>
     <span class='ocr_line' id='line_1_30' title="bbox 251 3629 1502 3717; baseline 0.002 -26"><span class='ocrx_word' id='word_1_239' title='bbox 251 3629 395 3712; x_wconf 87' lang='lat' dir='ltr'><strong>copiam:</strong></span> <span class='ocrx_word' id='word_1_240' title='bbox 425 3631 531 3694; x_wconf 90' lang='lat' dir='ltr'><strong>statim</strong></span> <span class='ocrx_word' id='word_1_241' title='bbox 561 3632 593 3694; x_wconf 89' lang='lat' dir='ltr'><strong>ei</strong></span> <span class='ocrx_word' id='word_1_242' title='bbox 615 3633 813 3696; x_wconf 89' lang='lat' dir='ltr'><strong>sciscebatur</strong></span> <span class='ocrx_word' id='word_1_243' title='bbox 843 3633 1004 3697; x_wconf 90' lang='lat' dir='ltr'><strong>exsilium.</strong></span> <span class='ocrx_word' id='word_1_244' title='bbox 1034 3632 1232 3717; x_wconf 84' lang='lat' dir='ltr'><strong>Exemplum</strong></span> <span class='ocrx_word' id='word_1_245' title='bbox 1256 3634 1427 3698; x_wconf 89' lang='lat' dir='ltr'><strong>Postumii</strong></span> <span class='ocrx_word' id='word_1_246' title='bbox 1456 3641 1502 3694; x_wconf 87' lang='lat' dir='ltr'><strong>est</strong></span> 
     </span>
     <span class='ocr_line' id='line_1_31' title="bbox 249 3735 1538 3827; baseline 0.002 -27"><span class='ocrx_word' id='word_1_247' title='bbox 249 3737 337 3822; x_wconf 90' lang='lat' dir='ltr'><strong>apud</strong></span> <span class='ocrx_word' id='word_1_248' title='bbox 352 3737 481 3801; x_wconf 92' lang='lat' dir='ltr'><strong>Livium</strong></span> <span class='ocrx_word' id='word_1_249' title='bbox 497 3739 602 3802; x_wconf 87' lang='lat' dir='ltr'><em>XXV.</em></span> <span class='ocrx_word' id='word_1_250' title='bbox 616 3740 646 3802; x_wconf 89' lang='grc'><strong>4.</strong></span> <span class='ocrx_word' id='word_1_251' title='bbox 667 3739 772 3804; x_wconf 82' lang='lat' dir='ltr'><strong>Aliud</strong></span> <span class='ocrx_word' id='word_1_252' title='bbox 792 3741 903 3804; x_wconf 89' lang='lat' dir='ltr'><strong>Fulvii</strong></span> <span class='ocrx_word' id='word_1_253' title='bbox 925 3740 1013 3827; x_wconf 91' lang='lat' dir='ltr'><strong>apud</strong></span> <span class='ocrx_word' id='word_1_254' title='bbox 1039 3741 1189 3804; x_wconf 89' lang='lat' dir='ltr'><strong>eumdem</strong></span> <span class='ocrx_word' id='word_1_255' title='bbox 1205 3741 1275 3802; x_wconf 90' lang='lat' dir='ltr'><strong>XX</strong></span> <span class='ocrx_word' id='word_1_256' title='bbox 1276 3741 1329 3806; x_wconf 87' lang='lat' dir='ltr'><strong>VI.</strong></span> <span class='ocrx_word' id='word_1_257' title='bbox 1345 3739 1377 3804; x_wconf 58' lang='lat' dir='ltr'>a</span> <span class='ocrx_word' id='word_1_258' title='bbox 1399 3741 1502 3804; x_wconf 88' lang='lat' dir='ltr'><strong>Prae·</strong></span> <span class='ocrx_word' id='word_1_259' title='bbox 1537 3735 1538 3773; x_wconf 46' lang='lat' dir='ltr'><strong>i</strong></span> 
     </span>
     <span class='ocr_line' id='line_1_32' title="bbox 251 3846 1501 3933; baseline 0.001 -24"><span class='ocrx_word' id='word_1_260' title='bbox 251 3852 344 3910; x_wconf 87' lang='lat' dir='ltr'><strong>sente</strong></span> <span class='ocrx_word' id='word_1_261' title='bbox 359 3866 439 3908; x_wconf 88' lang='lat' dir='ltr'><strong>vero</strong></span> <span class='ocrx_word' id='word_1_262' title='bbox 459 3865 537 3926; x_wconf 91' lang='lat' dir='ltr'><strong>reo,</strong></span> <span class='ocrx_word' id='word_1_263' title='bbox 553 3847 759 3930; x_wconf 88' lang='lat' dir='ltr'><strong>magistratus</strong></span> <span class='ocrx_word' id='word_1_264' title='bbox 781 3847 938 3933; x_wconf 91' lang='lat' dir='ltr'><strong>populum</strong></span> <span class='ocrx_word' id='word_1_265' title='bbox 963 3846 1017 3911; x_wconf 92' lang='lat' dir='ltr'><strong>vel</strong></span> <span class='ocrx_word' id='word_1_266' title='bbox 1039 3848 1172 3933; x_wconf 91' lang='lat' dir='ltr'><strong>plebem</strong></span> <span class='ocrx_word' id='word_1_267' title='bbox 1196 3848 1231 3910; x_wconf 92' lang='lat' dir='ltr'><strong>in</strong></span> <span class='ocrx_word' id='word_1_268' title='bbox 1253 3849 1426 3912; x_wconf 88' lang='lat' dir='ltr'><strong>centurias</strong></span> <span class='ocrx_word' id='word_1_269' title='bbox 1448 3847 1501 3910; x_wconf 86' lang='lat' dir='ltr'><strong>tri-</strong></span> 
     </span>
     <span class='ocr_line' id='line_1_33' title="bbox 253 3949 1537 4040; baseline -0.001 -24"><span class='ocrx_word' id='word_1_270' title='bbox 253 3950 353 4016; x_wconf 89' lang='lat' dir='ltr'><strong>busve</strong></span> <span class='ocrx_word' id='word_1_271' title='bbox 376 3951 564 4037; x_wconf 90' lang='lat' dir='ltr'><strong>discedere,</strong></span> <span class='ocrx_word' id='word_1_272' title='bbox 575 3965 609 4018; x_wconf 91' lang='lat' dir='ltr'><strong>et</strong></span> <span class='ocrx_word' id='word_1_273' title='bbox 625 3977 685 4036; x_wconf 88' lang='lat' dir='ltr'><strong>per</strong></span> <span class='ocrx_word' id='word_1_274' title='bbox 707 3957 844 4020; x_wconf 88' lang='lat' dir='ltr'><strong>scribam</strong></span> <span class='ocrx_word' id='word_1_275' title='bbox 866 3956 1001 4018; x_wconf 90' lang='lat' dir='ltr'><strong>recitari</strong></span> <span class='ocrx_word' id='word_1_276' title='bbox 1015 3956 1115 4040; x_wconf 87' lang='lat' dir='ltr'><strong>jussit</strong></span> <span class='ocrx_word' id='word_1_277' title='bbox 1129 3971 1365 4032; x_wconf 74' lang='lat' dir='ltr'><strong>noonrtouuu,</strong></span> <span class='ocrx_word' id='word_1_278' title='bbox 1381 3955 1502 4020; x_wconf 89' lang='lat' dir='ltr'><strong>veluti:</strong></span> <span class='ocrx_word' id='word_1_279' title='bbox 1536 3949 1537 3956; x_wconf 60' lang='lat'><em>&#39;</em></span> 
     </span>
     <span class='ocr_line' id='line_1_34' title="bbox 251 4042 1502 4144; baseline 0.002 -24"><span class='ocrx_word' id='word_1_280' title='bbox 251 4074 338 4120; x_wconf 80' lang='lat' dir='ltr'><strong>nouo</strong></span> <span class='ocrx_word' id='word_1_281' title='bbox 359 4075 432 4140; x_wconf 87' lang='lat' dir='ltr'><strong>vos,</strong></span> <span class='ocrx_word' id='word_1_282' title='bbox 453 4042 595 4142; x_wconf 68' lang='lat' dir='ltr'><strong>ventris,</strong></span> <span class='ocrx_word' id='word_1_283' title='bbox 613 4077 782 4144; x_wconf 74' lang='lat' dir='ltr'><strong>suessula,</strong></span> <span class='ocrx_word' id='word_1_284' title='bbox 803 4080 848 4126; x_wconf 77' lang='lat' dir='ltr'><strong>ur</strong></span> <span class='ocrx_word' id='word_1_285' title='bbox 870 4080 905 4124; x_wconf 84' lang='grc' dir='ltr'><strong>Μ.</strong></span> <span class='ocrx_word' id='word_1_286' title='bbox 927 4079 1053 4126; x_wconf 68' lang='lat' dir='ltr'><strong>rutero</strong></span> <span class='ocrx_word' id='word_1_287' title='bbox 1073 4079 1166 4138; x_wconf 78' lang='lat' dir='ltr'><strong>AQUA</strong></span> <span class='ocrx_word' id='word_1_288' title='bbox 1185 4081 1228 4126; x_wconf 80' lang='lat' dir='ltr'><strong>nr</strong></span> <span class='ocrx_word' id='word_1_289' title='bbox 1250 4079 1322 4126; x_wconf 78' lang='lat' dir='ltr'><strong>laur</strong></span> <span class='ocrx_word' id='word_1_290' title='bbox 1344 4079 1502 4124; x_wconf 77' lang='lat' dir='ltr'><strong>turanni-</strong></span> 
     </span>
     <span class='ocr_line' id='line_1_35' title="bbox 252 4179 1536 4252; baseline 0.003 -27"><span class='ocrx_word' id='word_1_291' title='bbox 252 4179 379 4247; x_wconf 81' lang='lat' dir='ltr'><strong>carutt,</strong></span> <span class='ocrx_word' id='word_1_292' title='bbox 402 4182 493 4241; x_wconf 82' lang='lat' dir='ltr'><strong>Quon</strong></span> <span class='ocrx_word' id='word_1_293' title='bbox 519 4183 654 4232; x_wconf 74' lang='lat' dir='ltr'><strong>raason</strong></span> <span class='ocrx_word' id='word_1_294' title='bbox 679 4187 792 4234; x_wconf 82' lang='lat' dir='ltr'><strong>scruu</strong></span> <span class='ocrx_word' id='word_1_295' title='bbox 813 4185 1017 4252; x_wconf 70' lang='lat' dir='ltr'><strong>seruantur,</strong></span> <span class='ocrx_word' id='word_1_296' title='bbox 1039 4185 1201 4246; x_wconf 73' lang='lat' dir='ltr'><strong>Quosque</strong></span> <span class='ocrx_word' id='word_1_297' title='bbox 1222 4185 1317 4234; x_wconf 73' lang='lat' dir='ltr'><strong>cives</strong></span> <span class='ocrx_word' id='word_1_298' title='bbox 1338 4183 1503 4233; x_wconf 67' lang='lat' dir='ltr'><strong>nonaum</strong></span> <span class='ocrx_word' id='word_1_299' title='bbox 1535 4191 1536 4248; x_wconf 59' lang='lat' dir='ltr'><strong>q</strong></span> 
     </span>
    </p>
   </div>
   <div class='ocr_carea' id='block_1_4' title="bbox 251 4373 1502 4622">
    <p class='ocr_par' dir='ltr' id='par_1_6' title="bbox 251 4373 1502 4622">
     <span class='ocr_line' id='line_1_36' title="bbox 317 4373 1502 4465; baseline 0.003 -21"><span class='ocrx_word' id='word_1_300' title='bbox 317 4393 610 4458; x_wconf 81' lang='lat' dir='ltr'><strong>k)&#39;1&#39;ributacomitia</strong></span> <span class='ocrx_word' id='word_1_301' title='bbox 633 4397 687 4462; x_wconf 86' lang='lat' dir='ltr'><strong>ipsi</strong></span> <span class='ocrx_word' id='word_1_302' title='bbox 709 4395 863 4450; x_wconf 85' lang='lat' dir='ltr'><strong>indicebant</strong></span> <span class='ocrx_word' id='word_1_303' title='bbox 887 4395 1001 4450; x_wconf 76' lang='lat' dir='ltr'><strong>Tribuni</strong></span> <span class='ocrx_word' id='word_1_304' title='bbox 1020 4397 1122 4463; x_wconf 88' lang='lat' dir='ltr'><strong>plebis:</strong></span> <span class='ocrx_word' id='word_1_305' title='bbox 1146 4397 1299 4450; x_wconf 80' lang='lat' dir='ltr'><strong>centuriata</strong></span> <span class='ocrx_word' id='word_1_306' title='bbox 1320 4373 1502 4465; x_wconf 76' lang='lat' dir='ltr'><strong>magistratus</strong></span> 
     </span>
     <span class='ocr_line' id='line_1_37' title="bbox 251 4475 1502 4549; baseline 0.006 -25"><span class='ocrx_word' id='word_1_307' title='bbox 251 4475 372 4540; x_wconf 80' lang='lat' dir='ltr'><strong>majores.</strong></span> <span class='ocrx_word' id='word_1_308' title='bbox 390 4476 421 4528; x_wconf 83' lang='lat' dir='ltr'><strong>Si</strong></span> <span class='ocrx_word' id='word_1_309' title='bbox 438 4493 503 4544; x_wconf 80' lang='lat' dir='ltr'><strong>ergo</strong></span> <span class='ocrx_word' id='word_1_310' title='bbox 521 4478 636 4532; x_wconf 75' lang='lat' dir='ltr'><strong>Tribuni</strong></span> <span class='ocrx_word' id='word_1_311' title='bbox 653 4480 740 4546; x_wconf 86' lang='lat' dir='ltr'><strong>piebis</strong></span> <span class='ocrx_word' id='word_1_312' title='bbox 763 4483 852 4548; x_wconf 85' lang='lat' dir='ltr'><strong>capite</strong></span> <span class='ocrx_word' id='word_1_313' title='bbox 869 4481 1059 4549; x_wconf 85' lang='lat' dir='ltr'><strong>anquirerent,</strong></span> <span class='ocrx_word' id='word_1_314' title='bbox 1081 4482 1232 4536; x_wconf 83' lang='lat' dir='ltr'><strong>centuriata</strong></span> <span class='ocrx_word' id='word_1_315' title='bbox 1249 4479 1364 4536; x_wconf 78' lang='lat' dir='ltr'><strong>comitia</strong></span> <span class='ocrx_word' id='word_1_316' title='bbox 1382 4499 1401 4535; x_wconf 80' lang='lat' dir='ltr'><strong>a</strong></span> <span class='ocrx_word' id='word_1_317' title='bbox 1423 4485 1502 4536; x_wconf 70' lang='lat' dir='ltr'><strong>Prae</strong></span> 
     </span>
     <span class='ocr_line' id='line_1_38' title="bbox 251 4557 1092 4622; baseline 0.017 -18"><span class='ocrx_word' id='word_1_318' title='bbox 251 4560 308 4607; x_wconf 91' lang='lat' dir='ltr'><strong>tore</strong></span> <span class='ocrx_word' id='word_1_319' title='bbox 324 4562 460 4622; x_wconf 73' lang='lat' dir='ltr'><strong>postulare</strong></span> <span class='ocrx_word' id='word_1_320' title='bbox 477 4571 688 4620; x_wconf 82' lang='lat' dir='ltr'><strong>consueverant:</strong></span> <span class='ocrx_word' id='word_1_321' title='bbox 706 4565 801 4620; x_wconf 85' lang='lat' dir='ltr'><strong>Livius</strong></span> <span class='ocrx_word' id='word_1_322' title='bbox 822 4557 935 4622; x_wconf 76' lang='lat' dir='ltr'><em>XLIII.</em></span> <span class='ocrx_word' id='word_1_323' title='bbox 954 4570 993 4619; x_wconf 83' lang='lat' dir='ltr'><strong>iti.</strong></span> <span class='ocrx_word' id='word_1_324' title='bbox 1012 4568 1092 4619; x_wconf 82' lang='lat' dir='ltr'><strong>Heia.</strong></span> 
     </span>
    </p>
   </div>
   <div class='ocr_carea' id='block_1_5' title="bbox 0 0 1572 5162">
    <p class='ocr_par' dir='ltr' id='par_1_7' title="bbox 0 0 1572 5162">
     <span class='ocr_line' id='line_1_39' title="bbox 0 0 1572 5162; baseline 0 0"><span class='ocrx_word' id='word_1_325' title='bbox 0 0 1572 5162; x_wconf 95' lang='lat' dir='ltr'><strong> </strong></span> 
     </span>
    </p>
   </div>
  </div>
 </body>
</html>
