<?xml version="1.0" encoding="UTF-8"?>
<!DOCTYPE html PUBLIC "-//W3C//DTD XHTML 1.0 Transitional//EN"
    "http://www.w3.org/TR/xhtml1/DTD/xhtml1-transitional.dtd">
<html xmlns="http://www.w3.org/1999/xhtml" xml:lang="en" lang="en">
 <head>
  <title>
</title>
<meta http-equiv="Content-Type" content="text/html;charset=utf-8" />
  <meta name='ocr-system' content='tesseract 3.04.00' />
  <meta name='ocr-capabilities' content='ocr_page ocr_carea ocr_par ocr_line ocrx_word'/>
</head>
<body>
  <div class='ocr_page' id='page_1' title='image "./jogottliebheine00haubgoog_0207.png"; bbox 0 0 3062 5156; ppageno 0'>
   <div class='ocr_carea' id='block_1_1' title="bbox 196 379 1163 498">
    <p class='ocr_par' dir='ltr' id='par_1_1' title="bbox 196 379 1163 498">
     <span class='ocr_line' id='line_1_1' title="bbox 196 379 1163 498; baseline -0.009 -38"><span class='ocrx_word' id='word_1_1' title='bbox 196 379 1163 498; x_wconf 21' lang='lat' dir='ltr'><strong>m&#39;nmmfflwmn</strong></span> 
     </span>
    </p>
   </div>
   <div class='ocr_carea' id='block_1_2' title="bbox 114 571 1527 1717">
    <p class='ocr_par' dir='ltr' id='par_1_2' title="bbox 114 571 1527 1717">
     <span class='ocr_line' id='line_1_2' title="bbox 195 571 1525 643; baseline -0.007 -15"><span class='ocrx_word' id='word_1_2' title='bbox 195 581 275 628; x_wconf 81' lang='lat' dir='ltr'><strong>ruvn</strong></span> <span class='ocrx_word' id='word_1_3' title='bbox 294 579 407 626; x_wconf 79' lang='lat' dir='ltr'><strong>usuum</strong></span> <span class='ocrx_word' id='word_1_4' title='bbox 421 578 553 643; x_wconf 74' lang='lat' dir='ltr'><strong>esctun,</strong></span> <span class='ocrx_word' id='word_1_5' title='bbox 571 578 617 626; x_wconf 78' lang='lat' dir='ltr'><strong>ux</strong></span> <span class='ocrx_word' id='word_1_6' title='bbox 632 575 675 622; x_wconf 78' lang='lat' dir='ltr'><strong>uA</strong></span> <span class='ocrx_word' id='word_1_7' title='bbox 695 574 836 622; x_wconf 75' lang='lat' dir='ltr'><strong>usurum</strong></span> <span class='ocrx_word' id='word_1_8' title='bbox 854 575 892 622; x_wconf 79' lang='lat' dir='ltr'><strong>nt</strong></span> <span class='ocrx_word' id='word_1_9' title='bbox 909 574 981 622; x_wconf 70' lang='lat' dir='ltr'><strong>nunt</strong></span> <span class='ocrx_word' id='word_1_10' title='bbox 998 573 1167 622; x_wconf 70' lang='lat' dir='ltr'><strong>atumem</strong></span> <span class='ocrx_word' id='word_1_11' title='bbox 1182 571 1337 622; x_wconf 78' lang='lat' dir='ltr'><strong>rnoxluo</strong></span> <span class='ocrx_word' id='word_1_12' title='bbox 1349 573 1456 620; x_wconf 77' lang='lat' dir='ltr'><strong>rucu—</strong></span> <span class='ocrx_word' id='word_1_13' title='bbox 1524 589 1525 592; x_wconf 35' lang='lat'>¹</span> 
     </span>
     <span class='ocr_line' id='line_1_3' title="bbox 196 664 1456 750; baseline -0.006 -14"><span class='ocrx_word' id='word_1_14' title='bbox 196 688 257 738; x_wconf 75' lang='lat' dir='ltr'><strong>rua</strong></span> <span class='ocrx_word' id='word_1_15' title='bbox 278 687 424 734; x_wconf 82' lang='lat' dir='ltr'><strong>nur‘ron:</strong></span> <span class='ocrx_word' id='word_1_16' title='bbox 445 668 600 733; x_wconf 84' lang='lat' dir='ltr'><strong>Gothofr.</strong></span> <span class='ocrx_word' id='word_1_17' title='bbox 616 668 660 729; x_wconf 86' lang='lat' dir='ltr'><strong>ad</strong></span> <span class='ocrx_word' id='word_1_18' title='bbox 680 666 755 727; x_wconf 90' lang='lat' dir='ltr'><em>XII.</em></span> <span class='ocrx_word' id='word_1_19' title='bbox 775 666 867 728; x_wconf 65' lang='lat' dir='ltr'><strong>matt.</strong></span> <span class='ocrx_word' id='word_1_20' title='bbox 887 666 939 726; x_wconf 87' lang='lat' dir='ltr'><strong>VI.</strong></span> <span class='ocrx_word' id='word_1_21' title='bbox 955 665 986 728; x_wconf 72' lang='lat'><strong>2.</strong></span> <span class='ocrx_word' id='word_1_22' title='bbox 1007 667 1052 731; x_wconf 87' lang='lat' dir='ltr'><strong>Et</strong></span> <span class='ocrx_word' id='word_1_23' title='bbox 1070 687 1113 729; x_wconf 86' lang='lat' dir='ltr'><strong>ex</strong></span> <span class='ocrx_word' id='word_1_24' title='bbox 1131 666 1193 729; x_wconf 89' lang='lat' dir='ltr'><strong>hac</strong></span> <span class='ocrx_word' id='word_1_25' title='bbox 1209 665 1344 750; x_wconf 86' lang='lat' dir='ltr'><strong>quidem</strong></span> <span class='ocrx_word' id='word_1_26' title='bbox 1360 664 1456 750; x_wconf 86' lang='lat' dir='ltr'><strong>lege,</strong></span> 
     </span>
     <span class='ocr_line' id='line_1_4' title="bbox 198 772 1458 861; baseline -0.005 -19"><span class='ocrx_word' id='word_1_27' title='bbox 198 779 356 842; x_wconf 81' lang='lat' dir='ltr'><strong>defuncto</strong></span> <span class='ocrx_word' id='word_1_28' title='bbox 371 777 442 840; x_wconf 88' lang='lat' dir='ltr'><strong>sine</strong></span> <span class='ocrx_word' id='word_1_29' title='bbox 458 776 554 861; x_wconf 89' lang='lat' dir='ltr'><strong>prole</strong></span> <span class='ocrx_word' id='word_1_30' title='bbox 569 775 704 852; x_wconf 90' lang='lat' dir='ltr'><strong>liberto,</strong></span> <span class='ocrx_word' id='word_1_31' title='bbox 724 779 879 856; x_wconf 87' lang='lat' dir='ltr'><strong>patronus</strong></span> <span class='ocrx_word' id='word_1_32' title='bbox 894 773 940 853; x_wconf 79' lang='lat' dir='ltr'><strong>f),</strong></span> <span class='ocrx_word' id='word_1_33' title='bbox 955 772 1029 855; x_wconf 76' lang='lat' dir='ltr'><strong>sel,</strong></span> <span class='ocrx_word' id='word_1_34' title='bbox 1046 773 1110 836; x_wconf 90' lang='lat' dir='ltr'><strong>hoc</strong></span> <span class='ocrx_word' id='word_1_35' title='bbox 1123 781 1349 858; x_wconf 87' lang='lat' dir='ltr'><strong>praemortuo,</strong></span> <span class='ocrx_word' id='word_1_36' title='bbox 1365 774 1458 856; x_wconf 86' lang='lat' dir='ltr'><strong>ejus-</strong></span> 
     </span>
     <span class='ocr_line' id='line_1_5' title="bbox 114 877 1457 968; baseline -0.006 -18"><span class='ocrx_word' id='word_1_37' title='bbox 114 881 117 886; x_wconf 65' lang='grc'>’</span> <span class='ocrx_word' id='word_1_38' title='bbox 197 887 274 950; x_wconf 93' lang='lat' dir='ltr'><strong>dem</strong></span> <span class='ocrx_word' id='word_1_39' title='bbox 296 885 395 948; x_wconf 88' lang='lat' dir='ltr'><strong>liberi</strong></span> <span class='ocrx_word' id='word_1_40' title='bbox 415 887 449 948; x_wconf 93' lang='lat' dir='ltr'><strong>in</strong></span> <span class='ocrx_word' id='word_1_41' title='bbox 469 885 578 968; x_wconf 87' lang='lat' dir='ltr'><strong>capita</strong></span> <span class='ocrx_word' id='word_1_42' title='bbox 600 877 823 946; x_wconf 82' lang='lat' dir='ltr'><strong>succedebant</strong></span> <span class='ocrx_word' id='word_1_43' title='bbox 845 882 887 944; x_wconf 92' lang='lat' dir='ltr'><strong>ab</strong></span> <span class='ocrx_word' id='word_1_44' title='bbox 911 880 1088 962; x_wconf 90' lang='lat' dir='ltr'><strong>intestato,</strong></span> <span class='ocrx_word' id='word_1_45' title='bbox 1105 881 1369 965; x_wconf 75' lang='lat' dir='ltr'><strong>remotionesque</strong></span> <span class='ocrx_word' id='word_1_46' title='bbox 1395 901 1457 942; x_wconf 84' lang='lat' dir='ltr'><strong>ex-</strong></span> 
     </span>
     <span class='ocr_line' id='line_1_6' title="bbox 198 985 1457 1071; baseline -0.007 -15"><span class='ocrx_word' id='word_1_47' title='bbox 198 993 395 1056; x_wconf 73' lang='lat' dir='ltr'><strong>cludebantr</strong></span> <span class='ocrx_word' id='word_1_48' title='bbox 418 992 526 1054; x_wconf 56' lang='lat'><strong>1223.</strong></span> <span class='ocrx_word' id='word_1_49' title='bbox 545 992 574 1071; x_wconf 62' lang='grc' dir='ltr'><strong>ἓ.</strong></span> <span class='ocrx_word' id='word_1_50' title='bbox 589 991 618 1051; x_wconf 87' lang='lat'><strong>1.</strong></span> <span class='ocrx_word' id='word_1_51' title='bbox 637 993 679 1051; x_wconf 91' lang='lat' dir='ltr'><strong>D.</strong></span> <span class='ocrx_word' id='word_1_52' title='bbox 697 989 737 1051; x_wconf 82' lang='lat' dir='ltr'><strong>dc</strong></span> <span class='ocrx_word' id='word_1_53' title='bbox 754 994 834 1052; x_wconf 84' lang='lat' dir='ltr'><strong>Bon.</strong></span> <span class='ocrx_word' id='word_1_54' title='bbox 850 989 949 1050; x_wconf 70' lang='lat' dir='ltr'><strong>tutore.</strong></span> <span class='ocrx_word' id='word_1_55' title='bbox 971 985 1105 1071; x_wconf 84' lang='lat' dir='ltr'><strong>Uipian.</strong></span> <span class='ocrx_word' id='word_1_56' title='bbox 1127 991 1259 1071; x_wconf 67' lang='lat' dir='ltr'><strong>Frugm.</strong></span> <span class='ocrx_word' id='word_1_57' title='bbox 1280 988 1408 1050; x_wconf 84' lang='lat' dir='ltr'><em>XXIX.</em></span> <span class='ocrx_word' id='word_1_58' title='bbox 1427 989 1457 1048; x_wconf 93' lang='lat'><strong>1.</strong></span> 
     </span>
     <span class='ocr_line' id='line_1_7' title="bbox 198 1093 1458 1184; baseline -0.006 -22"><span class='ocrx_word' id='word_1_59' title='bbox 198 1099 306 1178; x_wconf 81' lang='lat' dir='ltr'><strong>Quum</strong></span> <span class='ocrx_word' id='word_1_60' title='bbox 330 1121 412 1183; x_wconf 87' lang='lat' dir='ltr'><strong>crgo</strong></span> <span class='ocrx_word' id='word_1_61' title='bbox 431 1093 502 1184; x_wconf 83' lang='lat' dir='ltr'><strong>jam</strong></span> <span class='ocrx_word' id='word_1_62' title='bbox 528 1098 652 1162; x_wconf 93' lang='lat' dir='ltr'><strong>dudum</strong></span> <span class='ocrx_word' id='word_1_63' title='bbox 674 1097 804 1160; x_wconf 90' lang='lat' dir='ltr'><strong>Romae</strong></span> <span class='ocrx_word' id='word_1_64' title='bbox 830 1095 987 1159; x_wconf 87' lang='lat' dir='ltr'><strong>valuisset</strong></span> <span class='ocrx_word' id='word_1_65' title='bbox 1014 1094 1148 1180; x_wconf 73' lang='lat' dir='ltr'><strong>regulas</strong></span> <span class='ocrx_word' id='word_1_66' title='bbox 1175 1097 1458 1157; x_wconf 60' lang='lat' dir='ltr'><strong>autumnatione</strong></span> 
     </span>
     <span class='ocr_line' id='line_1_8' title="bbox 198 1201 1527 1287; baseline -0.008 -16"><span class='ocrx_word' id='word_1_67' title='bbox 198 1211 447 1284; x_wconf 79' lang='lat' dir='ltr'><strong>emolumentum,</strong></span> <span class='ocrx_word' id='word_1_68' title='bbox 461 1208 505 1268; x_wconf 70' lang='lat' dir='ltr'><strong>tta·</strong></span> <span class='ocrx_word' id='word_1_69' title='bbox 519 1215 549 1267; x_wconf 88' lang='lat' dir='ltr'><strong>ct</strong></span> <span class='ocrx_word' id='word_1_70' title='bbox 561 1207 679 1267; x_wconf 75' lang='lat' dir='ltr'><em>tutelae</em></span> <span class='ocrx_word' id='word_1_71' title='bbox 691 1223 773 1266; x_wconf 77' lang='lat' dir='ltr'><strong>onus</strong></span> <span class='ocrx_word' id='word_1_72' title='bbox 789 1223 858 1265; x_wconf 81' lang='lat' dir='ltr'><strong>eece</strong></span> <span class='ocrx_word' id='word_1_73' title='bbox 869 1203 997 1265; x_wconf 82' lang='lat' dir='ltr'><strong>dedere:</strong></span> <span class='ocrx_word' id='word_1_74' title='bbox 1013 1223 1155 1287; x_wconf 90' lang='lat' dir='ltr'><strong>aequum</strong></span> <span class='ocrx_word' id='word_1_75' title='bbox 1166 1203 1270 1266; x_wconf 86' lang='lat' dir='ltr'><strong>visum</strong></span> <span class='ocrx_word' id='word_1_76' title='bbox 1287 1209 1338 1263; x_wconf 86' lang='lat' dir='ltr'><strong>est</strong></span> <span class='ocrx_word' id='word_1_77' title='bbox 1353 1201 1458 1265; x_wconf 84' lang='lat' dir='ltr'><strong>Iure·</strong></span> <span class='ocrx_word' id='word_1_78' title='bbox 1526 1232 1527 1244; x_wconf 64' lang='lat'><strong>.</strong></span> 
     </span>
     <span class='ocr_line' id='line_1_9' title="bbox 197 1309 1457 1395; baseline -0.006 -17"><span class='ocrx_word' id='word_1_79' title='bbox 197 1313 373 1395; x_wconf 86' lang='lat' dir='ltr'><strong>consultis,</strong></span> <span class='ocrx_word' id='word_1_80' title='bbox 399 1323 435 1378; x_wconf 92' lang='lat' dir='ltr'><strong>ut</strong></span> <span class='ocrx_word' id='word_1_81' title='bbox 457 1314 556 1378; x_wconf 88' lang='lat' dir='ltr'><strong>etiam</strong></span> <span class='ocrx_word' id='word_1_82' title='bbox 581 1313 617 1375; x_wconf 94' lang='lat' dir='ltr'><strong>in</strong></span> <span class='ocrx_word' id='word_1_83' title='bbox 638 1309 744 1374; x_wconf 90' lang='lat' dir='ltr'><strong>tutela</strong></span> <span class='ocrx_word' id='word_1_84' title='bbox 766 1315 979 1394; x_wconf 86' lang='lat' dir='ltr'><strong>patronorum</strong></span> <span class='ocrx_word' id='word_1_85' title='bbox 1003 1318 1113 1373; x_wconf 87' lang='lat' dir='ltr'><strong>essent</strong></span> <span class='ocrx_word' id='word_1_86' title='bbox 1137 1310 1250 1374; x_wconf 81' lang='lat' dir='ltr'><strong>liberti</strong></span> <span class='ocrx_word' id='word_1_87' title='bbox 1270 1331 1457 1393; x_wconf 89' lang='lat' dir='ltr'><strong>eorumque</strong></span> 
     </span>
     <span class='ocr_line' id='line_1_10' title="bbox 197 1415 1457 1503; baseline -0.006 -17"><span class='ocrx_word' id='word_1_88' title='bbox 197 1421 361 1486; x_wconf 70' lang='lat' dir='ltr'><strong>liberizh.</strong></span> <span class='ocrx_word' id='word_1_89' title='bbox 374 1420 404 1483; x_wconf 79' lang='lat'><strong>3.</strong></span> <span class='ocrx_word' id='word_1_90' title='bbox 414 1443 467 1503; x_wconf 84' lang='lat' dir='ltr'><strong>pr.</strong></span> <span class='ocrx_word' id='word_1_91' title='bbox 483 1428 517 1484; x_wconf 90' lang='lat' dir='ltr'><strong>et</strong></span> <span class='ocrx_word' id='word_1_92' title='bbox 532 1422 562 1503; x_wconf 83' lang='lat'><strong>§.</strong></span> <span class='ocrx_word' id='word_1_93' title='bbox 579 1419 609 1480; x_wconf 92' lang='lat' dir='ltr'><strong>l.</strong></span> <span class='ocrx_word' id='word_1_94' title='bbox 623 1419 713 1480; x_wconf 72' lang='lat' dir='ltr'><strong>nae</strong></span> <span class='ocrx_word' id='word_1_95' title='bbox 725 1417 828 1499; x_wconf 76' lang='lat' dir='ltr'><strong>Legit.</strong></span> <span class='ocrx_word' id='word_1_96' title='bbox 841 1426 899 1479; x_wconf 82' lang='lat' dir='ltr'><strong>tut.</strong></span> <span class='ocrx_word' id='word_1_97' title='bbox 913 1417 958 1480; x_wconf 86' lang='lat' dir='ltr'><strong>Et</strong></span> <span class='ocrx_word' id='word_1_98' title='bbox 973 1415 1050 1480; x_wconf 89' lang='lat' dir='ltr'><strong>hinc</strong></span> <span class='ocrx_word' id='word_1_99' title='bbox 1064 1426 1143 1481; x_wconf 87' lang='lat' dir='ltr'><strong>nata</strong></span> <span class='ocrx_word' id='word_1_100' title='bbox 1156 1416 1309 1502; x_wconf 82' lang='lat' dir='ltr'><strong>legitima</strong></span> <span class='ocrx_word' id='word_1_101' title='bbox 1323 1432 1457 1480; x_wconf 69' lang='lat' dir='ltr'><strong>aduno-</strong></span> 
     </span>
     <span class='ocr_line' id='line_1_11' title="bbox 197 1525 1458 1610; baseline -0.006 -17"><span class='ocrx_word' id='word_1_102' title='bbox 197 1545 317 1594; x_wconf 76' lang='lat' dir='ltr'><strong>uonmu</strong></span> <span class='ocrx_word' id='word_1_103' title='bbox 334 1544 482 1608; x_wconf 71' lang='lat' dir='ltr'><strong>rurum,</strong></span> <span class='ocrx_word' id='word_1_104' title='bbox 497 1548 594 1610; x_wconf 91' lang='lat' dir='ltr'><strong>quam</strong></span> <span class='ocrx_word' id='word_1_105' title='bbox 608 1546 670 1608; x_wconf 83' lang='lat' dir='ltr'><strong>per</strong></span> <span class='ocrx_word' id='word_1_106' title='bbox 685 1529 935 1606; x_wconf 75' lang='lat' dir='ltr'><strong>consequentiam</strong></span> <span class='ocrx_word' id='word_1_107' title='bbox 949 1545 990 1587; x_wconf 77' lang='lat' dir='ltr'><strong>ea</strong></span> <span class='ocrx_word' id='word_1_108' title='bbox 1007 1527 1077 1608; x_wconf 83' lang='lat' dir='ltr'><strong>lege</strong></span> <span class='ocrx_word' id='word_1_109' title='bbox 1095 1525 1255 1588; x_wconf 74' lang='lat' dir='ltr'><strong>duodecim</strong></span> <span class='ocrx_word' id='word_1_110' title='bbox 1274 1526 1458 1586; x_wconf 81' lang='lat' dir='ltr'><strong>tabularum</strong></span> 
     </span>
     <span class='ocr_line' id='line_1_12' title="bbox 197 1625 1195 1717; baseline -0.001 -19"><span class='ocrx_word' id='word_1_111' title='bbox 197 1637 424 1708; x_wconf 73' lang='lat' dir='ltr'><strong>Introductam,</strong></span> <span class='ocrx_word' id='word_1_112' title='bbox 439 1640 532 1696; x_wconf 85' lang='lat' dir='ltr'><strong>reete</strong></span> <span class='ocrx_word' id='word_1_113' title='bbox 546 1633 594 1696; x_wconf 88' lang='lat' dir='ltr'><strong>ait</strong></span> <span class='ocrx_word' id='word_1_114' title='bbox 609 1633 744 1717; x_wconf 89' lang='lat' dir='ltr'><strong>Ulpian.</strong></span> <span class='ocrx_word' id='word_1_115' title='bbox 758 1635 890 1714; x_wconf 66' lang='lat' dir='ltr'><strong>stugm.</strong></span> <span class='ocrx_word' id='word_1_116' title='bbox 906 1633 965 1695; x_wconf 88' lang='lat' dir='ltr'><em>XI.</em></span> <span class='ocrx_word' id='word_1_117' title='bbox 978 1631 1008 1698; x_wconf 83' lang='lat'><strong>3.</strong></span> <span class='ocrx_word' id='word_1_118' title='bbox 1191 1625 1195 1632; x_wconf 43' lang='lat'><strong>¹</strong></span> 
     </span>
    </p>
   </div>
   <div class='ocr_carea' id='block_1_3' title="bbox 782 1807 863 1890">
    <p class='ocr_par' dir='ltr' id='par_1_3' title="bbox 782 1807 863 1890">
     <span class='ocr_line' id='line_1_13' title="bbox 782 1807 863 1890; baseline -0.062 -17"><span class='ocrx_word' id='word_1_119' title='bbox 782 1807 863 1890; x_wconf 56' lang='grc' dir='ltr'><strong>μ</strong></span> 
     </span>
    </p>
   </div>
   <div class='ocr_carea' id='block_1_4' title="bbox 108 1923 1530 4261">
    <p class='ocr_par' dir='ltr' id='par_1_4' title="bbox 108 1923 1530 4261">
     <span class='ocr_line' id='line_1_14' title="bbox 203 1923 1459 1993; baseline -0.002 -15"><span class='ocrx_word' id='word_1_120' title='bbox 203 1925 255 1978; x_wconf 77' lang='lat' dir='ltr'><strong>Iit.</strong></span> <span class='ocrx_word' id='word_1_121' title='bbox 275 1924 392 1978; x_wconf 87' lang='lat' dir='ltr'><em>XVIII.</em></span> <span class='ocrx_word' id='word_1_122' title='bbox 412 1924 493 1993; x_wconf 57' lang='lat' dir='ltr'><strong>oripo</strong></span> <span class='ocrx_word' id='word_1_123' title='bbox 506 1924 636 1993; x_wconf 76' lang='lat' dir='ltr'><strong>lepitimac</strong></span> <span class='ocrx_word' id='word_1_124' title='bbox 643 1931 787 1993; x_wconf 78' lang='lat' dir='ltr'><strong>parentum</strong></span> <span class='ocrx_word' id='word_1_125' title='bbox 799 1924 905 1986; x_wconf 79' lang='lat' dir='ltr'><strong>tutelae,</strong></span> <span class='ocrx_word' id='word_1_126' title='bbox 927 1924 979 1978; x_wconf 75' lang='lat' dir='ltr'><strong>Iit.</strong></span> <span class='ocrx_word' id='word_1_127' title='bbox 993 1923 1082 1978; x_wconf 84' lang='lat' dir='ltr'><em>XIX.</em></span> <span class='ocrx_word' id='word_1_128' title='bbox 1098 1933 1130 1976; x_wconf 80' lang='lat' dir='ltr'><strong>att</strong></span> <span class='ocrx_word' id='word_1_129' title='bbox 1142 1932 1168 1976; x_wconf 85' lang='lat' dir='ltr'><strong>ct</strong></span> <span class='ocrx_word' id='word_1_130' title='bbox 1179 1924 1275 1976; x_wconf 67' lang='lat' dir='ltr'><strong>aeetae</strong></span> <span class='ocrx_word' id='word_1_131' title='bbox 1283 1925 1459 1993; x_wconf 63' lang='lat' dir='ltr'><strong>fiduciosius.</strong></span> 
     </span>
     <span class='ocr_line' id='line_1_15' title="bbox 283 2023 1459 2112; baseline -0.001 -23"><span class='ocrx_word' id='word_1_132' title='bbox 283 2025 436 2090; x_wconf 83' lang='lat' dir='ltr'>Diximus</span> <span class='ocrx_word' id='word_1_133' title='bbox 458 2046 556 2112; x_wconf 90' lang='lat' dir='ltr'><strong>supra</strong></span> <span class='ocrx_word' id='word_1_134' title='bbox 576 2025 645 2088; x_wconf 89' lang='lat' dir='ltr'><strong>Tit.</strong></span> <span class='ocrx_word' id='word_1_135' title='bbox 667 2023 751 2087; x_wconf 91' lang='lat' dir='ltr'><em>XII.</em></span> <span class='ocrx_word' id='word_1_136' title='bbox 768 2026 797 2106; x_wconf 85' lang='lat'><strong>§.</strong></span> <span class='ocrx_word' id='word_1_137' title='bbox 820 2023 850 2086; x_wconf 90' lang='grc'><strong>9.</strong></span> <span class='ocrx_word' id='word_1_138' title='bbox 868 2033 994 2108; x_wconf 89' lang='lat' dir='ltr'><strong>patrem</strong></span> <span class='ocrx_word' id='word_1_139' title='bbox 1024 2024 1224 2100; x_wconf 84' lang='lat' dir='ltr'>naturalem,</span> <span class='ocrx_word' id='word_1_140' title='bbox 1245 2025 1459 2108; x_wconf 89' lang='lat' dir='ltr'><strong>emancipan-</strong></span> 
     </span>
     <span class='ocr_line' id='line_1_16' title="bbox 200 2131 1459 2215; baseline -0.001 -20"><span class='ocrx_word' id='word_1_141' title='bbox 200 2141 269 2195; x_wconf 90' lang='lat' dir='ltr'><strong>tem</strong></span> <span class='ocrx_word' id='word_1_142' title='bbox 290 2131 431 2215; x_wconf 89' lang='lat' dir='ltr'><strong>liberos,</strong></span> <span class='ocrx_word' id='word_1_143' title='bbox 451 2132 587 2196; x_wconf 90' lang='lat' dir='ltr'><strong>ultimae</strong></span> <span class='ocrx_word' id='word_1_144' title='bbox 614 2131 849 2215; x_wconf 90' lang='lat' dir='ltr'><strong>mancipationi</strong></span> <span class='ocrx_word' id='word_1_145' title='bbox 873 2131 1039 2196; x_wconf 83' lang='lat' dir='ltr'>addidisse</span> <span class='ocrx_word' id='word_1_146' title='bbox 1061 2142 1192 2215; x_wconf 91' lang='lat' dir='ltr'><strong>pactum</strong></span> <span class='ocrx_word' id='word_1_147' title='bbox 1205 2135 1368 2214; x_wconf 72' lang='lat' dir='ltr'><strong>fiduciae:</strong></span> <span class='ocrx_word' id='word_1_148' title='bbox 1390 2150 1459 2196; x_wconf 76' lang='lat' dir='ltr'><strong>Euo</strong></span> 
     </span>
     <span class='ocr_line' id='line_1_17' title="bbox 201 2256 1461 2321; baseline 0 -19"><span class='ocrx_word' id='word_1_149' title='bbox 201 2256 289 2304; x_wconf 79' lang='lat' dir='ltr'><strong>vulto</strong></span> <span class='ocrx_word' id='word_1_150' title='bbox 308 2257 401 2304; x_wconf 76' lang='lat' dir='ltr'><strong>Hunc</strong></span> <span class='ocrx_word' id='word_1_151' title='bbox 419 2257 539 2303; x_wconf 78' lang='lat' dir='ltr'><strong>ramum</strong></span> <span class='ocrx_word' id='word_1_152' title='bbox 551 2257 650 2303; x_wconf 84' lang='lat' dir='ltr'><strong>uuum</strong></span> <span class='ocrx_word' id='word_1_153' title='bbox 670 2258 737 2303; x_wconf 82' lang='lat' dir='ltr'><strong>unu</strong></span> <span class='ocrx_word' id='word_1_154' title='bbox 756 2256 918 2302; x_wconf 75' lang='lat' dir='ltr'><strong>mancuso</strong></span> <span class='ocrx_word' id='word_1_155' title='bbox 936 2257 981 2302; x_wconf 81' lang='lat' dir='ltr'><strong>uA</strong></span> <span class='ocrx_word' id='word_1_156' title='bbox 999 2256 1219 2321; x_wconf 76' lang='lat' dir='ltr'><strong>counrutonu,</strong></span> <span class='ocrx_word' id='word_1_157' title='bbox 1235 2257 1281 2304; x_wconf 78' lang='lat' dir='ltr'><strong>uu</strong></span> <span class='ocrx_word' id='word_1_158' title='bbox 1303 2257 1382 2303; x_wconf 75' lang='lat' dir='ltr'><strong>nutu</strong></span> <span class='ocrx_word' id='word_1_159' title='bbox 1399 2257 1461 2302; x_wconf 80' lang='lat' dir='ltr'><strong>nu-</strong></span> 
     </span>
     <span class='ocr_line' id='line_1_18' title="bbox 202 2325 1461 2430; baseline -0.002 -19"><span class='ocrx_word' id='word_1_160' title='bbox 202 2325 397 2429; x_wconf 75' lang='lat' dir='ltr'><strong>uANcUPES,</strong></span> <span class='ocrx_word' id='word_1_161' title='bbox 414 2365 458 2412; x_wconf 77' lang='lat' dir='ltr'><strong>uu</strong></span> <span class='ocrx_word' id='word_1_162' title='bbox 484 2365 589 2412; x_wconf 76' lang='lat' dir='ltr'><strong>mune</strong></span> <span class='ocrx_word' id='word_1_163' title='bbox 607 2363 715 2411; x_wconf 80' lang='lat' dir='ltr'><strong>nouos</strong></span> <span class='ocrx_word' id='word_1_164' title='bbox 740 2364 827 2410; x_wconf 76' lang='lat' dir='ltr'><strong>nunu</strong></span> <span class='ocrx_word' id='word_1_165' title='bbox 849 2363 953 2410; x_wconf 76' lang='lat' dir='ltr'><strong>Actus</strong></span> <span class='ocrx_word' id='word_1_166' title='bbox 976 2364 1143 2430; x_wconf 77' lang='lat' dir='ltr'><strong>ononuuu,</strong></span> <span class='ocrx_word' id='word_1_167' title='bbox 1167 2365 1213 2412; x_wconf 79' lang='lat' dir='ltr'><strong>ua</strong></span> <span class='ocrx_word' id='word_1_168' title='bbox 1239 2363 1395 2410; x_wconf 77' lang='lat' dir='ltr'><strong>Pnoruun</strong></span> <span class='ocrx_word' id='word_1_169' title='bbox 1417 2364 1461 2408; x_wconf 79' lang='lat' dir='ltr'><strong>ru</strong></span> 
     </span>
     <span class='ocr_line' id='line_1_19' title="bbox 131 2455 1530 2537; baseline -0.001 -20"><span class='ocrx_word' id='word_1_170' title='bbox 131 2460 137 2481; x_wconf 75' lang='lat'><strong>.</strong></span> <span class='ocrx_word' id='word_1_171' title='bbox 201 2471 367 2530; x_wconf 73' lang='lat' dir='ltr'><strong>TUAMQUE</strong></span> <span class='ocrx_word' id='word_1_172' title='bbox 385 2473 490 2519; x_wconf 75' lang='lat' dir='ltr'><strong>smum</strong></span> <span class='ocrx_word' id='word_1_173' title='bbox 506 2471 673 2520; x_wconf 70' lang='lat' dir='ltr'><strong>antuman.</strong></span> <span class='ocrx_word' id='word_1_174' title='bbox 691 2455 844 2519; x_wconf 85' lang='lat' dir='ltr'><strong>Diximus</strong></span> <span class='ocrx_word' id='word_1_175' title='bbox 860 2455 972 2531; x_wconf 89' lang='lat' dir='ltr'><strong>etiam,</strong></span> <span class='ocrx_word' id='word_1_176' title='bbox 986 2461 1245 2536; x_wconf 86' lang='lat' dir='ltr'><strong>tuncemtorem,</strong></span> <span class='ocrx_word' id='word_1_177' title='bbox 1261 2475 1319 2516; x_wconf 89' lang='lat' dir='ltr'><strong>seu</strong></span> <span class='ocrx_word' id='word_1_178' title='bbox 1329 2462 1460 2537; x_wconf 89' lang='lat' dir='ltr'><strong>patrem</strong></span> <span class='ocrx_word' id='word_1_179' title='bbox 1528 2475 1530 2482; x_wconf 59' lang='lat'><strong><em>⁴</em></strong></span> 
     </span>
     <span class='ocr_line' id='line_1_20' title="bbox 108 2553 1461 2646; baseline -0.001 -22"><span class='ocrx_word' id='word_1_180' title='bbox 108 2553 114 2562; x_wconf 70' lang='grc'><em>’</em></span> <span class='ocrx_word' id='word_1_181' title='bbox 201 2561 423 2642; x_wconf 87' lang='lat' dir='ltr'><strong>fiduciarium,</strong></span> <span class='ocrx_word' id='word_1_182' title='bbox 445 2560 547 2623; x_wconf 85' lang='lat' dir='ltr'><strong>filium</strong></span> <span class='ocrx_word' id='word_1_183' title='bbox 570 2562 633 2624; x_wconf 87' lang='lat' dir='ltr'>sibi</span> <span class='ocrx_word' id='word_1_184' title='bbox 650 2561 872 2646; x_wconf 87' lang='lat' dir='ltr'><strong>mancipatum</strong></span> <span class='ocrx_word' id='word_1_185' title='bbox 891 2561 978 2644; x_wconf 90' lang='lat' dir='ltr'><strong>patri</strong></span> <span class='ocrx_word' id='word_1_186' title='bbox 997 2561 1140 2625; x_wconf 90' lang='lat' dir='ltr'><strong>naturali</strong></span> <span class='ocrx_word' id='word_1_187' title='bbox 1156 2562 1420 2643; x_wconf 87' lang='lat' dir='ltr'><strong>remancipasse,</strong></span> <span class='ocrx_word' id='word_1_188' title='bbox 1442 2584 1461 2623; x_wconf 89' lang='lat' dir='ltr'><strong>a</strong></span> 
     </span>
     <span class='ocr_line' id='line_1_21' title="bbox 204 2667 1460 2756; baseline -0.001 -26"><span class='ocrx_word' id='word_1_189' title='bbox 204 2689 271 2753; x_wconf 93' lang='lat' dir='ltr'><strong>quo</strong></span> <span class='ocrx_word' id='word_1_190' title='bbox 291 2668 421 2730; x_wconf 91' lang='lat' dir='ltr'><strong>demum</strong></span> <span class='ocrx_word' id='word_1_191' title='bbox 439 2668 539 2732; x_wconf 83' lang='lat' dir='ltr'><strong>fuerit</strong></span> <span class='ocrx_word' id='word_1_192' title='bbox 557 2690 618 2752; x_wconf 91' lang='lat' dir='ltr'><strong>per</strong></span> <span class='ocrx_word' id='word_1_193' title='bbox 635 2668 815 2734; x_wconf 87' lang='lat' dir='ltr'><strong>vindictam</strong></span> <span class='ocrx_word' id='word_1_194' title='bbox 837 2669 1058 2756; x_wconf 81' lang='lat' dir='ltr'><strong>manumissus.</strong></span> <span class='ocrx_word' id='word_1_195' title='bbox 1078 2670 1232 2732; x_wconf 85' lang='lat' dir='ltr'><strong>Diximus</strong></span> <span class='ocrx_word' id='word_1_196' title='bbox 1248 2668 1406 2752; x_wconf 88' lang='lat' dir='ltr'><strong>denique,</strong></span> <span class='ocrx_word' id='word_1_197' title='bbox 1425 2667 1460 2730; x_wconf 91' lang='lat' dir='ltr'><strong>id</strong></span> 
     </span>
     <span class='ocr_line' id='line_1_22' title="bbox 202 2775 1462 2860; baseline -0.002 -22"><span class='ocrx_word' id='word_1_198' title='bbox 202 2775 282 2838; x_wconf 88' lang='lat' dir='ltr'><strong>ideo</strong></span> <span class='ocrx_word' id='word_1_199' title='bbox 303 2776 426 2838; x_wconf 82' lang='lat' dir='ltr'><strong>factum</strong></span> <span class='ocrx_word' id='word_1_200' title='bbox 445 2795 534 2857; x_wconf 89' lang='lat' dir='ltr'><strong>esse,</strong></span> <span class='ocrx_word' id='word_1_201' title='bbox 553 2785 590 2840; x_wconf 93' lang='lat' dir='ltr'><strong>ut</strong></span> <span class='ocrx_word' id='word_1_202' title='bbox 606 2785 704 2860; x_wconf 88' lang='lat' dir='ltr'><strong>pater</strong></span> <span class='ocrx_word' id='word_1_203' title='bbox 725 2777 884 2841; x_wconf 87' lang='lat' dir='ltr'><strong>naturalis</strong></span> <span class='ocrx_word' id='word_1_204' title='bbox 900 2777 979 2860; x_wconf 86' lang='lat' dir='ltr'><strong>jura</strong></span> <span class='ocrx_word' id='word_1_205' title='bbox 1002 2783 1214 2860; x_wconf 87' lang='lat' dir='ltr'><strong>patronatus,</strong></span> <span class='ocrx_word' id='word_1_206' title='bbox 1233 2776 1462 2859; x_wconf 88' lang='lat' dir='ltr'><strong>conjunctam-</strong></span> 
     </span>
     <span class='ocr_line' id='line_1_23' title="bbox 205 2882 1462 2969; baseline -0.002 -23"><span class='ocrx_word' id='word_1_207' title='bbox 205 2904 271 2968; x_wconf 88' lang='lat' dir='ltr'><strong>que</strong></span> <span class='ocrx_word' id='word_1_208' title='bbox 295 2904 367 2946; x_wconf 89' lang='lat' dir='ltr'><strong>cum</strong></span> <span class='ocrx_word' id='word_1_209' title='bbox 395 2882 436 2946; x_wconf 87' lang='lat' dir='ltr'><strong>iis</strong></span> <span class='ocrx_word' id='word_1_210' title='bbox 463 2905 553 2969; x_wconf 90' lang='lat' dir='ltr'><strong>spem</strong></span> <span class='ocrx_word' id='word_1_211' title='bbox 577 2885 777 2956; x_wconf 85' lang='lat' dir='ltr'><strong>succedendi</strong></span> <span class='ocrx_word' id='word_1_212' title='bbox 802 2888 844 2948; x_wconf 91' lang='lat' dir='ltr'><strong>ab</strong></span> <span class='ocrx_word' id='word_1_213' title='bbox 869 2885 1051 2968; x_wconf 81' lang='lat' dir='ltr'><strong>intestato,</strong></span> <span class='ocrx_word' id='word_1_214' title='bbox 1070 2885 1241 2948; x_wconf 88' lang='lat' dir='ltr'><strong>retineret.</strong></span> <span class='ocrx_word' id='word_1_215' title='bbox 1266 2883 1341 2948; x_wconf 91' lang='lat' dir='ltr'><strong>Vid.</strong></span> <span class='ocrx_word' id='word_1_216' title='bbox 1363 2904 1462 2966; x_wconf 89' lang='lat' dir='ltr'><strong>supra</strong></span> 
     </span>
     <span class='ocr_line' id='line_1_24' title="bbox 205 2991 1463 3078; baseline -0.002 -24"><span class='ocrx_word' id='word_1_217' title='bbox 205 2993 270 3054; x_wconf 78' lang='lat' dir='ltr'><strong>nu.</strong></span> <span class='ocrx_word' id='word_1_218' title='bbox 288 2993 314 3054; x_wconf 96' lang='lat' dir='ltr'><strong>I.</strong></span> <span class='ocrx_word' id='word_1_219' title='bbox 332 2991 388 3052; x_wconf 76' lang='lat' dir='ltr'><strong>Iit.</strong></span> <span class='ocrx_word' id='word_1_220' title='bbox 404 2991 479 3055; x_wconf 90' lang='lat' dir='ltr'><em>XII.</em></span> <span class='ocrx_word' id='word_1_221' title='bbox 497 2994 526 3073; x_wconf 67' lang='lat' dir='ltr'><strong>g.</strong></span> <span class='ocrx_word' id='word_1_222' title='bbox 545 2991 575 3054; x_wconf 83' lang='lat'><strong>8.</strong></span> <span class='ocrx_word' id='word_1_223' title='bbox 586 2993 616 3054; x_wconf 84' lang='lat'><strong>9.</strong></span> <span class='ocrx_word' id='word_1_224' title='bbox 639 2991 747 3070; x_wconf 85' lang='lat' dir='ltr'><strong>Quum</strong></span> <span class='ocrx_word' id='word_1_225' title='bbox 772 3012 853 3076; x_wconf 85' lang='lat' dir='ltr'><strong>ergo</strong></span> <span class='ocrx_word' id='word_1_226' title='bbox 868 3013 972 3076; x_wconf 88' lang='lat' dir='ltr'><strong>penes</strong></span> <span class='ocrx_word' id='word_1_227' title='bbox 995 3001 1141 3075; x_wconf 85' lang='lat' dir='ltr'><strong>patrem,</strong></span> <span class='ocrx_word' id='word_1_228' title='bbox 1162 3002 1327 3078; x_wconf 80' lang='lat' dir='ltr'><strong>tamquam</strong></span> <span class='ocrx_word' id='word_1_229' title='bbox 1347 3002 1463 3075; x_wconf 87' lang='lat' dir='ltr'><strong>patro-</strong></span> 
     </span>
     <span class='ocr_line' id='line_1_25' title="bbox 204 3098 1461 3184; baseline -0.002 -22"><span class='ocrx_word' id='word_1_230' title='bbox 204 3119 299 3180; x_wconf 84' lang='lat' dir='ltr'><strong>num,</strong></span> <span class='ocrx_word' id='word_1_231' title='bbox 325 3119 399 3182; x_wconf 91' lang='lat' dir='ltr'><strong>spes</strong></span> <span class='ocrx_word' id='word_1_232' title='bbox 421 3109 609 3165; x_wconf 83' lang='lat' dir='ltr'><strong>remaneret</strong></span> <span class='ocrx_word' id='word_1_233' title='bbox 631 3099 863 3164; x_wconf 86' lang='lat' dir='ltr'><strong>successionis:</strong></span> <span class='ocrx_word' id='word_1_234' title='bbox 888 3121 931 3164; x_wconf 86' lang='lat' dir='ltr'><strong>ex</strong></span> <span class='ocrx_word' id='word_1_235' title='bbox 958 3099 1155 3184; x_wconf 87' lang='lat' dir='ltr'><strong>prudentum</strong></span> <span class='ocrx_word' id='word_1_236' title='bbox 1182 3098 1461 3183; x_wconf 87' lang='lat' dir='ltr'><strong>interpretatione</strong></span> 
     </span>
     <span class='ocr_line' id='line_1_26' title="bbox 205 3205 1462 3292; baseline -0.001 -23"><span class='ocrx_word' id='word_1_237' title='bbox 205 3205 388 3271; x_wconf 86' lang='lat' dir='ltr'><strong>deferenda</strong></span> <span class='ocrx_word' id='word_1_238' title='bbox 409 3209 507 3273; x_wconf 90' lang='lat' dir='ltr'><strong>etiam</strong></span> <span class='ocrx_word' id='word_1_239' title='bbox 528 3210 561 3272; x_wconf 87' lang='lat' dir='ltr'><strong>ei</strong></span> <span class='ocrx_word' id='word_1_240' title='bbox 578 3209 753 3272; x_wconf 91' lang='lat' dir='ltr'><strong>videbatur</strong></span> <span class='ocrx_word' id='word_1_241' title='bbox 772 3207 878 3271; x_wconf 89' lang='lat' dir='ltr'><strong>tutela</strong></span> <span class='ocrx_word' id='word_1_242' title='bbox 902 3207 1070 3292; x_wconf 86' lang='lat' dir='ltr'><strong>legitima,</strong></span> <span class='ocrx_word' id='word_1_243' title='bbox 1092 3211 1119 3273; x_wconf 93' lang='lat' dir='ltr'><strong>si</strong></span> <span class='ocrx_word' id='word_1_244' title='bbox 1134 3208 1218 3273; x_wconf 86' lang='lat' dir='ltr'><strong>filius</strong></span> <span class='ocrx_word' id='word_1_245' title='bbox 1236 3207 1462 3291; x_wconf 89' lang='lat' dir='ltr'><strong>emancipatus</strong></span> 
     </span>
     <span class='ocr_line' id='line_1_27' title="bbox 205 3314 1463 3400; baseline -0.003 -20"><span class='ocrx_word' id='word_1_246' title='bbox 205 3315 313 3380; x_wconf 87' lang='lat' dir='ltr'><strong>adhuc</strong></span> <span class='ocrx_word' id='word_1_247' title='bbox 329 3323 416 3378; x_wconf 85' lang='lat' dir='ltr'><strong>esset</strong></span> <span class='ocrx_word' id='word_1_248' title='bbox 434 3317 594 3400; x_wconf 90' lang='lat' dir='ltr'><strong>impubes.</strong></span> <span class='ocrx_word' id='word_1_249' title='bbox 615 3315 751 3380; x_wconf 88' lang='lat' dir='ltr'><strong>Mortuo</strong></span> <span class='ocrx_word' id='word_1_250' title='bbox 773 3337 874 3400; x_wconf 89' lang='lat' dir='ltr'><strong>porro</strong></span> <span class='ocrx_word' id='word_1_251' title='bbox 892 3325 999 3400; x_wconf 87' lang='lat' dir='ltr'><strong>patre,</strong></span> <span class='ocrx_word' id='word_1_252' title='bbox 1016 3316 1133 3381; x_wconf 85' lang='lat' dir='ltr'><strong>fratres</strong></span> <span class='ocrx_word' id='word_1_253' title='bbox 1153 3318 1245 3380; x_wconf 86' lang='lat' dir='ltr'><strong>istius</strong></span> <span class='ocrx_word' id='word_1_254' title='bbox 1264 3314 1463 3398; x_wconf 85' lang='lat' dir='ltr'><strong>emancipati</strong></span> 
     </span>
     <span class='ocr_line' id='line_1_28' title="bbox 193 3421 1463 3509; baseline -0.002 -23"><span class='ocrx_word' id='word_1_255' title='bbox 193 3429 286 3486; x_wconf 81' lang='lat' dir='ltr'><strong>&#39;natu</strong></span> <span class='ocrx_word' id='word_1_256' title='bbox 306 3423 463 3506; x_wconf 84' lang='lat' dir='ltr'><strong>majores,</strong></span> <span class='ocrx_word' id='word_1_257' title='bbox 482 3425 510 3486; x_wconf 85' lang='lat' dir='ltr'><strong>ei</strong></span> <span class='ocrx_word' id='word_1_258' title='bbox 529 3432 638 3487; x_wconf 89' lang='lat' dir='ltr'><strong>essent</strong></span> <span class='ocrx_word' id='word_1_259' title='bbox 659 3425 877 3509; x_wconf 87' lang='lat' dir='ltr'><strong>majorennes‚</strong></span> <span class='ocrx_word' id='word_1_260' title='bbox 900 3425 943 3488; x_wconf 90' lang='lat' dir='ltr'><strong>ad</strong></span> <span class='ocrx_word' id='word_1_261' title='bbox 960 3425 1096 3488; x_wconf 88' lang='lat' dir='ltr'><strong>tutelam</strong></span> <span class='ocrx_word' id='word_1_262' title='bbox 1118 3427 1330 3489; x_wconf 86' lang='lat' dir='ltr'><strong>vocabantur.</strong></span> <span class='ocrx_word' id='word_1_263' title='bbox 1351 3421 1463 3500; x_wconf 87' lang='lat' dir='ltr'><strong>Quum</strong></span> 
     </span>
     <span class='ocr_line' id='line_1_29' title="bbox 206 3529 1464 3617; baseline 0 -26"><span class='ocrx_word' id='word_1_264' title='bbox 206 3549 288 3592; x_wconf 92' lang='lat' dir='ltr'><strong>vero</strong></span> <span class='ocrx_word' id='word_1_265' title='bbox 307 3529 342 3591; x_wconf 92' lang='lat' dir='ltr'><strong>hi</strong></span> <span class='ocrx_word' id='word_1_266' title='bbox 364 3550 430 3592; x_wconf 90' lang='lat' dir='ltr'><strong>non</strong></span> <span class='ocrx_word' id='word_1_267' title='bbox 452 3541 563 3595; x_wconf 86' lang='lat' dir='ltr'><strong>essent</strong></span> <span class='ocrx_word' id='word_1_268' title='bbox 584 3531 693 3596; x_wconf 87' lang='lat' dir='ltr'><strong>fratris</strong></span> <span class='ocrx_word' id='word_1_269' title='bbox 716 3530 915 3617; x_wconf 89' lang='lat' dir='ltr'><strong>emancipati</strong></span> <span class='ocrx_word' id='word_1_270' title='bbox 937 3533 1078 3596; x_wconf 89' lang='lat' dir='ltr'><strong>heredes</strong></span> <span class='ocrx_word' id='word_1_271' title='bbox 1100 3534 1142 3596; x_wconf 90' lang='lat' dir='ltr'><strong>ab</strong></span> <span class='ocrx_word' id='word_1_272' title='bbox 1163 3533 1336 3613; x_wconf 87' lang='lat' dir='ltr'><strong>intestato,</strong></span> <span class='ocrx_word' id='word_1_273' title='bbox 1357 3529 1464 3592; x_wconf 87' lang='lat' dir='ltr'><strong>tutela</strong></span> 
     </span>
     <span class='ocr_line' id='line_1_30' title="bbox 205 3636 1463 3724; baseline -0.002 -23"><span class='ocrx_word' id='word_1_274' title='bbox 205 3637 266 3702; x_wconf 88' lang='lat' dir='ltr'><strong>illa</strong></span> <span class='ocrx_word' id='word_1_275' title='bbox 285 3659 353 3702; x_wconf 92' lang='lat' dir='ltr'><strong>non</strong></span> <span class='ocrx_word' id='word_1_276' title='bbox 374 3647 506 3721; x_wconf 88' lang='lat' dir='ltr'><strong>poterat</strong></span> <span class='ocrx_word' id='word_1_277' title='bbox 524 3639 591 3702; x_wconf 90' lang='lat' dir='ltr'><strong>dici</strong></span> <span class='ocrx_word' id='word_1_278' title='bbox 613 3640 758 3724; x_wconf 80' lang='lat' dir='ltr'><strong>adgnati.</strong></span> <span class='ocrx_word' id='word_1_279' title='bbox 780 3642 912 3706; x_wconf 87' lang='lat' dir='ltr'><strong>Vocata</strong></span> <span class='ocrx_word' id='word_1_280' title='bbox 932 3661 1014 3724; x_wconf 82' lang='lat' dir='ltr'><strong>ergo</strong></span> <span class='ocrx_word' id='word_1_281' title='bbox 1034 3648 1084 3704; x_wconf 90' lang='lat' dir='ltr'><strong>est</strong></span> <span class='ocrx_word' id='word_1_282' title='bbox 1109 3656 1320 3720; x_wconf 73' lang='lat' dir='ltr'><strong>mnucmrus,</strong></span> <span class='ocrx_word' id='word_1_283' title='bbox 1339 3639 1381 3702; x_wconf 87' lang='lat' dir='ltr'><strong>ab</strong></span> <span class='ocrx_word' id='word_1_284' title='bbox 1402 3636 1463 3700; x_wconf 93' lang='lat' dir='ltr'><strong>illo</strong></span> 
     </span>
     <span class='ocr_line' id='line_1_31' title="bbox 205 3745 1464 3833; baseline -0.002 -24"><span class='ocrx_word' id='word_1_285' title='bbox 205 3753 306 3831; x_wconf 86' lang='lat' dir='ltr'><strong>paeto</strong></span> <span class='ocrx_word' id='word_1_286' title='bbox 326 3745 485 3827; x_wconf 84' lang='lat' dir='ltr'><strong>fiduciae,</strong></span> <span class='ocrx_word' id='word_1_287' title='bbox 510 3748 601 3832; x_wconf 88' lang='lat' dir='ltr'><strong>quod</strong></span> <span class='ocrx_word' id='word_1_288' title='bbox 626 3749 660 3812; x_wconf 92' lang='lat' dir='ltr'><strong>in</strong></span> <span class='ocrx_word' id='word_1_289' title='bbox 688 3749 954 3833; x_wconf 86' lang='lat' dir='ltr'><strong>emancipatione</strong></span> <span class='ocrx_word' id='word_1_290' title='bbox 976 3749 1216 3812; x_wconf 83' lang='lat' dir='ltr'><strong>intercesserat.</strong></span> <span class='ocrx_word' id='word_1_291' title='bbox 1237 3746 1397 3824; x_wconf 83' lang='lat' dir='ltr'><strong>Quamvis</strong></span> <span class='ocrx_word' id='word_1_292' title='bbox 1421 3765 1464 3806; x_wconf 85' lang='lat' dir='ltr'><strong>ex</strong></span> 
     </span>
     <span class='ocr_line' id='line_1_32' title="bbox 207 3851 1463 3941; baseline -0.003 -23"><span class='ocrx_word' id='word_1_293' title='bbox 207 3851 356 3937; x_wconf 90' lang='lat' dir='ltr'><strong>Ulpiano</strong></span> <span class='ocrx_word' id='word_1_294' title='bbox 373 3861 505 3938; x_wconf 84' lang='lat' dir='ltr'><strong>pateat,</strong></span> <span class='ocrx_word' id='word_1_295' title='bbox 522 3854 601 3917; x_wconf 91' lang='lat' dir='ltr'><strong>olim</strong></span> <span class='ocrx_word' id='word_1_296' title='bbox 621 3877 687 3920; x_wconf 91' lang='lat' dir='ltr'><strong>non</strong></span> <span class='ocrx_word' id='word_1_297' title='bbox 707 3857 890 3941; x_wconf 82' lang='lat' dir='ltr'><strong>legitimam</strong></span> <span class='ocrx_word' id='word_1_298' title='bbox 909 3855 1061 3939; x_wconf 78' lang='lat' dir='ltr'><strong>fratrum,</strong></span> <span class='ocrx_word' id='word_1_299' title='bbox 1088 3857 1147 3920; x_wconf 87' lang='lat' dir='ltr'><strong>sed</strong></span> <span class='ocrx_word' id='word_1_300' title='bbox 1166 3857 1269 3940; x_wconf 88' lang='lat' dir='ltr'><strong>ipsam</strong></span> <span class='ocrx_word' id='word_1_301' title='bbox 1290 3860 1463 3938; x_wconf 91' lang='lat' dir='ltr'><strong>parentum</strong></span> 
     </span>
     <span class='ocr_line' id='line_1_33' title="bbox 208 3961 1466 4047; baseline -0.003 -21"><span class='ocrx_word' id='word_1_302' title='bbox 208 3961 347 4026; x_wconf 89' lang='lat' dir='ltr'><strong>tutelam</strong></span> <span class='ocrx_word' id='word_1_303' title='bbox 365 3961 487 4025; x_wconf 87' lang='lat' dir='ltr'><strong>dictam</strong></span> <span class='ocrx_word' id='word_1_304' title='bbox 510 3983 581 4026; x_wconf 89' lang='lat' dir='ltr'><strong>esse</strong></span> <span class='ocrx_word' id='word_1_305' title='bbox 593 3967 817 4047; x_wconf 77' lang='lat' dir='ltr'><strong>fiducr&#39;urr&#39;am:</strong></span> <span class='ocrx_word' id='word_1_306' title='bbox 833 3963 934 4047; x_wconf 90' lang='lat' dir='ltr'><strong>idque</strong></span> <span class='ocrx_word' id='word_1_307' title='bbox 959 3964 1014 4027; x_wconf 90' lang='lat' dir='ltr'><strong>vel</strong></span> <span class='ocrx_word' id='word_1_308' title='bbox 1035 3965 1114 4027; x_wconf 88' lang='lat' dir='ltr'><strong>ideo</strong></span> <span class='ocrx_word' id='word_1_309' title='bbox 1134 3963 1324 4027; x_wconf 88' lang='lat' dir='ltr'><strong>concinnius</strong></span> <span class='ocrx_word' id='word_1_310' title='bbox 1342 3962 1384 4025; x_wconf 89' lang='lat' dir='ltr'><strong>sit</strong></span> <span class='ocrx_word' id='word_1_311' title='bbox 1403 3983 1466 4024; x_wconf 88' lang='lat' dir='ltr'><strong>vo-</strong></span> 
     </span>
     <span class='ocr_line' id='line_1_34' title="bbox 209 4070 1465 4155; baseline -0.002 -23"><span class='ocrx_word' id='word_1_312' title='bbox 209 4070 378 4150; x_wconf 86' lang='lat' dir='ltr'><strong>cabulum,</strong></span> <span class='ocrx_word' id='word_1_313' title='bbox 398 4070 488 4153; x_wconf 91' lang='lat' dir='ltr'><strong>quod</strong></span> <span class='ocrx_word' id='word_1_314' title='bbox 513 4078 644 4154; x_wconf 90' lang='lat' dir='ltr'><strong>pactum</strong></span> <span class='ocrx_word' id='word_1_315' title='bbox 669 4071 753 4135; x_wconf 90' lang='lat' dir='ltr'><strong>illud</strong></span> <span class='ocrx_word' id='word_1_316' title='bbox 774 4071 922 4143; x_wconf 80' lang='lat' dir='ltr'><strong>fiduciae</strong></span> <span class='ocrx_word' id='word_1_317' title='bbox 937 4092 1003 4135; x_wconf 92' lang='lat' dir='ltr'><strong>non</strong></span> <span class='ocrx_word' id='word_1_318' title='bbox 1023 4072 1140 4153; x_wconf 85' lang='lat' dir='ltr'><strong>frater,</strong></span> <span class='ocrx_word' id='word_1_319' title='bbox 1163 4071 1222 4134; x_wconf 87' lang='lat' dir='ltr'><strong>sed</strong></span> <span class='ocrx_word' id='word_1_320' title='bbox 1240 4077 1337 4155; x_wconf 90' lang='lat' dir='ltr'><strong>pater</strong></span> <span class='ocrx_word' id='word_1_321' title='bbox 1351 4088 1465 4130; x_wconf 88' lang='lat' dir='ltr'><strong>euran-</strong></span> 
     </span>
     <span class='ocr_line' id='line_1_35' title="bbox 210 4176 1466 4261; baseline -0.001 -23"><span class='ocrx_word' id='word_1_322' title='bbox 210 4176 322 4260; x_wconf 87' lang='lat' dir='ltr'><strong>cipans</strong></span> <span class='ocrx_word' id='word_1_323' title='bbox 347 4177 586 4261; x_wconf 88' lang='lat' dir='ltr'><strong>interponeret.</strong></span> <span class='ocrx_word' id='word_1_324' title='bbox 607 4181 661 4243; x_wconf 88' lang='lat' dir='ltr'><strong>Ita</strong></span> <span class='ocrx_word' id='word_1_325' title='bbox 680 4187 792 4242; x_wconf 88' lang='lat' dir='ltr'><strong>tamen</strong></span> <span class='ocrx_word' id='word_1_326' title='bbox 814 4186 849 4242; x_wconf 90' lang='lat' dir='ltr'><strong>et</strong></span> <span class='ocrx_word' id='word_1_327' title='bbox 870 4179 1078 4243; x_wconf 86' lang='lat' dir='ltr'><strong>Modestinus</strong></span> <span class='ocrx_word' id='word_1_328' title='bbox 1097 4179 1182 4254; x_wconf 82' lang='lat' dir='ltr'><strong>hanc</strong></span> <span class='ocrx_word' id='word_1_329' title='bbox 1203 4177 1344 4242; x_wconf 91' lang='lat' dir='ltr'><strong>tutelam</strong></span> <span class='ocrx_word' id='word_1_330' title='bbox 1365 4182 1466 4239; x_wconf 90' lang='lat' dir='ltr'><strong>vocat</strong></span> 
     </span>
    </p>
   </div>
   <div class='ocr_carea' id='block_1_5' title="bbox 208 4379 1465 4623">
    <p class='ocr_par' dir='ltr' id='par_1_5' title="bbox 208 4379 1465 4623">
     <span class='ocr_line' id='line_1_36' title="bbox 267 4379 1465 4450; baseline -0.004 -16"><span class='ocrx_word' id='word_1_331' title='bbox 267 4385 308 4448; x_wconf 78' lang='lat' dir='ltr'><strong>t)</strong></span> <span class='ocrx_word' id='word_1_332' title='bbox 329 4384 438 4450; x_wconf 89' lang='lat' dir='ltr'><strong>Quippe</strong></span> <span class='ocrx_word' id='word_1_333' title='bbox 455 4383 598 4449; x_wconf 81' lang='lat' dir='ltr'><strong>proximus</strong></span> <span class='ocrx_word' id='word_1_334' title='bbox 616 4382 700 4435; x_wconf 85' lang='lat' dir='ltr'><strong>veluti</strong></span> <span class='ocrx_word' id='word_1_335' title='bbox 724 4384 873 4449; x_wconf 79' lang='lat' dir='ltr'><strong>adgnatus,</strong></span> <span class='ocrx_word' id='word_1_336' title='bbox 897 4383 938 4436; x_wconf 90' lang='lat' dir='ltr'><strong>uti</strong></span> <span class='ocrx_word' id='word_1_337' title='bbox 955 4383 1055 4436; x_wconf 86' lang='lat' dir='ltr'><strong>diserte</strong></span> <span class='ocrx_word' id='word_1_338' title='bbox 1075 4386 1168 4435; x_wconf 90' lang='lat' dir='ltr'><strong>mouet</strong></span> <span class='ocrx_word' id='word_1_339' title='bbox 1185 4379 1344 4434; x_wconf 82' lang='lat' dir='ltr'><strong>constitutio</strong></span> <span class='ocrx_word' id='word_1_340' title='bbox 1362 4379 1465 4431; x_wconf 82' lang='lat' dir='ltr'><strong>Graeea</strong></span> 
     </span>
     <span class='ocr_line' id='line_1_37' title="bbox 210 4460 1465 4536; baseline -0.003 -19"><span class='ocrx_word' id='word_1_341' title='bbox 210 4465 372 4530; x_wconf 83' lang='lat' dir='ltr'><strong>Iustiniani,</strong></span> <span class='ocrx_word' id='word_1_342' title='bbox 400 4484 482 4535; x_wconf 87' lang='lat' dir='ltr'><strong>quam</strong></span> <span class='ocrx_word' id='word_1_343' title='bbox 504 4485 540 4520; x_wconf 87' lang='lat' dir='ltr'><strong>ex</strong></span> <span class='ocrx_word' id='word_1_344' title='bbox 562 4465 690 4520; x_wconf 83' lang='lat' dir='ltr'><strong>Basilicis</strong></span> <span class='ocrx_word' id='word_1_345' title='bbox 713 4467 832 4520; x_wconf 87' lang='lat' dir='ltr'><strong>restituit</strong></span> <span class='ocrx_word' id='word_1_346' title='bbox 853 4467 947 4536; x_wconf 83' lang='lat' dir='ltr'><strong>Cujao.</strong></span> <span class='ocrx_word' id='word_1_347' title='bbox 978 4467 1086 4521; x_wconf 77' lang='lat' dir='ltr'><strong>Observ.</strong></span> <span class='ocrx_word' id='word_1_348' title='bbox 1109 4467 1178 4520; x_wconf 89' lang='lat' dir='ltr'><strong>XX.</strong></span> <span class='ocrx_word' id='word_1_349' title='bbox 1196 4471 1238 4520; x_wconf 78' lang='lat'><strong>³4.</strong></span> <span class='ocrx_word' id='word_1_350' title='bbox 1263 4465 1329 4535; x_wconf 85' lang='lat' dir='ltr'><strong>quia</strong></span> <span class='ocrx_word' id='word_1_351' title='bbox 1356 4460 1465 4532; x_wconf 77' lang='lat' dir='ltr'><strong>adgnati</strong></span> 
     </span>
     <span class='ocr_line' id='line_1_38' title="bbox 208 4551 913 4623; baseline 0.001 -17"><span class='ocrx_word' id='word_1_352' title='bbox 208 4551 335 4606; x_wconf 86' lang='lat' dir='ltr'><strong>videntur</strong></span> <span class='ocrx_word' id='word_1_353' title='bbox 352 4551 521 4620; x_wconf 82' lang='lat' dir='ltr'><strong>libertorum,</strong></span> <span class='ocrx_word' id='word_1_354' title='bbox 539 4553 588 4623; x_wconf 89' lang='lat' dir='ltr'><strong>qui</strong></span> <span class='ocrx_word' id='word_1_355' title='bbox 604 4552 667 4606; x_wconf 80' lang='lat' dir='ltr'><strong>illos</strong></span> <span class='ocrx_word' id='word_1_356' title='bbox 686 4553 913 4607; x_wconf 81' lang='lat' dir='ltr'><strong>manumiserunt.</strong></span> 
     </span>
    </p>
   </div>
   <div class='ocr_carea' id='block_1_6' title="bbox 0 0 1552 5156">
    <p class='ocr_par' dir='ltr' id='par_1_6' title="bbox 0 0 1552 5156">
     <span class='ocr_line' id='line_1_39' title="bbox 0 0 1552 5156; baseline 0 0"><span class='ocrx_word' id='word_1_357' title='bbox 0 0 1552 5156; x_wconf 95' lang='lat' dir='ltr'><strong> </strong></span> 
     </span>
    </p>
   </div>
  </div>
 </body>
</html>
