<?xml version="1.0" encoding="UTF-8"?>
<!DOCTYPE html PUBLIC "-//W3C//DTD XHTML 1.0 Transitional//EN"
    "http://www.w3.org/TR/xhtml1/DTD/xhtml1-transitional.dtd">
<html xmlns="http://www.w3.org/1999/xhtml" xml:lang="en" lang="en">
 <head>
  <title>
</title>
<meta http-equiv="Content-Type" content="text/html;charset=utf-8" />
  <meta name='ocr-system' content='tesseract 3.04.00' />
  <meta name='ocr-capabilities' content='ocr_page ocr_carea ocr_par ocr_line ocrx_word'/>
</head>
<body>
  <div class='ocr_page' id='page_1' title='image "./jogottliebheine00haubgoog_0548.png"; bbox 0 0 3030 5160; ppageno 0'>
   <div class='ocr_carea' id='block_1_1' title="bbox 374 404 1289 482">
    <p class='ocr_par' dir='ltr' id='par_1_1' title="bbox 374 404 1289 482">
     <span class='ocr_line' id='line_1_1' title="bbox 374 404 1289 482; baseline 0.011 -10"><span class='ocrx_word' id='word_1_1' title='bbox 374 404 430 474; x_wconf 81' lang='lat' dir='ltr'><strong>Da</strong></span> <span class='ocrx_word' id='word_1_2' title='bbox 454 405 630 474; x_wconf 77' lang='lat' dir='ltr'><strong>Bonosum</strong></span> <span class='ocrx_word' id='word_1_3' title='bbox 655 407 945 477; x_wconf 81' lang='lat' dir='ltr'><strong>Possessrosnsns.</strong></span> <span class='ocrx_word' id='word_1_4' title='bbox 1036 441 1052 450; x_wconf 88' lang='lat'><em>-</em></span> <span class='ocrx_word' id='word_1_5' title='bbox 1218 415 1289 482; x_wconf 68' lang='grc'><strong>661</strong></span> 
     </span>
    </p>
   </div>
   <div class='ocr_carea' id='block_1_2' title="bbox 46 579 1288 660">
    <p class='ocr_par' dir='ltr' id='par_1_2' title="bbox 46 579 1288 660">
     <span class='ocr_line' id='line_1_2' title="bbox 46 579 1288 660; baseline 0.003 -16"><span class='ocrx_word' id='word_1_6' title='bbox 46 590 76 646; x_wconf 88' lang='lat' dir='ltr'><strong>et</strong></span> <span class='ocrx_word' id='word_1_7' title='bbox 88 581 125 643; x_wconf 74' lang='lat' dir='ltr'><strong>Ia.</strong></span> <span class='ocrx_word' id='word_1_8' title='bbox 135 579 186 644; x_wconf 76' lang='lat'><strong>12.</strong></span> <span class='ocrx_word' id='word_1_9' title='bbox 197 581 242 646; x_wconf 84' lang='lat' dir='ltr'><strong>B.</strong></span> <span class='ocrx_word' id='word_1_10' title='bbox 258 583 296 644; x_wconf 88' lang='lat' dir='ltr'><strong>ds</strong></span> <span class='ocrx_word' id='word_1_11' title='bbox 313 581 559 644; x_wconf 67' lang='lat' dir='ltr'><strong>Edicfflardon.</strong></span> <span class='ocrx_word' id='word_1_12' title='bbox 571 591 604 647; x_wconf 85' lang='lat' dir='ltr'><strong>et</strong></span> <span class='ocrx_word' id='word_1_13' title='bbox 621 587 655 646; x_wconf 82' lang='lat' dir='ltr'><strong>L.</strong></span> <span class='ocrx_word' id='word_1_14' title='bbox 665 583 695 646; x_wconf 81' lang='lat'><strong>2.</strong></span> <span class='ocrx_word' id='word_1_15' title='bbox 707 584 748 644; x_wconf 81' lang='lat'><strong>1).</strong></span> <span class='ocrx_word' id='word_1_16' title='bbox 764 584 802 645; x_wconf 84' lang='lat' dir='ltr'><strong>sis</strong></span> <span class='ocrx_word' id='word_1_17' title='bbox 814 583 1000 646; x_wconf 74' lang='lat' dir='ltr'><strong>Bombliert.</strong></span> <span class='ocrx_word' id='word_1_18' title='bbox 1016 581 1123 660; x_wconf 82' lang='lat' dir='ltr'>Quem</span> <span class='ocrx_word' id='word_1_19' title='bbox 1139 583 1288 648; x_wconf 84' lang='lat' dir='ltr'>ordinem</span> 
     </span>
    </p>
   </div>
   <div class='ocr_carea' id='block_1_3' title="bbox 44 687 1290 879">
    <p class='ocr_par' dir='ltr' id='par_1_3' title="bbox 44 687 1290 879">
     <span class='ocr_line' id='line_1_3' title="bbox 44 687 1290 794; baseline 0.002 -42"><span class='ocrx_word' id='word_1_20' title='bbox 44 691 82 752; x_wconf 91' lang='lat' dir='ltr'><strong>ab</strong></span> <span class='ocrx_word' id='word_1_21' title='bbox 96 687 263 772; x_wconf 83' lang='lat' dir='ltr'><strong>acquitate</strong></span> <span class='ocrx_word' id='word_1_22' title='bbox 280 691 379 752; x_wconf 88' lang='lat' dir='ltr'><strong>etiam</strong></span> <span class='ocrx_word' id='word_1_23' title='bbox 396 697 495 773; x_wconf 85' lang='lat' dir='ltr'><strong>atque</strong></span> <span class='ocrx_word' id='word_1_24' title='bbox 517 690 624 794; x_wconf 33' lang='lat' dir='ltr'><strong>etiam·</strong></span> <span class='ocrx_word' id='word_1_25' title='bbox 639 690 846 754; x_wconf 78' lang='lat' dir='ltr'><strong>commendat</strong></span> <span class='ocrx_word' id='word_1_26' title='bbox 857 691 1020 774; x_wconf 76' lang='lat' dir='ltr'>Ulpianus</span> <span class='ocrx_word' id='word_1_27' title='bbox 1035 691 1073 754; x_wconf 81' lang='lat' dir='ltr'><strong>L.</strong></span> <span class='ocrx_word' id='word_1_28' title='bbox 1087 691 1118 753; x_wconf 76' lang='lat'><strong>2.</strong></span> <span class='ocrx_word' id='word_1_29' title='bbox 1132 711 1183 772; x_wconf 86' lang='lat' dir='ltr'><strong>pr.</strong></span> <span class='ocrx_word' id='word_1_30' title='bbox 1200 691 1240 752; x_wconf 89' lang='grc'><strong>1).</strong></span> <span class='ocrx_word' id='word_1_31' title='bbox 1251 693 1290 754; x_wconf 83' lang='lat' dir='ltr'><strong>ds</strong></span> 
     </span>
     <span class='ocr_line' id='line_1_4' title="bbox 45 798 369 879; baseline -0.003 -21"><span class='ocrx_word' id='word_1_32' title='bbox 45 798 119 859; x_wconf 82' lang='lat' dir='ltr'><strong>Bon.</strong></span> <span class='ocrx_word' id='word_1_33' title='bbox 127 815 212 879; x_wconf 85' lang='lat' dir='ltr'><strong>poss.</strong></span> <span class='ocrx_word' id='word_1_34' title='bbox 232 818 292 859; x_wconf 85' lang='lat' dir='ltr'><strong>seo.</strong></span> <span class='ocrx_word' id='word_1_35' title='bbox 308 798 369 858; x_wconf 81' lang='lat' dir='ltr'><strong>tad.</strong></span> 
     </span>
    </p>
   </div>
   <div class='ocr_carea' id='block_1_4' title="bbox 623 947 704 1027">
    <p class='ocr_par' dir='ltr' id='par_1_4' title="bbox 623 947 704 1027">
     <span class='ocr_line' id='line_1_5' title="bbox 623 947 704 1027; baseline 0.012 -21"><span class='ocrx_word' id='word_1_36' title='bbox 623 947 652 1027; x_wconf 74' lang='lat' dir='ltr'><strong>s.</strong></span> <span class='ocrx_word' id='word_1_37' title='bbox 673 947 704 1007; x_wconf 80' lang='lat' dir='ltr'><strong>s.</strong></span> 
     </span>
    </p>
   </div>
   <div class='ocr_carea' id='block_1_5' title="bbox 564 1076 761 1129">
    <p class='ocr_par' dir='ltr' id='par_1_5' title="bbox 564 1076 761 1129">
     <span class='ocr_line' id='line_1_6' title="bbox 564 1076 761 1129; baseline 0 0"><span class='ocrx_word' id='word_1_38' title='bbox 564 1076 615 1129; x_wconf 71' lang='lat' dir='ltr'><strong>uu</strong></span> <span class='ocrx_word' id='word_1_39' title='bbox 631 1077 761 1129; x_wconf 78' lang='lat' dir='ltr'><strong>delusit?</strong></span> 
     </span>
    </p>
   </div>
   <div class='ocr_carea' id='block_1_6' title="bbox 45 1173 1290 1819">
    <p class='ocr_par' dir='ltr' id='par_1_6' title="bbox 45 1173 1290 1819">
     <span class='ocr_line' id='line_1_7' title="bbox 121 1173 1289 1279; baseline 0 -23"><span class='ocrx_word' id='word_1_40' title='bbox 121 1193 274 1257; x_wconf 89' lang='lat' dir='ltr'><strong>Dabatur</strong></span> <span class='ocrx_word' id='word_1_41' title='bbox 288 1183 398 1258; x_wconf 82' lang='lat' dir='ltr'><strong>autem</strong></span> <span class='ocrx_word' id='word_1_42' title='bbox 412 1215 452 1259; x_wconf 89' lang='lat' dir='ltr'><strong>ea</strong></span> <span class='ocrx_word' id='word_1_43' title='bbox 461 1192 623 1257; x_wconf 90' lang='lat' dir='ltr'><strong>bonorum</strong></span> <span class='ocrx_word' id='word_1_44' title='bbox 636 1173 802 1277; x_wconf 28' lang='lat' dir='ltr'><strong>possessio*</strong></span> <span class='ocrx_word' id='word_1_45' title='bbox 814 1195 928 1258; x_wconf 92' lang='lat' dir='ltr'><strong>liberis</strong></span> <span class='ocrx_word' id='word_1_46' title='bbox 940 1193 1153 1279; x_wconf 80' lang='lat' dir='ltr'><strong>emancipatis</strong></span> <span class='ocrx_word' id='word_1_47' title='bbox 1164 1217 1182 1256; x_wconf 89' lang='lat' dir='ltr'><strong>a</strong></span> <span class='ocrx_word' id='word_1_48' title='bbox 1194 1201 1289 1278; x_wconf 87' lang='lat' dir='ltr'><strong>patre</strong></span> 
     </span>
     <span class='ocr_line' id='line_1_8' title="bbox 45 1301 1288 1387; baseline 0.002 -25"><span class='ocrx_word' id='word_1_49' title='bbox 45 1308 236 1363; x_wconf 87' lang='lat' dir='ltr'><strong>testamento</strong></span> <span class='ocrx_word' id='word_1_50' title='bbox 250 1302 453 1384; x_wconf 85' lang='lat' dir='ltr'><strong>praeteritis:</strong></span> <span class='ocrx_word' id='word_1_51' title='bbox 476 1323 543 1364; x_wconf 94' lang='lat' dir='ltr'><strong>non</strong></span> <span class='ocrx_word' id='word_1_52' title='bbox 560 1309 668 1364; x_wconf 88' lang='lat' dir='ltr'><strong>autem</strong></span> <span class='ocrx_word' id='word_1_53' title='bbox 692 1301 767 1382; x_wconf 90' lang='lat' dir='ltr'><strong>suis,</strong></span> <span class='ocrx_word' id='word_1_54' title='bbox 783 1303 839 1387; x_wconf 94' lang='lat' dir='ltr'><strong>qui</strong></span> <span class='ocrx_word' id='word_1_55' title='bbox 865 1303 1035 1387; x_wconf 89' lang='lat' dir='ltr'><strong>praeteriti</strong></span> <span class='ocrx_word' id='word_1_56' title='bbox 1057 1310 1288 1367; x_wconf 89' lang='lat' dir='ltr'><strong>testamentum</strong></span> 
     </span>
     <span class='ocr_line' id='line_1_9' title="bbox 45 1405 1288 1491; baseline 0.002 -21"><span class='ocrx_word' id='word_1_57' title='bbox 45 1405 163 1470; x_wconf 90' lang='lat' dir='ltr'><strong>nullum</strong></span> <span class='ocrx_word' id='word_1_58' title='bbox 179 1407 309 1470; x_wconf 88' lang='lat' dir='ltr'><strong>dicunt:</strong></span> <span class='ocrx_word' id='word_1_59' title='bbox 325 1413 359 1472; x_wconf 86' lang='lat' dir='ltr'><strong>L.</strong></span> <span class='ocrx_word' id='word_1_60' title='bbox 375 1409 405 1470; x_wconf 91' lang='lat'><strong>1.</strong></span> <span class='ocrx_word' id='word_1_61' title='bbox 418 1409 459 1470; x_wconf 89' lang='lat' dir='ltr'><strong>D.</strong></span> <span class='ocrx_word' id='word_1_62' title='bbox 475 1409 514 1470; x_wconf 85' lang='lat' dir='ltr'><strong>de</strong></span> <span class='ocrx_word' id='word_1_63' title='bbox 529 1409 642 1491; x_wconf 84' lang='lat' dir='ltr'><strong>Injust.</strong></span> <span class='ocrx_word' id='word_1_64' title='bbox 653 1418 737 1490; x_wconf 79' lang='lat' dir='ltr'><strong>rapt.</strong></span> <span class='ocrx_word' id='word_1_65' title='bbox 748 1415 803 1471; x_wconf 86' lang='lat' dir='ltr'><strong>s&#39;rr.</strong></span> <span class='ocrx_word' id='word_1_66' title='bbox 812 1411 895 1488; x_wconf 80' lang='lat' dir='ltr'><strong>suot.</strong></span> <span class='ocrx_word' id='word_1_67' title='bbox 907 1420 979 1484; x_wconf 76' lang='lat' dir='ltr'><strong>test.¹</strong></span> <span class='ocrx_word' id='word_1_68' title='bbox 988 1411 1049 1474; x_wconf 92' lang='lat' dir='ltr'><strong>nisi</strong></span> <span class='ocrx_word' id='word_1_69' title='bbox 1065 1409 1128 1474; x_wconf 91' lang='lat' dir='ltr'><strong>hoc</strong></span> <span class='ocrx_word' id='word_1_70' title='bbox 1139 1409 1288 1474; x_wconf 89' lang='lat' dir='ltr'><strong>remedio</strong></span> 
     </span>
     <span class='ocr_line' id='line_1_10' title="bbox 45 1505 1290 1600; baseline 0.002 -22"><span class='ocrx_word' id='word_1_71' title='bbox 45 1516 92 1578; x_wconf 93' lang='lat' dir='ltr'><strong>uti</strong></span> <span class='ocrx_word' id='word_1_72' title='bbox 102 1513 222 1593; x_wconf 82' lang='lat' dir='ltr'><strong>malint,</strong></span> <span class='ocrx_word' id='word_1_73' title='bbox 240 1516 327 1599; x_wconf 88' lang='lat' dir='ltr'><strong>quod</strong></span> <span class='ocrx_word' id='word_1_74' title='bbox 340 1517 418 1600; x_wconf 92' lang='lat' dir='ltr'><strong>ipsis</strong></span> <span class='ocrx_word' id='word_1_75' title='bbox 432 1515 513 1579; x_wconf 87' lang='lat' dir='ltr'><strong>licet</strong></span> <span class='ocrx_word' id='word_1_76' title='bbox 521 1516 598 1599; x_wconf 87' lang='lat' dir='ltr'><strong>jure</strong></span> <span class='ocrx_word' id='word_1_77' title='bbox 614 1536 719 1579; x_wconf 78' lang='lat' dir='ltr'><strong>novor</strong></span> <span class='ocrx_word' id='word_1_78' title='bbox 735 1515 772 1578; x_wconf 83' lang='lat' dir='ltr'><strong>L.</strong></span> <span class='ocrx_word' id='word_1_79' title='bbox 783 1515 813 1579; x_wconf 81' lang='lat'><strong>2.</strong></span> <span class='ocrx_word' id='word_1_80' title='bbox 832 1517 864 1578; x_wconf 76' lang='lat' dir='ltr'><strong>C.</strong></span> <span class='ocrx_word' id='word_1_81' title='bbox 876 1519 915 1578; x_wconf 88' lang='lat' dir='ltr'><strong>de</strong></span> <span class='ocrx_word' id='word_1_82' title='bbox 925 1519 1005 1578; x_wconf 85' lang='lat' dir='ltr'><strong>Bon.</strong></span> <span class='ocrx_word' id='word_1_83' title='bbox 1012 1505 1095 1600; x_wconf 81' lang='lat' dir='ltr'><strong>poss.</strong></span> <span class='ocrx_word' id='word_1_84' title='bbox 1107 1527 1217 1580; x_wconf 81' lang='lat' dir='ltr'><strong>eontra</strong></span> <span class='ocrx_word' id='word_1_85' title='bbox 1228 1517 1290 1580; x_wconf 74' lang='lat' dir='ltr'><strong>tad.</strong></span> 
     </span>
     <span class='ocr_line' id='line_1_11' title="bbox 45 1623 1290 1707; baseline 0.002 -23"><span class='ocrx_word' id='word_1_86' title='bbox 45 1623 178 1707; x_wconf 88' lang='lat' dir='ltr'><strong>Proprie</strong></span> <span class='ocrx_word' id='word_1_87' title='bbox 194 1631 305 1686; x_wconf 89' lang='lat' dir='ltr'><strong>tamen</strong></span> <span class='ocrx_word' id='word_1_88' title='bbox 325 1623 408 1686; x_wconf 89' lang='lat' dir='ltr'><strong>haec</strong></span> <span class='ocrx_word' id='word_1_89' title='bbox 426 1623 586 1687; x_wconf 91' lang='lat' dir='ltr'><strong>bonorum</strong></span> <span class='ocrx_word' id='word_1_90' title='bbox 612 1623 785 1707; x_wconf 87' lang='lat' dir='ltr'><strong>possessio,</strong></span> <span class='ocrx_word' id='word_1_91' title='bbox 810 1625 857 1688; x_wconf 88' lang='lat' dir='ltr'><strong>uti</strong></span> <span class='ocrx_word' id='word_1_92' title='bbox 872 1624 953 1706; x_wconf 89' lang='lat' dir='ltr'><strong>dixi,</strong></span> <span class='ocrx_word' id='word_1_93' title='bbox 980 1626 1021 1690; x_wconf 89' lang='lat' dir='ltr'><strong>ad</strong></span> <span class='ocrx_word' id='word_1_94' title='bbox 1037 1625 1125 1690; x_wconf 89' lang='lat' dir='ltr'><strong>solos</strong></span> <span class='ocrx_word' id='word_1_95' title='bbox 1147 1625 1290 1688; x_wconf 89' lang='lat' dir='ltr'><strong>emanci-</strong></span> 
     </span>
     <span class='ocr_line' id='line_1_12' title="bbox 46 1729 1290 1819; baseline 0.002 -25"><span class='ocrx_word' id='word_1_96' title='bbox 46 1739 134 1815; x_wconf 86' lang='lat' dir='ltr'><strong>patos</strong></span> <span class='ocrx_word' id='word_1_97' title='bbox 149 1731 295 1816; x_wconf 90' lang='lat' dir='ltr'><strong>pertinet</strong></span> <span class='ocrx_word' id='word_1_98' title='bbox 310 1729 354 1812; x_wconf 86' lang='lat'><strong>¹).</strong></span> <span class='ocrx_word' id='word_1_99' title='bbox 370 1729 528 1810; x_wconf 86' lang='lat' dir='ltr'><strong>Quamvis</strong></span> <span class='ocrx_word' id='word_1_100' title='bbox 542 1731 630 1794; x_wconf 90' lang='lat' dir='ltr'><strong>enim</strong></span> <span class='ocrx_word' id='word_1_101' title='bbox 646 1732 686 1795; x_wconf 91' lang='lat' dir='ltr'><strong>iis</strong></span> <span class='ocrx_word' id='word_1_102' title='bbox 702 1753 769 1795; x_wconf 94' lang='lat' dir='ltr'><strong>non</strong></span> <span class='ocrx_word' id='word_1_103' title='bbox 787 1732 1091 1819; x_wconf 84' lang='lat' dir='ltr'><strong>debeturlegitima</strong></span> <span class='ocrx_word' id='word_1_104' title='bbox 1104 1733 1290 1796; x_wconf 84' lang='lat' dir='ltr'><strong>hereditas:</strong></span> 
     </span>
    </p>
   </div>
   <div class='ocr_carea' id='block_1_7' title="bbox 45 1837 1394 1928">
    <p class='ocr_par' dir='ltr' id='par_1_7' title="bbox 45 1837 1394 1928">
     <span class='ocr_line' id='line_1_13' title="bbox 45 1837 1394 1928; baseline 0.001 -28"><span class='ocrx_word' id='word_1_105' title='bbox 45 1839 180 1903; x_wconf 87' lang='lat' dir='ltr'><strong>Praetor</strong></span> <span class='ocrx_word' id='word_1_106' title='bbox 195 1847 306 1904; x_wconf 86' lang='lat' dir='ltr'><strong>tamen</strong></span> <span class='ocrx_word' id='word_1_107' title='bbox 322 1837 504 1903; x_wconf 84' lang='lat' dir='ltr'><strong>naturalem</strong></span> <span class='ocrx_word' id='word_1_108' title='bbox 521 1848 677 1925; x_wconf 90' lang='lat' dir='ltr'><strong>sequutus</strong></span> <span class='ocrx_word' id='word_1_109' title='bbox 694 1840 894 1924; x_wconf 87' lang='lat' dir='ltr'><strong>aequitatem</strong></span> <span class='ocrx_word' id='word_1_110' title='bbox 908 1840 969 1904; x_wconf 91' lang='lat' dir='ltr'><strong>hos</strong></span> <span class='ocrx_word' id='word_1_111' title='bbox 982 1862 1116 1928; x_wconf 89' lang='lat' dir='ltr'><strong>quoque</strong></span> <span class='ocrx_word' id='word_1_112' title='bbox 1129 1840 1170 1903; x_wconf 89' lang='lat' dir='ltr'><strong>ad</strong></span> <span class='ocrx_word' id='word_1_113' title='bbox 1182 1841 1291 1903; x_wconf 92' lang='lat' dir='ltr'><strong>bono·</strong></span> <span class='ocrx_word' id='word_1_114' title='bbox 1391 1869 1394 1877; x_wconf 48' lang='lat' dir='ltr'><em>s</em></span> 
     </span>
    </p>
   </div>
   <div class='ocr_carea' id='block_1_8' title="bbox 42 1947 1292 3216">
    <p class='ocr_par' dir='ltr' id='par_1_8' title="bbox 42 1947 1292 3216">
     <span class='ocr_line' id='line_1_14' title="bbox 45 1947 1289 2031; baseline 0.001 -22"><span class='ocrx_word' id='word_1_115' title='bbox 45 1969 110 2010; x_wconf 91' lang='lat' dir='ltr'><strong>rum</strong></span> <span class='ocrx_word' id='word_1_116' title='bbox 126 1947 362 2031; x_wconf 89' lang='lat' dir='ltr'><strong>possessionem</strong></span> <span class='ocrx_word' id='word_1_117' title='bbox 387 1947 543 2010; x_wconf 77' lang='lat' dir='ltr'><strong>vocabats</strong></span> <span class='ocrx_word' id='word_1_118' title='bbox 565 1948 603 2009; x_wconf 79' lang='lat' dir='ltr'><strong>J..</strong></span> <span class='ocrx_word' id='word_1_119' title='bbox 619 1947 647 2009; x_wconf 93' lang='lat'><strong>1.</strong></span> <span class='ocrx_word' id='word_1_120' title='bbox 663 1949 691 2030; x_wconf 86' lang='lat'><strong>§.</strong></span> <span class='ocrx_word' id='word_1_121' title='bbox 708 1951 764 2010; x_wconf 81' lang='lat' dir='ltr'><strong>ult.</strong></span> <span class='ocrx_word' id='word_1_122' title='bbox 779 1947 820 2010; x_wconf 85' lang='grc' dir='ltr'><strong>Ι).</strong></span> <span class='ocrx_word' id='word_1_123' title='bbox 841 1949 918 2024; x_wconf 75' lang='lat' dir='ltr'><strong>Quis</strong></span> <span class='ocrx_word' id='word_1_124' title='bbox 936 1949 1011 2011; x_wconf 87' lang='lat' dir='ltr'><strong>ordo</strong></span> <span class='ocrx_word' id='word_1_125' title='bbox 1025 1954 1059 2011; x_wconf 82' lang='lat' dir='ltr'><strong>s&#39;n</strong></span> <span class='ocrx_word' id='word_1_126' title='bbox 1073 1952 1141 2012; x_wconf 85' lang='lat' dir='ltr'><strong>bon.</strong></span> <span class='ocrx_word' id='word_1_127' title='bbox 1153 1969 1289 2030; x_wconf 79' lang='lat' dir='ltr'><strong>possess.</strong></span> 
     </span>
     <span class='ocr_line' id='line_1_15' title="bbox 45 2053 1289 2141; baseline -0.001 -23"><span class='ocrx_word' id='word_1_128' title='bbox 45 2055 164 2119; x_wconf 90' lang='lat' dir='ltr'><strong>Eadem</strong></span> <span class='ocrx_word' id='word_1_129' title='bbox 186 2063 280 2138; x_wconf 89' lang='lat' dir='ltr'><strong>parte</strong></span> <span class='ocrx_word' id='word_1_130' title='bbox 310 2053 411 2116; x_wconf 88' lang='lat' dir='ltr'><strong>edicti</strong></span> <span class='ocrx_word' id='word_1_131' title='bbox 435 2056 578 2118; x_wconf 86' lang='lat' dir='ltr'><strong>vocabat</strong></span> <span class='ocrx_word' id='word_1_132' title='bbox 601 2055 794 2141; x_wconf 90' lang='lat' dir='ltr'><strong>adoptivos,</strong></span> <span class='ocrx_word' id='word_1_133' title='bbox 817 2077 884 2118; x_wconf 94' lang='lat' dir='ltr'><strong>non</strong></span> <span class='ocrx_word' id='word_1_134' title='bbox 907 2077 988 2119; x_wconf 91' lang='lat' dir='ltr'><strong>vero</strong></span> <span class='ocrx_word' id='word_1_135' title='bbox 1016 2056 1048 2118; x_wconf 93' lang='lat' dir='ltr'><strong>in</strong></span> <span class='ocrx_word' id='word_1_136' title='bbox 1074 2056 1289 2139; x_wconf 87' lang='lat' dir='ltr'><strong>adoptionem</strong></span> 
     </span>
     <span class='ocr_line' id='line_1_16' title="bbox 47 2161 1290 2247; baseline -0.001 -21"><span class='ocrx_word' id='word_1_137' title='bbox 47 2163 150 2226; x_wconf 88' lang='lat' dir='ltr'><strong>datos:</strong></span> <span class='ocrx_word' id='word_1_138' title='bbox 171 2161 310 2246; x_wconf 86' lang='lat' dir='ltr'><strong>Ulpiani</strong></span> <span class='ocrx_word' id='word_1_139' title='bbox 327 2163 455 2243; x_wconf 73' lang='lat' dir='ltr'><strong>Fingm.</strong></span> <span class='ocrx_word' id='word_1_140' title='bbox 470 2163 539 2224; x_wconf 84' lang='lat' dir='ltr'><strong>XX</strong></span> <span class='ocrx_word' id='word_1_141' title='bbox 541 2163 626 2226; x_wconf 88' lang='lat' dir='ltr'><em>VIII.</em></span> <span class='ocrx_word' id='word_1_142' title='bbox 639 2161 670 2225; x_wconf 83' lang='grc'><strong>3.</strong></span> <span class='ocrx_word' id='word_1_143' title='bbox 701 2163 773 2225; x_wconf 90' lang='lat' dir='ltr'><strong>Hos</strong></span> <span class='ocrx_word' id='word_1_144' title='bbox 800 2164 898 2244; x_wconf 86' lang='lat' dir='ltr'><strong>enim,</strong></span> <span class='ocrx_word' id='word_1_145' title='bbox 922 2165 1000 2247; x_wconf 93' lang='lat' dir='ltr'><strong>quia</strong></span> <span class='ocrx_word' id='word_1_146' title='bbox 1024 2163 1058 2225; x_wconf 93' lang='lat' dir='ltr'><strong>in</strong></span> <span class='ocrx_word' id='word_1_147' title='bbox 1074 2163 1173 2226; x_wconf 89' lang='lat' dir='ltr'><strong>aliam</strong></span> <span class='ocrx_word' id='word_1_148' title='bbox 1194 2163 1290 2226; x_wconf 85' lang='lat' dir='ltr'><strong>fami-</strong></span> 
     </span>
     <span class='ocr_line' id='line_1_17' title="bbox 44 2269 1289 2354; baseline -0.002 -20"><span class='ocrx_word' id='word_1_149' title='bbox 44 2271 117 2334; x_wconf 90' lang='lat' dir='ltr'><strong>liam</strong></span> <span class='ocrx_word' id='word_1_150' title='bbox 135 2269 265 2354; x_wconf 88' lang='lat' dir='ltr'><strong>aliaque</strong></span> <span class='ocrx_word' id='word_1_151' title='bbox 283 2289 374 2332; x_wconf 91' lang='lat' dir='ltr'><strong>sacra</strong></span> <span class='ocrx_word' id='word_1_152' title='bbox 389 2269 596 2352; x_wconf 85' lang='lat' dir='ltr'><strong>transierant,</strong></span> <span class='ocrx_word' id='word_1_153' title='bbox 612 2291 678 2332; x_wconf 93' lang='lat' dir='ltr'><strong>non</strong></span> <span class='ocrx_word' id='word_1_154' title='bbox 688 2270 829 2354; x_wconf 89' lang='lat' dir='ltr'><strong>juvabat</strong></span> <span class='ocrx_word' id='word_1_155' title='bbox 848 2269 1001 2353; x_wconf 85' lang='lat' dir='ltr'><strong>Praetor,</strong></span> <span class='ocrx_word' id='word_1_156' title='bbox 1024 2269 1086 2331; x_wconf 91' lang='lat' dir='ltr'><strong>nisi</strong></span> <span class='ocrx_word' id='word_1_157' title='bbox 1103 2291 1144 2333; x_wconf 93' lang='lat' dir='ltr'><strong>eo</strong></span> <span class='ocrx_word' id='word_1_158' title='bbox 1161 2293 1247 2350; x_wconf 89' lang='lat' dir='ltr'><strong>casu,</strong></span> <span class='ocrx_word' id='word_1_159' title='bbox 1263 2269 1289 2332; x_wconf 89' lang='lat' dir='ltr'><strong>si</strong></span> 
     </span>
     <span class='ocr_line' id='line_1_18' title="bbox 46 2375 1288 2463; baseline -0.002 -23"><span class='ocrx_word' id='word_1_160' title='bbox 46 2379 103 2462; x_wconf 91' lang='lat' dir='ltr'><strong>ipsi</strong></span> <span class='ocrx_word' id='word_1_161' title='bbox 120 2387 246 2463; x_wconf 86' lang='lat' dir='ltr'><strong>apatre</strong></span> <span class='ocrx_word' id='word_1_162' title='bbox 262 2377 404 2442; x_wconf 87' lang='lat' dir='ltr'><strong>naturali</strong></span> <span class='ocrx_word' id='word_1_163' title='bbox 419 2377 560 2442; x_wconf 88' lang='lat' dir='ltr'><strong>heredes</strong></span> <span class='ocrx_word' id='word_1_164' title='bbox 575 2378 716 2443; x_wconf 89' lang='lat' dir='ltr'><strong>instituti</strong></span> <span class='ocrx_word' id='word_1_165' title='bbox 733 2387 853 2458; x_wconf 89' lang='lat' dir='ltr'><strong>essent,</strong></span> <span class='ocrx_word' id='word_1_166' title='bbox 870 2376 976 2439; x_wconf 88' lang='lat' dir='ltr'><strong>etalii</strong></span> <span class='ocrx_word' id='word_1_167' title='bbox 991 2376 1089 2438; x_wconf 90' lang='lat' dir='ltr'><strong>liberi</strong></span> <span class='ocrx_word' id='word_1_168' title='bbox 1106 2375 1288 2459; x_wconf 89' lang='lat' dir='ltr'><strong>praeteriti.</strong></span> 
     </span>
     <span class='ocr_line' id='line_1_19' title="bbox 48 2463 1290 2570; baseline -0.002 -22"><span class='ocrx_word' id='word_1_169' title='bbox 48 2485 137 2548; x_wconf 81' lang='lat' dir='ltr'><strong>Tunc</strong></span> <span class='ocrx_word' id='word_1_170' title='bbox 152 2485 249 2564; x_wconf 90' lang='lat' dir='ltr'><strong>enim,</strong></span> <span class='ocrx_word' id='word_1_171' title='bbox 262 2485 322 2562; x_wconf 66' lang='lat' dir='ltr'><strong>iris,</strong></span> <span class='ocrx_word' id='word_1_172' title='bbox 336 2485 497 2548; x_wconf 90' lang='lat' dir='ltr'><strong>bonorum</strong></span> <span class='ocrx_word' id='word_1_173' title='bbox 519 2463 758 2570; x_wconf 85' lang='lat' dir='ltr'><strong>possessionem</strong></span> <span class='ocrx_word' id='word_1_174' title='bbox 786 2483 986 2570; x_wconf 88' lang='lat' dir='ltr'><strong>petentibus,</strong></span> <span class='ocrx_word' id='word_1_175' title='bbox 1010 2481 1061 2547; x_wconf 91' lang='lat' dir='ltr'><strong>illi</strong></span> <span class='ocrx_word' id='word_1_176' title='bbox 1077 2505 1209 2569; x_wconf 92' lang='lat' dir='ltr'><strong>quoque</strong></span> <span class='ocrx_word' id='word_1_177' title='bbox 1226 2505 1290 2546; x_wconf 91' lang='lat' dir='ltr'><strong>una</strong></span> 
     </span>
     <span class='ocr_line' id='line_1_20' title="bbox 46 2591 1291 2674; baseline -0.003 -18"><span class='ocrx_word' id='word_1_178' title='bbox 46 2591 313 2657; x_wconf 84' lang='lat' dir='ltr'><strong>admittebantur:</strong></span> <span class='ocrx_word' id='word_1_179' title='bbox 335 2595 373 2658; x_wconf 79' lang='lat' dir='ltr'><strong>L.</strong></span> <span class='ocrx_word' id='word_1_180' title='bbox 389 2593 419 2657; x_wconf 84' lang='grc'><strong>8.</strong></span> <span class='ocrx_word' id='word_1_181' title='bbox 442 2595 470 2674; x_wconf 84' lang='lat'><strong>§.</strong></span> <span class='ocrx_word' id='word_1_182' title='bbox 482 2594 532 2654; x_wconf 92' lang='lat' dir='ltr'><strong>ll.</strong></span> <span class='ocrx_word' id='word_1_183' title='bbox 548 2596 588 2655; x_wconf 89' lang='grc'><strong>1).</strong></span> <span class='ocrx_word' id='word_1_184' title='bbox 605 2597 644 2657; x_wconf 84' lang='lat' dir='ltr'><strong>de</strong></span> <span class='ocrx_word' id='word_1_185' title='bbox 659 2596 739 2656; x_wconf 82' lang='lat' dir='ltr'><strong>Bon.</strong></span> <span class='ocrx_word' id='word_1_186' title='bbox 759 2614 893 2674; x_wconf 80' lang='lat' dir='ltr'><strong>possess.</strong></span> <span class='ocrx_word' id='word_1_187' title='bbox 908 2600 1018 2654; x_wconf 82' lang='lat' dir='ltr'><strong>eontra</strong></span> <span class='ocrx_word' id='word_1_188' title='bbox 1038 2593 1098 2653; x_wconf 79' lang='lat' dir='ltr'><strong>tab.</strong></span> <span class='ocrx_word' id='word_1_189' title='bbox 1108 2593 1146 2654; x_wconf 79' lang='lat' dir='ltr'><strong>J..</strong></span> <span class='ocrx_word' id='word_1_190' title='bbox 1155 2591 1184 2654; x_wconf 92' lang='lat'><strong>1.</strong></span> <span class='ocrx_word' id='word_1_191' title='bbox 1200 2593 1228 2672; x_wconf 60' lang='grc' dir='ltr'><strong>ἕ.</strong></span> <span class='ocrx_word' id='word_1_192' title='bbox 1240 2591 1291 2654; x_wconf 83' lang='lat'><strong>12.</strong></span> 
     </span>
     <span class='ocr_line' id='line_1_21' title="bbox 46 2681 1291 2783; baseline -0.001 -21"><span class='ocrx_word' id='word_1_193' title='bbox 46 2704 82 2762; x_wconf 88' lang='lat' dir='ltr'><strong>D.</strong></span> <span class='ocrx_word' id='word_1_194' title='bbox 90 2703 132 2762; x_wconf 80' lang='lat' dir='ltr'><strong>rie</strong></span> <span class='ocrx_word' id='word_1_195' title='bbox 145 2701 259 2763; x_wconf 84' lang='lat' dir='ltr'><strong>Ventre</strong></span> <span class='ocrx_word' id='word_1_196' title='bbox 274 2707 307 2764; x_wconf 68' lang='grc' dir='ltr'><strong>ἐπ</strong></span> <span class='ocrx_word' id='word_1_197' title='bbox 317 2721 402 2782; x_wconf 90' lang='lat' dir='ltr'><strong>poss.</strong></span> <span class='ocrx_word' id='word_1_198' title='bbox 418 2705 494 2762; x_wconf 71' lang='lat' dir='ltr'><strong>matt.</strong></span> <span class='ocrx_word' id='word_1_199' title='bbox 516 2681 610 2764; x_wconf 77' lang='lat' dir='ltr'><strong>Alias</strong></span> <span class='ocrx_word' id='word_1_200' title='bbox 621 2699 702 2763; x_wconf 88' lang='lat' dir='ltr'><strong>nihil</strong></span> <span class='ocrx_word' id='word_1_201' title='bbox 718 2702 888 2781; x_wconf 89' lang='lat' dir='ltr'><strong>intererat,</strong></span> <span class='ocrx_word' id='word_1_202' title='bbox 901 2700 970 2763; x_wconf 91' lang='lat' dir='ltr'><strong>sive</strong></span> <span class='ocrx_word' id='word_1_203' title='bbox 981 2699 1179 2783; x_wconf 88' lang='lat' dir='ltr'><strong>emancipati</strong></span> <span class='ocrx_word' id='word_1_204' title='bbox 1195 2708 1291 2762; x_wconf 89' lang='lat' dir='ltr'><strong>natu-</strong></span> 
     </span>
     <span class='ocr_line' id='line_1_22' title="bbox 46 2805 1290 2892; baseline -0.001 -24"><span class='ocrx_word' id='word_1_205' title='bbox 46 2807 125 2870; x_wconf 88' lang='lat' dir='ltr'><strong>rales</strong></span> <span class='ocrx_word' id='word_1_206' title='bbox 141 2815 261 2889; x_wconf 92' lang='lat' dir='ltr'><strong>essent,</strong></span> <span class='ocrx_word' id='word_1_207' title='bbox 284 2809 354 2871; x_wconf 88' lang='lat' dir='ltr'><strong>sive</strong></span> <span class='ocrx_word' id='word_1_208' title='bbox 380 2806 597 2892; x_wconf 66' lang='lat' dir='ltr'><strong>adoptivis),</strong></span> <span class='ocrx_word' id='word_1_209' title='bbox 620 2807 688 2871; x_wconf 88' lang='lat' dir='ltr'><strong>sive</strong></span> <span class='ocrx_word' id='word_1_210' title='bbox 709 2809 789 2890; x_wconf 89' lang='lat' dir='ltr'><strong>nati,</strong></span> <span class='ocrx_word' id='word_1_211' title='bbox 816 2810 885 2872; x_wconf 91' lang='lat' dir='ltr'><strong>sive</strong></span> <span class='ocrx_word' id='word_1_212' title='bbox 909 2806 1063 2892; x_wconf 89' lang='lat' dir='ltr'><strong>postumi,</strong></span> <span class='ocrx_word' id='word_1_213' title='bbox 1091 2807 1161 2869; x_wconf 91' lang='lat' dir='ltr'><strong>sive</strong></span> <span class='ocrx_word' id='word_1_214' title='bbox 1182 2805 1290 2889; x_wconf 90' lang='lat' dir='ltr'><strong>primi,</strong></span> 
     </span>
     <span class='ocr_line' id='line_1_23' title="bbox 46 2913 1291 3000; baseline -0.004 -22"><span class='ocrx_word' id='word_1_215' title='bbox 46 2916 109 2978; x_wconf 90' lang='lat' dir='ltr'><strong>sive</strong></span> <span class='ocrx_word' id='word_1_216' title='bbox 131 2913 324 2978; x_wconf 89' lang='lat' dir='ltr'><strong>ulteriorum</strong></span> <span class='ocrx_word' id='word_1_217' title='bbox 350 2915 526 3000; x_wconf 75' lang='lat' dir='ltr'><strong>graduumr</strong></span> <span class='ocrx_word' id='word_1_218' title='bbox 551 2916 589 2977; x_wconf 73' lang='grc' dir='ltr'><strong>Ιι.</strong></span> <span class='ocrx_word' id='word_1_219' title='bbox 608 2915 637 2978; x_wconf 92' lang='grc'><strong>1.</strong></span> <span class='ocrx_word' id='word_1_220' title='bbox 654 2916 754 2997; x_wconf 67' lang='lat' dir='ltr'><strong>pnIn</strong></span> <span class='ocrx_word' id='word_1_221' title='bbox 775 2915 804 2978; x_wconf 85' lang='grc'><strong>3.</strong></span> <span class='ocrx_word' id='word_1_222' title='bbox 816 2937 866 2998; x_wconf 86' lang='lat' dir='ltr'><strong>pr.</strong></span> <span class='ocrx_word' id='word_1_223' title='bbox 893 2917 922 2998; x_wconf 62' lang='grc' dir='ltr'><strong>ς.</strong></span> <span class='ocrx_word' id='word_1_224' title='bbox 940 2915 969 2975; x_wconf 93' lang='grc'><strong>1.</strong></span> <span class='ocrx_word' id='word_1_225' title='bbox 987 2922 1021 2977; x_wconf 90' lang='lat' dir='ltr'><strong>et</strong></span> <span class='ocrx_word' id='word_1_226' title='bbox 1035 2937 1080 2998; x_wconf 89' lang='lat' dir='ltr'><strong>sq.</strong></span> <span class='ocrx_word' id='word_1_227' title='bbox 1101 2914 1142 2975; x_wconf 88' lang='lat' dir='ltr'><strong>D.</strong></span> <span class='ocrx_word' id='word_1_228' title='bbox 1159 2915 1197 2974; x_wconf 81' lang='lat' dir='ltr'><strong>de</strong></span> <span class='ocrx_word' id='word_1_229' title='bbox 1209 2913 1291 2980; x_wconf 86' lang='lat' dir='ltr'><strong>Bon.</strong></span> 
     </span>
     <span class='ocr_line' id='line_1_24' title="bbox 42 3021 1292 3106; baseline -0.002 -22"><span class='ocrx_word' id='word_1_230' title='bbox 42 3043 118 3104; x_wconf 86' lang='lat' dir='ltr'><strong>poss.</strong></span> <span class='ocrx_word' id='word_1_231' title='bbox 133 3033 244 3084; x_wconf 84' lang='lat' dir='ltr'><strong>contra</strong></span> <span class='ocrx_word' id='word_1_232' title='bbox 259 3025 320 3084; x_wconf 81' lang='lat' dir='ltr'><strong>tab.</strong></span> <span class='ocrx_word' id='word_1_233' title='bbox 330 3022 485 3087; x_wconf 88' lang='lat' dir='ltr'><strong>Ceterum</strong></span> <span class='ocrx_word' id='word_1_234' title='bbox 500 3021 710 3106; x_wconf 88' lang='lat' dir='ltr'><strong>emancipati,</strong></span> <span class='ocrx_word' id='word_1_235' title='bbox 726 3023 902 3106; x_wconf 88' lang='lat' dir='ltr'><strong>impetrata</strong></span> <span class='ocrx_word' id='word_1_236' title='bbox 913 3031 1028 3086; x_wconf 87' lang='lat' dir='ltr'><strong>contra</strong></span> <span class='ocrx_word' id='word_1_237' title='bbox 1042 3021 1172 3086; x_wconf 91' lang='lat' dir='ltr'><strong>tabulas</strong></span> <span class='ocrx_word' id='word_1_238' title='bbox 1184 3021 1292 3084; x_wconf 85' lang='lat' dir='ltr'><strong>bono-</strong></span> 
     </span>
     <span class='ocr_line' id='line_1_25' title="bbox 45 3131 1292 3216; baseline -0.002 -22"><span class='ocrx_word' id='word_1_239' title='bbox 45 3150 107 3194; x_wconf 91' lang='lat' dir='ltr'><strong>rum</strong></span> <span class='ocrx_word' id='word_1_240' title='bbox 123 3131 344 3215; x_wconf 89' lang='lat' dir='ltr'><strong>possessione,</strong></span> <span class='ocrx_word' id='word_1_241' title='bbox 367 3151 485 3196; x_wconf 87' lang='lat' dir='ltr'><strong>cavera</strong></span> <span class='ocrx_word' id='word_1_242' title='bbox 509 3131 679 3195; x_wconf 88' lang='lat' dir='ltr'><strong>debebant</strong></span> <span class='ocrx_word' id='word_1_243' title='bbox 695 3131 859 3212; x_wconf 88' lang='lat' dir='ltr'><strong>fratribus,</strong></span> <span class='ocrx_word' id='word_1_244' title='bbox 882 3131 939 3216; x_wconf 92' lang='lat' dir='ltr'><strong>qui</strong></span> <span class='ocrx_word' id='word_1_245' title='bbox 960 3132 995 3194; x_wconf 92' lang='lat' dir='ltr'><strong>in</strong></span> <span class='ocrx_word' id='word_1_246' title='bbox 1015 3137 1180 3214; x_wconf 89' lang='lat' dir='ltr'><strong>potestate</strong></span> <span class='ocrx_word' id='word_1_247' title='bbox 1200 3149 1292 3192; x_wconf 89' lang='lat' dir='ltr'><strong>man·-</strong></span> 
     </span>
    </p>
   </div>
   <div class='ocr_carea' id='block_1_9' title="bbox 108 3389 1291 3460">
    <p class='ocr_par' dir='ltr' id='par_1_9' title="bbox 108 3389 1291 3460">
     <span class='ocr_line' id='line_1_26' title="bbox 108 3389 1291 3460; baseline -0.003 -16"><span class='ocrx_word' id='word_1_248' title='bbox 108 3394 139 3460; x_wconf 90' lang='grc'><strong>1)</strong></span> <span class='ocrx_word' id='word_1_249' title='bbox 160 3391 204 3446; x_wconf 86' lang='lat' dir='ltr'><strong>De</strong></span> <span class='ocrx_word' id='word_1_250' title='bbox 220 3390 354 3458; x_wconf 86' lang='lat' dir='ltr'><strong>personis,</strong></span> <span class='ocrx_word' id='word_1_251' title='bbox 381 3407 451 3460; x_wconf 85' lang='lat' dir='ltr'><strong>quae</strong></span> <span class='ocrx_word' id='word_1_252' title='bbox 468 3392 504 3444; x_wconf 89' lang='lat' dir='ltr'><strong>ad</strong></span> <span class='ocrx_word' id='word_1_253' title='bbox 522 3398 616 3446; x_wconf 83' lang='lat' dir='ltr'><strong>contra</strong></span> <span class='ocrx_word' id='word_1_254' title='bbox 641 3391 747 3444; x_wconf 89' lang='lat' dir='ltr'><strong>tabulas</strong></span> <span class='ocrx_word' id='word_1_255' title='bbox 771 3391 905 3443; x_wconf 88' lang='lat' dir='ltr'><strong>bonorum</strong></span> <span class='ocrx_word' id='word_1_256' title='bbox 932 3389 1134 3455; x_wconf 89' lang='lat' dir='ltr'><strong>possessionem</strong></span> <span class='ocrx_word' id='word_1_257' title='bbox 1151 3394 1291 3452; x_wconf 83' lang='lat' dir='ltr'><strong>vocantur,</strong></span> 
     </span>
    </p>
   </div>
   <div class='ocr_carea' id='block_1_10' title="bbox 47 3473 1398 3544">
    <p class='ocr_par' dir='ltr' id='par_1_10' title="bbox 47 3473 1398 3544">
     <span class='ocr_line' id='line_1_27' title="bbox 47 3473 1398 3544; baseline -0.001 -17"><span class='ocrx_word' id='word_1_258' title='bbox 47 3476 93 3530; x_wconf 84' lang='lat' dir='ltr'><strong>rid.</strong></span> <span class='ocrx_word' id='word_1_259' title='bbox 105 3477 169 3543; x_wconf 73' lang='lat' dir='ltr'><strong>Gaj.</strong></span> <span class='ocrx_word' id='word_1_260' title='bbox 180 3475 218 3528; x_wconf 92' lang='lat'><strong>11.</strong></span> <span class='ocrx_word' id='word_1_261' title='bbox 235 3477 257 3544; x_wconf 66' lang='grc' dir='ltr'><strong>ξ.</strong></span> <span class='ocrx_word' id='word_1_262' title='bbox 271 3481 328 3530; x_wconf 85' lang='grc'><strong>136.</strong></span> <span class='ocrx_word' id='word_1_263' title='bbox 354 3477 402 3544; x_wconf 85' lang='lat' dir='ltr'><strong>(cf.</strong></span> <span class='ocrx_word' id='word_1_264' title='bbox 414 3474 480 3530; x_wconf 88' lang='lat' dir='ltr'><strong>ibid.</strong></span> <span class='ocrx_word' id='word_1_265' title='bbox 491 3478 511 3544; x_wconf 66' lang='grc' dir='ltr'><strong>ς.</strong></span> <span class='ocrx_word' id='word_1_266' title='bbox 528 3481 586 3530; x_wconf 74' lang='grc'><strong>116.</strong></span> <span class='ocrx_word' id='word_1_267' title='bbox 601 3475 673 3541; x_wconf 74' lang='lat' dir='ltr'><strong>rau)</strong></span> <span class='ocrx_word' id='word_1_268' title='bbox 692 3479 749 3527; x_wconf 82' lang='grc'><strong>166.</strong></span> <span class='ocrx_word' id='word_1_269' title='bbox 767 3481 794 3527; x_wconf 90' lang='lat' dir='ltr'><strong>et</strong></span> <span class='ocrx_word' id='word_1_270' title='bbox 806 3473 940 3528; x_wconf 84' lang='lat' dir='ltr'><strong>Foersteri</strong></span> <span class='ocrx_word' id='word_1_271' title='bbox 958 3475 1058 3528; x_wconf 86' lang='lat' dir='ltr'><strong>librum</strong></span> <span class='ocrx_word' id='word_1_272' title='bbox 1072 3491 1156 3541; x_wconf 88' lang='lat' dir='ltr'><strong>snpra</strong></span> <span class='ocrx_word' id='word_1_273' title='bbox 1175 3475 1290 3544; x_wconf 82' lang='lat' dir='ltr'><strong>(nota)</strong></span> <span class='ocrx_word' id='word_1_274' title='bbox 1393 3522 1398 3533; x_wconf 86' lang='grc'><em>,</em></span> 
     </span>
    </p>
   </div>
   <div class='ocr_carea' id='block_1_11' title="bbox 46 3559 1293 3883">
    <p class='ocr_par' dir='ltr' id='par_1_11' title="bbox 46 3559 1293 3883">
     <span class='ocr_line' id='line_1_28' title="bbox 46 3559 1292 3628; baseline 0.001 -15"><span class='ocrx_word' id='word_1_275' title='bbox 46 3562 189 3624; x_wconf 87' lang='lat' dir='ltr'><strong>laudatum,</strong></span> <span class='ocrx_word' id='word_1_276' title='bbox 209 3561 257 3628; x_wconf 89' lang='lat' dir='ltr'><strong>qui</strong></span> <span class='ocrx_word' id='word_1_277' title='bbox 280 3561 308 3614; x_wconf 90' lang='lat' dir='ltr'><strong>in</strong></span> <span class='ocrx_word' id='word_1_278' title='bbox 332 3563 463 3614; x_wconf 85' lang='lat' dir='ltr'><strong>hocloco</strong></span> <span class='ocrx_word' id='word_1_279' title='bbox 485 3560 647 3626; x_wconf 83' lang='lat' dir='ltr'><strong>explicando</strong></span> <span class='ocrx_word' id='word_1_280' title='bbox 672 3565 745 3612; x_wconf 92' lang='lat' dir='ltr'><strong>totus</strong></span> <span class='ocrx_word' id='word_1_281' title='bbox 768 3562 824 3614; x_wconf 84' lang='lat' dir='ltr'><strong>fere</strong></span> <span class='ocrx_word' id='word_1_282' title='bbox 849 3567 998 3627; x_wconf 84' lang='lat' dir='ltr'><strong>occupatus</strong></span> <span class='ocrx_word' id='word_1_283' title='bbox 1017 3565 1066 3612; x_wconf 81' lang='lat' dir='ltr'><strong>est.</strong></span> <span class='ocrx_word' id='word_1_284' title='bbox 1079 3587 1111 3600; x_wconf 87' lang='lat'>-</span> <span class='ocrx_word' id='word_1_285' title='bbox 1127 3563 1169 3613; x_wconf 88' lang='lat' dir='ltr'><strong>De</strong></span> <span class='ocrx_word' id='word_1_286' title='bbox 1186 3559 1292 3626; x_wconf 80' lang='lat' dir='ltr'><strong>vulgari</strong></span> 
     </span>
     <span class='ocr_line' id='line_1_29' title="bbox 46 3633 1291 3714; baseline -0.002 -16"><span class='ocrx_word' id='word_1_287' title='bbox 46 3663 134 3701; x_wconf 78' lang='lat' dir='ltr'><strong>mrum</strong></span> <span class='ocrx_word' id='word_1_288' title='bbox 153 3647 295 3709; x_wconf 87' lang='lat' dir='ltr'><strong>sententia,</strong></span> <span class='ocrx_word' id='word_1_289' title='bbox 315 3645 362 3714; x_wconf 89' lang='lat' dir='ltr'><strong>qui</strong></span> <span class='ocrx_word' id='word_1_290' title='bbox 381 3652 442 3700; x_wconf 87' lang='lat' dir='ltr'><strong>ante</strong></span> <span class='ocrx_word' id='word_1_291' title='bbox 460 3651 580 3699; x_wconf 82' lang='lat' dir='ltr'><strong>nostram</strong></span> <span class='ocrx_word' id='word_1_292' title='bbox 596 3650 711 3699; x_wconf 86' lang='lat' dir='ltr'><strong>aetatem</strong></span> <span class='ocrx_word' id='word_1_293' title='bbox 729 3646 764 3699; x_wconf 89' lang='lat' dir='ltr'><strong>dc</strong></span> <span class='ocrx_word' id='word_1_294' title='bbox 781 3646 914 3698; x_wconf 88' lang='lat' dir='ltr'><strong>bonorum</strong></span> <span class='ocrx_word' id='word_1_295' title='bbox 933 3633 1106 3712; x_wconf 85' lang='lat' dir='ltr'><strong>possessione</strong></span> <span class='ocrx_word' id='word_1_296' title='bbox 1117 3645 1291 3712; x_wconf 85' lang='lat' dir='ltr'><strong>scripserunt,</strong></span> 
     </span>
     <span class='ocr_line' id='line_1_30' title="bbox 46 3729 1293 3798; baseline 0.002 -16"><span class='ocrx_word' id='word_1_297' title='bbox 46 3731 168 3786; x_wconf 84' lang='lat' dir='ltr'><strong>nimirum</strong></span> <span class='ocrx_word' id='word_1_298' title='bbox 193 3732 304 3786; x_wconf 88' lang='lat' dir='ltr'><strong>illorum</strong></span> <span class='ocrx_word' id='word_1_299' title='bbox 328 3732 471 3785; x_wconf 81' lang='lat' dir='ltr'><strong>dumtaxat</strong></span> <span class='ocrx_word' id='word_1_300' title='bbox 491 3730 520 3784; x_wconf 92' lang='lat' dir='ltr'><strong>in</strong></span> <span class='ocrx_word' id='word_1_301' title='bbox 539 3729 663 3797; x_wconf 84' lang='lat' dir='ltr'><strong>gratiam,</strong></span> <span class='ocrx_word' id='word_1_302' title='bbox 689 3731 736 3798; x_wconf 94' lang='lat' dir='ltr'><strong>qui</strong></span> <span class='ocrx_word' id='word_1_303' title='bbox 761 3731 941 3784; x_wconf 86' lang='lat' dir='ltr'><strong>successionis</strong></span> <span class='ocrx_word' id='word_1_304' title='bbox 966 3749 1001 3784; x_wconf 83' lang='lat' dir='ltr'><strong>ex</strong></span> <span class='ocrx_word' id='word_1_305' title='bbox 1021 3731 1085 3798; x_wconf 85' lang='lat' dir='ltr'><strong>jure</strong></span> <span class='ocrx_word' id='word_1_306' title='bbox 1102 3730 1175 3783; x_wconf 84' lang='lat' dir='ltr'><strong>cirili</strong></span> <span class='ocrx_word' id='word_1_307' title='bbox 1192 3730 1293 3784; x_wconf 82' lang='lat' dir='ltr'><strong>fuerint</strong></span> 
     </span>
     <span class='ocr_line' id='line_1_31' title="bbox 47 3814 1293 3883; baseline -0.001 -16"><span class='ocrx_word' id='word_1_308' title='bbox 47 3825 175 3883; x_wconf 82' lang='lat' dir='ltr'><strong>expertes,</strong></span> <span class='ocrx_word' id='word_1_309' title='bbox 196 3818 331 3870; x_wconf 85' lang='lat' dir='ltr'><strong>bonorum</strong></span> <span class='ocrx_word' id='word_1_310' title='bbox 350 3815 551 3883; x_wconf 88' lang='lat' dir='ltr'><strong>possessionem</strong></span> <span class='ocrx_word' id='word_1_311' title='bbox 569 3831 629 3868; x_wconf 88' lang='lat' dir='ltr'><strong>esse</strong></span> <span class='ocrx_word' id='word_1_312' title='bbox 647 3814 837 3880; x_wconf 78' lang='lat' dir='ltr'><strong>introductam,</strong></span> <span class='ocrx_word' id='word_1_313' title='bbox 858 3817 917 3883; x_wconf 84' lang='lat' dir='ltr'><strong>jam</strong></span> <span class='ocrx_word' id='word_1_314' title='bbox 935 3817 1001 3870; x_wconf 89' lang='lat' dir='ltr'><strong>satis</strong></span> <span class='ocrx_word' id='word_1_315' title='bbox 1024 3820 1109 3871; x_wconf 87' lang='lat' dir='ltr'><strong>multa</strong></span> <span class='ocrx_word' id='word_1_316' title='bbox 1126 3831 1210 3880; x_wconf 90' lang='lat' dir='ltr'><strong>supra</strong></span> <span class='ocrx_word' id='word_1_317' title='bbox 1229 3820 1293 3866; x_wconf 89' lang='lat' dir='ltr'><strong>sunt</strong></span> 
     </span>
    </p>
   </div>
   <div class='ocr_carea' id='block_1_12' title="bbox 47 3898 1456 3970">
    <p class='ocr_par' dir='ltr' id='par_1_12' title="bbox 47 3898 1456 3970">
     <span class='ocr_line' id='line_1_32' title="bbox 47 3898 1456 3970; baseline -0.001 -16"><span class='ocrx_word' id='word_1_318' title='bbox 47 3903 184 3958; x_wconf 86' lang='lat' dir='ltr'><strong>observata</strong></span> <span class='ocrx_word' id='word_1_319' title='bbox 197 3904 270 3968; x_wconf 90' lang='lat' dir='ltr'><strong>(not.</strong></span> <span class='ocrx_word' id='word_1_320' title='bbox 287 3919 304 3952; x_wconf 91' lang='lat' dir='ltr'><strong>c</strong></span> <span class='ocrx_word' id='word_1_321' title='bbox 320 3908 347 3954; x_wconf 86' lang='lat' dir='ltr'><strong>et</strong></span> <span class='ocrx_word' id='word_1_322' title='bbox 364 3902 405 3967; x_wconf 86' lang='lat' dir='ltr'><strong>e).</strong></span> <span class='ocrx_word' id='word_1_323' title='bbox 418 3903 461 3968; x_wconf 25' lang='lat' dir='ltr'><strong>,At</strong></span> <span class='ocrx_word' id='word_1_324' title='bbox 476 3902 612 3954; x_wconf 88' lang='lat' dir='ltr'><strong>notandus</strong></span> <span class='ocrx_word' id='word_1_325' title='bbox 630 3901 674 3953; x_wconf 91' lang='lat' dir='ltr'><strong>hic</strong></span> <span class='ocrx_word' id='word_1_326' title='bbox 691 3898 772 3952; x_wconf 82' lang='lat' dir='ltr'><strong>eliam</strong></span> <span class='ocrx_word' id='word_1_327' title='bbox 790 3906 831 3952; x_wconf 88' lang='lat' dir='ltr'><strong>est</strong></span> <span class='ocrx_word' id='word_1_328' title='bbox 844 3900 1026 3967; x_wconf 81' lang='lat' dir='ltr'><strong>foedissimus,</strong></span> <span class='ocrx_word' id='word_1_329' title='bbox 1045 3902 1092 3970; x_wconf 90' lang='lat' dir='ltr'><strong>qui</strong></span> <span class='ocrx_word' id='word_1_330' title='bbox 1107 3902 1170 3954; x_wconf 88' lang='lat' dir='ltr'><strong>inde</strong></span> <span class='ocrx_word' id='word_1_331' title='bbox 1183 3900 1292 3968; x_wconf 87' lang='lat' dir='ltr'><strong>prodiit,</strong></span> <span class='ocrx_word' id='word_1_332' title='bbox 1376 3959 1378 3970; x_wconf 39' lang='grc' dir='ltr'>Ι</span> <span class='ocrx_word' id='word_1_333' title='bbox 1451 3953 1456 3964; x_wconf 67' lang='grc'>,</span> 
     </span>
    </p>
   </div>
   <div class='ocr_carea' id='block_1_13' title="bbox 46 3984 1328 4651">
    <p class='ocr_par' dir='ltr' id='par_1_13' title="bbox 46 3984 1328 4651">
     <span class='ocr_line' id='line_1_33' title="bbox 47 3984 1293 4054; baseline 0.002 -18"><span class='ocrx_word' id='word_1_334' title='bbox 47 3985 167 4040; x_wconf 77' lang='lat' dir='ltr'><strong>Auctoris</strong></span> <span class='ocrx_word' id='word_1_335' title='bbox 186 4002 271 4049; x_wconf 87' lang='lat' dir='ltr'><strong>error,</strong></span> <span class='ocrx_word' id='word_1_336' title='bbox 290 3985 391 4054; x_wconf 87' lang='lat' dir='ltr'><strong>quippo</strong></span> <span class='ocrx_word' id='word_1_337' title='bbox 408 3985 449 4038; x_wconf 90' lang='lat' dir='ltr'><strong>sic</strong></span> <span class='ocrx_word' id='word_1_338' title='bbox 466 3984 627 4049; x_wconf 81' lang='lat' dir='ltr'><strong>explicantis</strong></span> <span class='ocrx_word' id='word_1_339' title='bbox 646 3985 758 4050; x_wconf 88' lang='lat' dir='ltr'><strong>Ulpiani</strong></span> <span class='ocrx_word' id='word_1_340' title='bbox 775 3988 865 4038; x_wconf 88' lang='lat' dir='ltr'><strong>locum</strong></span> <span class='ocrx_word' id='word_1_341' title='bbox 881 3987 929 4052; x_wconf 87' lang='lat' dir='ltr'><strong>(L.</strong></span> <span class='ocrx_word' id='word_1_342' title='bbox 946 3992 968 4038; x_wconf 85' lang='lat'><strong>1.</strong></span> <span class='ocrx_word' id='word_1_343' title='bbox 984 4003 1028 4054; x_wconf 87' lang='lat' dir='ltr'><strong>pr.</strong></span> <span class='ocrx_word' id='word_1_344' title='bbox 1047 3989 1083 4040; x_wconf 91' lang='lat' dir='ltr'><strong>D.</strong></span> <span class='ocrx_word' id='word_1_345' title='bbox 1105 3989 1137 4039; x_wconf 82' lang='lat' dir='ltr'><strong>ds</strong></span> <span class='ocrx_word' id='word_1_346' title='bbox 1155 3984 1213 4038; x_wconf 80' lang='lat' dir='ltr'><strong>bon.</strong></span> <span class='ocrx_word' id='word_1_347' title='bbox 1223 4003 1293 4054; x_wconf 84' lang='lat' dir='ltr'><strong>poss.</strong></span> 
     </span>
     <span class='ocr_line' id='line_1_34' title="bbox 47 4070 1293 4136; baseline 0.003 -18"><span class='ocrx_word' id='word_1_348' title='bbox 47 4081 132 4125; x_wconf 78' lang='lat' dir='ltr'><strong>contra</strong></span> <span class='ocrx_word' id='word_1_349' title='bbox 151 4070 204 4124; x_wconf 78' lang='lat' dir='ltr'><strong>tab.</strong></span> <span class='ocrx_word' id='word_1_350' title='bbox 224 4075 279 4136; x_wconf 88' lang='lat' dir='ltr'><strong>„In</strong></span> <span class='ocrx_word' id='word_1_351' title='bbox 297 4077 390 4124; x_wconf 86' lang='lat' dir='ltr'><strong>contra</strong></span> <span class='ocrx_word' id='word_1_352' title='bbox 408 4071 463 4122; x_wconf 86' lang='lat' dir='ltr'><strong>tab.</strong></span> <span class='ocrx_word' id='word_1_353' title='bbox 478 4071 514 4129; x_wconf 89' lang='lat' dir='ltr'><strong>B.</strong></span> <span class='ocrx_word' id='word_1_354' title='bbox 528 4071 561 4121; x_wconf 91' lang='grc' dir='ltr'><strong>Ρ.</strong></span> <span class='ocrx_word' id='word_1_355' title='bbox 580 4070 681 4123; x_wconf 87' lang='lat' dir='ltr'><strong>liberos</strong></span> <span class='ocrx_word' id='word_1_356' title='bbox 700 4070 820 4135; x_wconf 88' lang='lat' dir='ltr'><strong>accipere</strong></span> <span class='ocrx_word' id='word_1_357' title='bbox 838 4072 978 4135; x_wconf 87' lang='lat' dir='ltr'><strong>debemus,</strong></span> <span class='ocrx_word' id='word_1_358' title='bbox 996 4070 1053 4123; x_wconf 84' lang='lat' dir='ltr'><strong>sive</strong></span> <span class='ocrx_word' id='word_1_359' title='bbox 1070 4074 1217 4135; x_wconf 83' lang='lat' dir='ltr'><strong>naturales,</strong></span> <span class='ocrx_word' id='word_1_360' title='bbox 1236 4071 1293 4124; x_wconf 89' lang='lat' dir='ltr'><strong>sive</strong></span> 
     </span>
     <span class='ocr_line' id='line_1_35' title="bbox 46 4155 1292 4225; baseline 0.002 -19"><span class='ocrx_word' id='word_1_361' title='bbox 46 4156 230 4223; x_wconf 83' lang='lat' dir='ltr'><strong>adoptivos”),</strong></span> <span class='ocrx_word' id='word_1_362' title='bbox 250 4157 330 4225; x_wconf 90' lang='lat' dir='ltr'><strong>quasi</strong></span> <span class='ocrx_word' id='word_1_363' title='bbox 348 4155 483 4222; x_wconf 82' lang='lat' dir='ltr'><strong>adoptivis</strong></span> <span class='ocrx_word' id='word_1_364' title='bbox 503 4170 613 4224; x_wconf 90' lang='lat' dir='ltr'><strong>quoque</strong></span> <span class='ocrx_word' id='word_1_365' title='bbox 630 4155 719 4223; x_wconf 89' lang='lat' dir='ltr'><strong>iisque</strong></span> <span class='ocrx_word' id='word_1_366' title='bbox 737 4155 913 4222; x_wconf 86' lang='lat' dir='ltr'><strong>emancipatis</strong></span> <span class='ocrx_word' id='word_1_367' title='bbox 937 4159 1031 4207; x_wconf 89' lang='lat' dir='ltr'><strong>contra</strong></span> <span class='ocrx_word' id='word_1_368' title='bbox 1048 4156 1154 4209; x_wconf 85' lang='lat' dir='ltr'><strong>tabulas</strong></span> <span class='ocrx_word' id='word_1_369' title='bbox 1173 4157 1292 4223; x_wconf 85' lang='lat' dir='ltr'><strong>parentis</strong></span> 
     </span>
     <span class='ocr_line' id='line_1_36' title="bbox 47 4239 1291 4310; baseline 0.002 -20"><span class='ocrx_word' id='word_1_370' title='bbox 47 4243 178 4303; x_wconf 87' lang='lat' dir='ltr'><strong>quondam</strong></span> <span class='ocrx_word' id='word_1_371' title='bbox 192 4241 315 4306; x_wconf 82' lang='lat' dir='ltr'><strong>adoptivi</strong></span> <span class='ocrx_word' id='word_1_372' title='bbox 334 4243 396 4294; x_wconf 88' lang='lat' dir='ltr'><strong>data</strong></span> <span class='ocrx_word' id='word_1_373' title='bbox 409 4240 445 4294; x_wconf 91' lang='lat' dir='ltr'><strong>sit</strong></span> <span class='ocrx_word' id='word_1_374' title='bbox 460 4242 593 4294; x_wconf 87' lang='lat' dir='ltr'><strong>bonorum</strong></span> <span class='ocrx_word' id='word_1_375' title='bbox 606 4239 752 4306; x_wconf 85' lang='lat' dir='ltr'><strong>possessio.</strong></span> <span class='ocrx_word' id='word_1_376' title='bbox 764 4241 807 4294; x_wconf 92' lang='lat' dir='ltr'><strong>Ne</strong></span> <span class='ocrx_word' id='word_1_377' title='bbox 817 4242 847 4294; x_wconf 91' lang='lat' dir='ltr'><strong>id</strong></span> <span class='ocrx_word' id='word_1_378' title='bbox 860 4241 970 4310; x_wconf 88' lang='lat' dir='ltr'><strong>quidem</strong></span> <span class='ocrx_word' id='word_1_379' title='bbox 984 4239 1173 4294; x_wconf 82' lang='lat' dir='ltr'><strong>animadvertit</strong></span> <span class='ocrx_word' id='word_1_380' title='bbox 1182 4243 1291 4305; x_wconf 83' lang='lat' dir='ltr'><strong>Noster,</strong></span> 
     </span>
     <span class='ocr_line' id='line_1_37' title="bbox 48 4324 1328 4394; baseline 0.006 -21"><span class='ocrx_word' id='word_1_381' title='bbox 48 4327 115 4388; x_wconf 89' lang='lat' dir='ltr'><strong>quod</strong></span> <span class='ocrx_word' id='word_1_382' title='bbox 132 4326 224 4378; x_wconf 87' lang='lat' dir='ltr'><strong>statim</strong></span> <span class='ocrx_word' id='word_1_383' title='bbox 244 4325 379 4392; x_wconf 88' lang='lat' dir='ltr'><strong>Ulpianus</strong></span> <span class='ocrx_word' id='word_1_384' title='bbox 403 4325 511 4378; x_wconf 85' lang='lat' dir='ltr'><strong>disertis</strong></span> <span class='ocrx_word' id='word_1_385' title='bbox 537 4325 627 4377; x_wconf 89' lang='lat' dir='ltr'><strong>verbis</strong></span> <span class='ocrx_word' id='word_1_386' title='bbox 650 4325 709 4390; x_wconf 87' lang='lat' dir='ltr'><strong>ipse</strong></span> <span class='ocrx_word' id='word_1_387' title='bbox 735 4325 860 4392; x_wconf 88' lang='lat' dir='ltr'><strong>subjicit:</strong></span> <span class='ocrx_word' id='word_1_388' title='bbox 886 4324 1085 4390; x_wconf 86' lang='lat' dir='ltr'><strong>emancipatum</strong></span> <span class='ocrx_word' id='word_1_389' title='bbox 1109 4326 1143 4378; x_wconf 91' lang='lat' dir='ltr'><strong>ab</strong></span> <span class='ocrx_word' id='word_1_390' title='bbox 1163 4328 1292 4394; x_wconf 85' lang='lat' dir='ltr'><strong>adoptivo</strong></span> <span class='ocrx_word' id='word_1_391' title='bbox 1326 4345 1328 4352; x_wconf 62' lang='lat'><strong>¹</strong></span> 
     </span>
     <span class='ocr_line' id='line_1_38' title="bbox 49 4408 1291 4480; baseline 0.006 -22"><span class='ocrx_word' id='word_1_392' title='bbox 49 4415 117 4471; x_wconf 88' lang='lat' dir='ltr'><strong>patre</strong></span> <span class='ocrx_word' id='word_1_393' title='bbox 134 4410 170 4464; x_wconf 91' lang='lat' dir='ltr'><strong>ad</strong></span> <span class='ocrx_word' id='word_1_394' title='bbox 188 4411 270 4477; x_wconf 88' lang='lat' dir='ltr'><strong>hujus</strong></span> <span class='ocrx_word' id='word_1_395' title='bbox 289 4411 423 4466; x_wconf 87' lang='lat' dir='ltr'><strong>bonorum</strong></span> <span class='ocrx_word' id='word_1_396' title='bbox 441 4411 641 4478; x_wconf 88' lang='lat' dir='ltr'><strong>possessionem</strong></span> <span class='ocrx_word' id='word_1_397' title='bbox 660 4426 716 4463; x_wconf 91' lang='lat' dir='ltr'><strong>non</strong></span> <span class='ocrx_word' id='word_1_398' title='bbox 734 4413 856 4466; x_wconf 86' lang='lat' dir='ltr'><strong>admitti:</strong></span> <span class='ocrx_word' id='word_1_399' title='bbox 875 4413 907 4464; x_wconf 90' lang='lat' dir='ltr'><strong>L.</strong></span> <span class='ocrx_word' id='word_1_400' title='bbox 926 4417 949 4463; x_wconf 91' lang='grc'><strong>1.</strong></span> <span class='ocrx_word' id='word_1_401' title='bbox 967 4411 988 4477; x_wconf 68' lang='lat' dir='ltr'><strong>t.</strong></span> <span class='ocrx_word' id='word_1_402' title='bbox 1006 4413 1031 4462; x_wconf 91' lang='grc'><strong>6.</strong></span> <span class='ocrx_word' id='word_1_403' title='bbox 1046 4408 1081 4460; x_wconf 89' lang='lat' dir='ltr'><strong>D.</strong></span> <span class='ocrx_word' id='word_1_404' title='bbox 1099 4411 1130 4462; x_wconf 82' lang='lat' dir='ltr'><strong>ds</strong></span> <span class='ocrx_word' id='word_1_405' title='bbox 1148 4409 1206 4464; x_wconf 84' lang='lat' dir='ltr'><strong>bon.</strong></span> <span class='ocrx_word' id='word_1_406' title='bbox 1219 4431 1291 4480; x_wconf 83' lang='lat' dir='ltr'><strong>poss.</strong></span> 
     </span>
     <span class='ocr_line' id='line_1_39' title="bbox 48 4494 1234 4564; baseline 0.005 -20"><span class='ocrx_word' id='word_1_407' title='bbox 48 4502 132 4548; x_wconf 70' lang='lat' dir='ltr'><strong>annua</strong></span> <span class='ocrx_word' id='word_1_408' title='bbox 150 4495 201 4549; x_wconf 80' lang='lat' dir='ltr'><strong>tab.</strong></span> <span class='ocrx_word' id='word_1_409' title='bbox 221 4497 285 4549; x_wconf 88' lang='lat' dir='ltr'><strong>Vid.</strong></span> <span class='ocrx_word' id='word_1_410' title='bbox 303 4503 331 4550; x_wconf 87' lang='lat' dir='ltr'><strong>et</strong></span> <span class='ocrx_word' id='word_1_411' title='bbox 341 4499 373 4551; x_wconf 89' lang='lat' dir='ltr'><strong>L.</strong></span> <span class='ocrx_word' id='word_1_412' title='bbox 387 4503 413 4552; x_wconf 79' lang='grc'><strong>3.</strong></span> <span class='ocrx_word' id='word_1_413' title='bbox 431 4497 451 4564; x_wconf 65' lang='grc' dir='ltr'><strong>ξ.</strong></span> <span class='ocrx_word' id='word_1_414' title='bbox 465 4501 489 4550; x_wconf 79' lang='lat'><strong>2.</strong></span> <span class='ocrx_word' id='word_1_415' title='bbox 508 4497 567 4549; x_wconf 86' lang='lat' dir='ltr'><strong>eod.</strong></span> <span class='ocrx_word' id='word_1_416' title='bbox 587 4497 648 4564; x_wconf 85' lang='lat' dir='ltr'><strong>Gaj.</strong></span> <span class='ocrx_word' id='word_1_417' title='bbox 662 4498 698 4550; x_wconf 91' lang='lat'><strong>11.</strong></span> <span class='ocrx_word' id='word_1_418' title='bbox 711 4498 731 4563; x_wconf 64' lang='grc' dir='ltr'><strong>ξ.</strong></span> <span class='ocrx_word' id='word_1_419' title='bbox 746 4503 803 4550; x_wconf 87' lang='grc'><strong>136.</strong></span> <span class='ocrx_word' id='word_1_420' title='bbox 821 4499 947 4551; x_wconf 81' lang='lat' dir='ltr'><strong>Foerstar</strong></span> <span class='ocrx_word' id='word_1_421' title='bbox 959 4496 976 4549; x_wconf 84' lang='lat' dir='ltr'><strong>l.</strong></span> <span class='ocrx_word' id='word_1_422' title='bbox 990 4494 1008 4548; x_wconf 89' lang='lat' dir='ltr'><strong>l.</strong></span> <span class='ocrx_word' id='word_1_423' title='bbox 1026 4509 1053 4562; x_wconf 88' lang='lat' dir='ltr'><strong>p.</strong></span> <span class='ocrx_word' id='word_1_424' title='bbox 1071 4499 1128 4550; x_wconf 85' lang='grc'><strong>160.</strong></span> <span class='ocrx_word' id='word_1_425' title='bbox 1148 4495 1234 4550; x_wconf 66' lang='lat' dir='ltr'><strong>Mitt.</strong></span> 
     </span>
     <span class='ocr_line' id='line_1_40' title="bbox 111 4581 826 4651; baseline 0.003 -17"><span class='ocrx_word' id='word_1_426' title='bbox 111 4581 151 4649; x_wconf 89' lang='lat' dir='ltr'><strong>m)</strong></span> <span class='ocrx_word' id='word_1_427' title='bbox 172 4581 235 4634; x_wconf 85' lang='lat' dir='ltr'><strong>Vid.</strong></span> <span class='ocrx_word' id='word_1_428' title='bbox 254 4597 323 4651; x_wconf 88' lang='lat' dir='ltr'><strong>quae</strong></span> <span class='ocrx_word' id='word_1_429' title='bbox 342 4591 437 4637; x_wconf 87' lang='lat' dir='ltr'><strong>eontra</strong></span> <span class='ocrx_word' id='word_1_430' title='bbox 453 4582 609 4636; x_wconf 75' lang='lat' dir='ltr'><strong>moniumus</strong></span> <span class='ocrx_word' id='word_1_431' title='bbox 627 4589 682 4636; x_wconf 88' lang='lat' dir='ltr'><strong>not.</strong></span> <span class='ocrx_word' id='word_1_432' title='bbox 701 4585 719 4636; x_wconf 92' lang='lat' dir='ltr'><strong>l.</strong></span> <span class='ocrx_word' id='word_1_433' title='bbox 737 4584 826 4637; x_wconf 76' lang='lat' dir='ltr'><strong>Mitti.</strong></span> 
     </span>
    </p>
   </div>
   <div class='ocr_carea' id='block_1_14' title="bbox 0 0 1523 5160">
    <p class='ocr_par' dir='ltr' id='par_1_14' title="bbox 0 0 1523 5160">
     <span class='ocr_line' id='line_1_41' title="bbox 0 0 1523 5160; baseline 0 0"><span class='ocrx_word' id='word_1_434' title='bbox 0 0 1523 5160; x_wconf 95' lang='lat' dir='ltr'><strong> </strong></span> 
     </span>
    </p>
   </div>
  </div>
 </body>
</html>
