3040 5164
293 393 367 462 Pau
393 394 492 479 Quae
516 394 696 464 rausum
721 393 858 482 Carene
883 397 1030 484 Anquru.
1212 405 1285 472 1111
1361 417 1364 421 ’
1464 459 1468 470 .

235 571 327 648 Quod
346 572 400 637 tlte
419 559 570 638 111111111ΐὺ11
590 575 643 636 on
663 573 703 634 de
723 571 868 640 dommo
888 592 955 644 eaeo,

185 707 188 714 ⁴
232 678 334 743 Saum
356 678 531 757 defrudans
551 681 690 761 genitam,
711 683 877 759 comparant
898 681 1001 752 maer,

232 785 272 849 Id
291 787 346 848 illo
368 789 548 850 namneum
570 787 709 866 abripiet,
731 785 820 846 baud
839 791 1041 865 enatemus,

236 892 360 968 Quanto
379 893 484 956 labore
499 902 640 974 partum.
723 927 766 938 -
847 927 890 940 -
972 929 1015 942 -

36 1003 110 1064 llam
128 997 257 1064 deinde
273 997 461 1082 pecuniam,
483 999 698 1083 permittente
721 985 868 1082 domino,
882 999 942 1062 =vel
960 1000 1099 1066 l'oenore
1118 1001 1285 1086 locabant,

38 1107 86 1170 vel
99 1106 186 1174 inde
205 1105 268 1170 eibi
288 1107 444 1170 emebant
461 1106 635 1188 servulum,
653 1107 745 1190 cujus
763 1126 806 1168 ex
826 1108 937 1196 operis
954 1107 1170 1174 lucrarentur.
1192 1110 1286 1176 Talia

39 1236 141 1278 servus
169 1213 258 1276 servi
283 1214 464 1279 vocabatur
481 1216 633 1286 marrus,
653 1223 687 1278 et
704 1213 896 1296 pertinebat
914 1215 956 1280 ad
972 1216 1148 1299 peculium.
1170 1218 1243 1284 Iuro
1261 1219 1287 1283 si

41 1322 81 1384 bis
100 1342 240 1406 quoque
262 1322 364 1384 servis
383 1321 514 1384 vicariis
537 1321 664 1406 aliquid
682 1321 807 1405 peculii
825 1333 929 1403 esset,
953 1333 987 1387 et
1006 1325 1044 1412 111
1067 1324 1213 1390 servulos
1228 1325 1288 1390 ha-

40 1429 168 1492 bereut:
182 1410 285 1492 'eraut
306 1428 341 1490 hi
356 1428 549 1502 vicariorum
569 1428 702 1514 vicarii,
720 1451 856 1513 quorum
874 1432 998 1494 mentio
1018 1432 1055 1495 fit
1071 1433 1105 1496 in
1124 1434 1226 1494 1225.
1248 1435 1288 1495 1).

42 1538 74 1596 te
88 1537 199 1600 Peeul.
213 1538 273 1616 leg.
295 1535 391 1598 Haec
406 1544 480 1600 sunt
495 1557 662 1600 servorum
680 1535 822 1620 peculia,
838 1536 872 1602 in
891 1559 976 1622 quae
996 1539 1075 1621 quid
1089 1539 1173 1622 juris
1187 1540 1288 1603 fuerit

46 1642 181 1724 domino,
197 1643 220 1706 J
223 1643 424 1710 ureconsulti
439 1643 560 1708 dooere
577 1644 695 1708 solent.

621 1784 650 1866 ς.
671 1784 702 1844 4.

415 1881 583 1953 Aequumne
596 1900 650 1951 per
666 1884 905 1952 matremfamilias.

115 1981 210 2046 Addi
233 1983 402 2067 personis,
430 2004 491 2066 per
521 2003 602 2068 quas
633 1984 834 2068 adquiritur,
863 1985 971 2053 veteri
998 1986 1075 2070 jure
1110 1987 1289 2071 oportebat

48 2090 133 2152 etiam
163 2089 445 2171 matresfamilias,
468 2111 554 2175 quae
582 2098 616 2154 et
639 2093 730 2175 ipsae
758 2087 896 2176 olim‘in
923 2114 1020 2158 mauu
1042 2093 1097 2158 vel
1122 2100 1288 2177 potestate

46 2199 225 2259 maritorum
242 2197 271 2278 ἰ)
300 2204 410 2278 erant,
439 2198 592 2283 adeoque
620 2200 729 2261 omnia
754 2200 877 2262 maritis
902 2195 1183 2284 adquirebantk).
1213 2202 1288 2264 Jam

46 2305 138 2384 addo,
155 2304 233 2367 iude
251 2312 362 2367 natam
383 2325 454 2366 esse
471 2304 760 2387 praesumtionem,
780 2305 880 2389 qnod,
896 2307 1056 2392 quidquid
1074 2306 1177 2370 babet
1193 2328 1287 2388 uxor,
1386 2379 1389 2392 ,

45 2409 78 2471 id
92 2411 198 2474 mariti
213 2431 283 2474 esse
299 2411 522 2495 intelligatur:
538 2410 640 2474 1.,51.
660 2413 702 2474 D.
719 2413 758 2473 de
772 2414 886 2476 Donat.
906 2417 988 2477 inter
1003 2420 1060 2477 oir.
1079 2423 1110 2476 et
1129 2435 1179 2478 ue.
1199 2415 1288 2498 cujus

44 2516 127 2602 legis
153 2539 276 2580 sensum
299 2518 400 2603 plane
426 2519 612 2603 exprimere
634 2516 789 2582 videntur
812 2518 871 2582 illa
890 2521 1003 2585 Plauti
1025 2523 1141 2583 Ouerbe
1158 2524 1228 2583 Aet.
1247 2521 1289 2584 ΙΙ.

49 2627 89 2686 Se.
102 2625 131 2686 2.
147 2645 173 2686 o.
188 2624 239 2686 25.
256 2647 319 2708 sqq.
336 2624 393 2688 ubi
407 2625 595 2689 Murrhiua:

118 2767 161 2778 —
202 2765 247 2778 --
286 2767 329 2780 ·-
369 2767 397 2779 ·-
448 2734 499 2794 Ita
521 2742 576 2794 eet.
604 2731 693 2794 Unde
713 2753 752 2793 ea
772 2732 829 2793 tibi
847 2737 918 2795 eet?

27 2859 31 2864 ·
119 2839 206 2899 Nam
227 2859 356 2901 rnouar
373 2841 503 2924 probam
524 2841 603 2900 nteit
622 2839 736 2900 babere
757 2839 888 2900 addecet

123 2945 210 3018 Clam
231 2949 352 3008 virum:
374 2953 407 3008 et
429 2967 510 3028 quoe
531 2946 622 3007 babet
639 2955 779 3026 partum,
801 2949 834 3006 ei
851 2948 939 3008 baud
958 2949 1108 3010 commodi
1126 2955 1182 3018 eet,

124 3052 207 3126 Quin
229 3056 295 3114 otro
317 3063 373 3114 aut
393 3053 568 3128 subtrahat,
591 3061 646 3114 out
669 3061 779 3134 stupro
800 3056 962 3116 invenerit.

122 3157 189 3219 Hoo
211 3163 275 3220 otti
291 3180 400 3222 oeneeo
421 3181 489 3222 esee
511 3179 609 3232 omne,
631 3160 782 3242 quidquid
800 3169 890 3222 tuum
910 3169 967 3222 est.

626 3297 655 3377 ς.
674 3299 704 3359 a.

410 3413 577 3479 Atquaema
591 3428 642 3478 per
658 3430 787 3480 personas
805 3413 911 3466 liberat.

122 3513 284 3577 Solebaut
307 3533 549 3595 nonnumquam
579 3521 613 3575 et
633 3511 762 3575 liberae
781 3523 944 3595 personae
967 3514 1002 3576 iu
1024 3511 1182 3576 servitute
1206 3533 1289 3594 esse,

106 3702 129 3769 1)
148 3702 212 3755 Vid.
231 3708 321 3754 11111111
340 3715 410 3769 quae
424 3715 507 3766 supra
521 3701 556 3752 ad
569 3699 628 3753 Lib.
641 3699 662 3753 1.
679 3694 782 3752 Tit'X.
794 3701 815 3767 ς.
827 3705 852 3756 6.
861 3706 919 3752 not.
930 3701 948 3754 i.
961 3705 1026 3752 sunt
1037 3700 1187 3751 observata.
1204 3697 1290 3751 11111111.

110 3789 198 3855 10111
222 3787 356 3856 quaedam
379 3785 432 3838 sibi
454 3783 575 3850 recipere
598 3788 723 3849 poterent
740 3784 880 3848 mulieres,
907 3786 1006 3854 quibus
1025 3785 1060 3837 ad
1083 3784 1169 3836 instar
1191 3781 1291 3848 peculii

50 3870 160 3922 oouoessi
177 3877 326 3934 uterentur,
341 3872 393 3922 boo
410 3875 500 3921 tamen
517 3874 607 3933 pacto,
618 3872 650 3918 ut
667 3869 759 3920 nullus
778 3869 813 3920 ad
831 3870 925 3922 eadem
944 3882 1082 3936 regressus
1097 3871 1200 3933 pateret
1217 3867 1290 3920 viris.

52 3953 161 4022 Itemque
179 3955 282 4022 peculii
298 3970 397 4006 nomen
415 3952 572 4020 hujusmodi
595 3951 674 4004 bonis
694 3951 778 4002 tuisse
796 3951 911 4017 videtur,
929 3959 986 4005 tum
1004 3968 1069 4028 verq
1087 3953 1291 4019 receptitiorrem,

52 4050 96 4086 ueo
109 4055 160 4090 nou
172 4038 424 4107 poroplemorum
442 4039 474 4090 es.
493 4035 598 4090 Gellius
612 4038 645 4090 N.
657 4033 693 4086 A.
707 4034 802 4086 XVII.
813 4039 838 4088 6.
860 4036 913 4090 Vnt.
925 4037 1034 4104 Fraym.
1047 4039 1069 4105 ᾗ.
1086 4041 1142 4090 112.
1156 4041 1183 4086 et
1197 4036 1217 4102 ξ.
1230 4039 1291 4087 254.

50 4119 78 4170 L.
94 4124 116 4173 9.
133 4126 155 4187 §.
172 4128 198 4177 3.
211 4123 246 4177 D.
262 4124 371 4193 dejure
390 4123 496 4174 dotium.
515 4123 547 4174 L.
562 4125 604 4173 ³1.
622 4121 643 4187 ξ.
664 4125 686 4172 1.
705 4119 740 4170 D.
759 4119 791 4170 de
802 4120 890 4172 11111111.
907 4121 941 4172 cl.
960 4120 1082 4186 Menapii
1100 4120 1220 4172 amonuit.
1230 4119 1291 4187 jur.
1315 4149 1323 4160 -

50 4203 91 4255 αὐ.
108 4222 130 4258 e.
147 4209 196 4260 111.
216 4223 242 4274 p.
260 4224 297 4262 m.
316 4212 340 4261 7.
368 4208 470 4258 Postea
487 4204 719 4270 paraphernorum
737 4204 899 4258 vocabulum
917 4205 953 4257 ad
970 4203 1055 4258 libera
1072 4221 1182 4273 quoque
1199 4203 1291 4258 matri-

50 4290 134 4344 monia
149 4294 309 4344 translatum
327 4295 377 4354 est,
395 4292 448 4342 boo
468 4291 578 4358 quidem
598 4281 689 4350 aenan,
703 4291 735 4339 ut
751 4303 846 4340 eorum
863 4287 892 4342 io
909 4304 1023 4342 numero
1041 4289 1175 4340 bonorum
1193 4292 1291 4350 esseut,
1337 4279 1339 4284 ’

50 4387 217 4444 quaeeunque
231 4384 344 4444 praeter
362 4376 448 4426 dotem
465 4373 562 4426 mulier
579 4371 704 4434 babebat,
716 4387 749 4422 ea
765 4373 808 4424 vel
825 4372 952 4436 maxime,
967 4388 1038 4440 quae
1056 4371 1116 4436 ipsa
1133 4372 1230 4424 marito
1245 4389 1292 4424 ou-

50 4458 181 4514 stodienda
199 4458 468 4526 administrandisque
486 4458 664 4511 commiserat.
683 4454 724 4506 ct.
740 4456 772 4508 L.
789 4460 815 4508 9.
834 4457 855 4522 ἓ.
873 4461 900 4508 3.
920 4457 961 4510 De
973 4457 1082 4525 dejure
1101 4456 1152 4507 dot.
1170 4459 1202 4508 L.
1220 4461 1245 4508 8.
1264 4457 1292 4508 C.

51 4539 78 4586 de
93 4553 291 4607 ponteonem.
310 4551 363 4596 tam
383 4543 540 4610 reperitote
561 4541 608 4592 rel.
627 4537 713 4590 nlitM.
