2968 5154
201 323 252 390 88
635 311 710 378 Lm.
738 311 761 376 Ι.
788 309 867 376 Tm.
894 309 953 376 IV.
979 307 1021 373 V.

202 492 367 576 adscripti.
390 488 548 567 Quamvis
568 488 655 550 enim
678 495 713 550 et
728 485 763 548 hi
786 485 980 570 quibusdam
999 483 1140 568 ingenui
1162 481 1351 562 videantur,
1366 481 1405 550 ob
1418 483 1447 540 L.

205 623 258 664 ren.
278 602 310 662 0.
323 601 362 661 de
376 599 477 660 Coton.
494 597 606 657 Tiroo.
622 617 675 676 eo,
686 594 778 678 quod
784 593 861 678 jure
880 591 1037 656 connubii
1058 589 1265 674 gauderent,
1285 598 1319 652 et
1338 585 1448 671 aliquid

202 715 337 793 possent
354 706 480 768 habere
497 703 640 787 proprii:
662 702 817 764 Thomas.
840 703 880 763 de
907 701 974 762 Usu
986 709 1089 780 praet.
1112 700 1258 760 dalmat.
1278 702 1360 759 tutor
1376 697 1447 756 tiber.

202 826 234 878 et
247 835 329 878 sero.
343 837 368 876 c.
381 814 409 874 1.
420 813 448 892 §.
460 811 510 872 16.
522 833 566 892 sp.
582 818 675 874 erant
687 818 796 873 tamen
810 809 844 871 in
857 807 1072 870 commercio:
1084 807 1120 868 d.
1132 808 1154 867 l.
1168 827 1226 867 un.
1240 805 1275 866 0.
1290 805 1355 866 eod.
1373 802 1448 864 ool.

205 925 238 984 0.
251 924 291 985 do
302 924 411 1003 Agris.
426 929 457 980 ot
470 923 577 980 conset.
599 917 698 981 Unde
713 938 813 1000 saepe
830 917 916 980 servi
930 921 1090 978 vocantur
1109 913 1146 975 in
1163 915 1245 997 jure
1261 917 1383 990 nostro,
1398 929 1448 970 neo

203 1053 223 1092 a
241 1027 342 1091 servis
365 1026 496 1089 differre
511 1025 588 1088 hinc
605 1025 684 1088 inde
697 1025 868 1088 dicuntur:
890 1023 927 1084 L.
939 1023 990 1086 21.
997 1029 1059 1107 fin.
1074 1023 1106 1084 G.
1121 1021 1163 1082 do
1183 1023 1297 1103 Agrios
1314 1029 1345 1080 ot
1357 1021 1448 1079 consti.

164 1123 170 1129 ’
203 1137 323 1198 Noootl.
340 1133 469 1196 CLXII.
484 1153 510 1195 o.
521 1133 552 1197 3.
567 1138 612 1214 r).

748 1252 918 1269 nnn—n*—

587 1369 672 1433 LIB.
694 1369 720 1432 Ι.
743 1368 834 1432 ΤΙΤ.
856 1367 918 1432 IV.
945 1367 1006 1431 ET
1029 1365 1071 1430 V.

817 1525 853 1562 DE

398 1673 402 1680 -
435 1671 438 1677 s
472 1631 734 1754 menonis
761 1631 830 1708 ur
857 1587 1184 1708 mnnnrnvis,

286 1797 400 1860 Liberi
415 1796 564 1859 homines
586 1795 838 1860 subdividuntur
854 1798 889 1859 in
912 1810 1083 1861 rnuunuos
1102 1801 1137 1856 et
1152 1803 1369 1858 urnuurnvos.
1387 1792 1447 1854 Jnm

204 1910 415 1989 utrorumque
441 1903 589 1980 conditio
612 1923 655 1964 ex
672 1904 923 1988 antiquitatibus
942 1903 1102 1966 Romanis
1122 1901 1276 1965 eruenda
1292 1907 1350 1963 est.
1366 1895 1448 1984 [md

202 2014 263 2076 hos
280 2013 344 2076 titt.
357 2019 390 2074 et
405 2013 454 2074 tit.
468 2013 530 2074 VI.
551 2012 593 2075 cf.
608 2010 785 2075 Goeschen
801 2013 948 2074 cheri.
961 2015 993 2072 in
1009 2011 1198 2093 Beacodung
1216 2011 1281 2088 ons
1296 2011 1353 2071 dos
1368 2009 1448 2068 ditare

202 2121 305 2182 Recdt
320 2121 377 2182 der
391 2121 642 2202 dioilossungen
664 2121 714 2182 sea·
732 2121 793 2184 den
817 2119 976 2191 Rdmern3
999 2117 1033 2179 in
1053 2115 1084 2180 d.
1097 2117 1264 2180 Zeitschr.
1285 2115 1339 2179 fur
1356 2110 1446 2197 gesch.

202 2224 244 2292 R.
261 2227 315 2292 W.
335 2227 376 2290 T.
388 2227 451 2293 111.
465 2227 524 2290 Nr.
538 2225 633 2312 VII.]

791 2335 819 2418 s.
841 2333 870 2395 1.

738 2449 852 2517 Inpcnui
868 2449 932 2518 qui?

287 2567 428 2616 1NGENU1
445 2557 539 2613 erant
555 2549 725 2629 Romanis
744 2549 799 2633 qui
815 2569 990 2633 numquam
999 2549 1122 2634 justam
1140 2549 1347 2612 serviverant
1360 2541 1447 2608 servi-

205 2668 319 2724 tutem.
341 2659 468 2742 Injuste
485 2657 573 2720 enim
591 2658 625 2718 in
646 2657 835 2719 servitutem
857 2655 991 2737 detrusi,
1011 2657 1189 2740 impetrata
1208 2656 1376 2734 libertate,
1392 2669 1447 2713 non

205 2767 247 2833 ad
265 2765 507 2845 libertinorum,
524 2764 581 2827 sed
602 2763 644 2827 ad
659 2765 875 2848 ingenuorum
895 2771 1011 2828 statum
1027 2763 1200 2828 redibant:
1224 2765 1253 2848 ς.
1267 2765 1296 2828 1.
1313 2765 1386 2825 Inst.
1397 2762 1447 2820 nt.

204 2873 298 2939 Idem
308 2869 556 2937 'observandum
578 2873 621 2934 de
642 2872 729 2954 filiis,
747 2894 828 2956 quos
849 2879 959 2956 patres
977 2873 1010 2934 in
1025 2872 1217 2936 servitutem
1234 2851 1447 2942 vendiderant,

205 2983 296 3069 quod
315 2990 367 3045 ter
388 2981 498 3044 facere
516 2988 671 3065 poterant
697 3001 740 3043 ex
758 2981 908 3044 instituto
928 2979 1080 3044 Romuli:
1103 2981 1244 3066 Dionys
1261 2981 1339 3044 Hal.
1355 2979 1393 3038 II.
1407 2971 1448 3035 27.

205 3092 290 3156 Nam
304 3097 338 3156 et
354 3090 389 3152 hi
405 3089 590 3152 manumissi
602 3111 668 3152 non
681 3089 828 3151 libertini
847 3096 950 3170 erant,
965 3089 1023 3152 sed
1034 3089 1186 3171 ingenui:
1204 3087 1448 3163 Paulineopu.

206 3201 360 3262 Santonis.
387 3197 463 3260 V.l.
478 3198 506 3278 §.
521 3197 550 3258 1.
572 3195 602 3258 2.
624 3198 668 3259 Et
693 3196 741 3258 ita
762 3196 1010 3280 interpretanda
1025 3197 1063 3258 L.
1076 3196 1106 3258 2.
1122 3217 1173 3278 pr.
1196 3197 1273 3259 Ood.
1299 3190 1403 3256 Ttood.
1417 3185 1448 3246 de

204 3303 346 3368 Liberali
358 3327 483 3387 caussa,
507 3304 565 3366 ubi
581 3303 815 3366 Constantinus
836 3305 882 3367 M.
903 3311 1014 3388 negat,
1031 3306 1215 3378 libertatem,
1234 3304 1270 3367 id
1290 3309 1347 3382 est,
1366 3299 1448 3377 inge-

204 3399 462 3496 nuitatem‚fllst²s
478 3417 560 3494 crepa·
570 3433 662 3494 posse
676 3434 696 3473 o
713 3415 898 3493 parentibus
912 3419 956 3495 ⁸).
978 3403 1252 3496 Ingenuos'enim
1272 3409 1338 3475 κατ’
1356 3401 1448 3487 ἐξοχὴν

206 3629 310 3681 montom
328 3625 363 3678 ad
381 3624 531 3678 libertatem
548 3627 702 3692 perveniet:
720 3627 797 3696 idque
809 3627 852 3679 lox
865 3628 1000 3682 duodecim
1016 3627 1167 3680 tabularum
1176 3627 1285 3698 jttbct.’'
1297 3619 1446 3675 -Dirksen

205 3712 317 3766 Uebsrs.
335 3709 383 3760 der
401 3707 500 3761 bisher.
513 3711 593 3763 Vers.
611 3723 660 3786 zur
678 3709 770 3762 Kritik
788 3713 844 3764 und
866 3713 995 3766 Hersteil.
1013 3714 1039 3766 d.
1057 3715 1158 3765 Textes
1178 3714 1226 3765 der
1244 3711 1304 3765 xn
1323 3705 1444 3768 Tateiges·

89 3863 94 3874 ·
168 3821 170 3825 ·
204 3797 401 3863 now—507.
413 3793 497 3859 Hugo
508 3795 544 3845 R.
556 3795 590 3846 G.
605 3811 631 3860 p.
647 3801 704 3849 125.
720 3795 766 3850 lin.
778 3802 820 3850 25.
831 3812 891 3867 sqq.
905 3803 970 3863 etp.
986 3801 1044 3850 126.
1057 3796 1190 3863 Sohiiting
1204 3797 1331 3851 Bemerk.
1344 3809 1369 3859 p·
1381 3793 1445 3842 ³2·-

204 3885 247 3934 ³5.
267 3909 301 3920 -
319 3877 440 3932 Omnino
462 3883 553 3932 autem
571 3878 625 3932 vid.
644 3880 679 3931 de
696 3885 769 3934 statu
787 3882 934 3936 liberorum
952 3882 1124 3936 conditione:
1142 3883 1177 3936 K.
1196 3885 1229 3936 0.
1247 3884 1283 3935 dc
1300 3874 1393 3936 Madai
1410 3869 1447 3922 dic

207 3971 280 4019 statu
295 3964 372 4019 liberi
384 3965 441 4016 des
455 3962 535 4015 Rtim.
554 3965 664 4018 Rechts.
684 3967 765 4020 Haila
784 3971 858 4020 1834.
876 3966 962 4020 Miilrl.
1023 4014 1026 4019 .
1066 3993 1067 3998 ¹

275 4051 308 4116 p)
329 4051 365 4102 At
383 4063 475 4101 servos
492 4064 546 4102 non
564 4048 649 4102 fuisso
666 4051 851 4118 adscriptitios
865 4077 900 4090 ...
912 4052 959 4121 qui
978 4051 1060 4106 etiam
1078 4052 1177 4112 catoni,
1195 4052 1299 4112 mund,
1318 4036 1446 4101 tributarii,

206 4135 297 4186 manti
313 4139 504 4211 mentitur-4
523 4134 585 4185 ticet
603 4137 697 4186 multis
722 4135 891 4203 inpartibus
914 4139 949 4190 ad
976 4153 1115 4190 servorum
1140 4137 1323 4190 conditionem
1345 4122 1445 4200 propius

203 4219 382 4284 accesserint,
400 4218 508 4271 invictis
526 4219 692 4286 argumentis
711 4220 805 4282 docuit
822 4224 856 4275 de
875 4222 1008 4288 savigny:
1027 4224 1094 4274 tiber
1112 4222 1165 4276 den
1182 4224 1262 4279 Riim.
1280 4217 1406 4272 Coronas
1422 4207 1445 4257 5¹¹

207 4304 255 4355 der
276 4302 405 4358 zeitschr.
424 4306 441 4357 f.
458 4305 548 4370 gcsoh.
567 4306 600 4357 R.
619 4305 665 4359 W.
685 4307 716 4356 T.
736 4307 784 4359 VI.
802 4309 850 4360 Nr.
868 4308 917 4358 IV.
937 4307 1022 4359 Miilrl.

279 4388 310 4453 a)
331 4389 463 4451 Quamvis
481 4388 553 4443 enim
566 4389 642 4457 justo
659 4390 686 4444 iu
704 4392 834 4445 servitute
851 4398 951 4457 essent,
966 4392 1067 4462 quippe
1083 4389 1255 4458 permittento
1272 4391 1329 4454 tego
1348 4370 1445 4436 vendifir

208 4487 264 4527 non
283 4477 467 4528 tsmeueraut
490 4475 518 4529 in
542 4476 672 4536 servitute
686 4477 770 4544 justa.
803 4479 861 4531 Nec
877 4479 949 4534 enim
972 4474 1146 4550 venumdatio
1170 4473 1249 4528 liberi
1266 4466 1380 4526 trondnis
1396 4459 1445 4513 erat
