3056 5154
468 369 522 472 Iis
545 370 844 440 anrursonmrs.

612 547 641 628 §s
656 544 707 608 11.

408 659 536 714 Mulieres
544 659 696 731 fldajebm
715 679 769 715 m
782 672 918 732 poterant.

112 761 321 848 Fidejube're
335 768 491 845 poteraut
511 783 636 842 omnes,
658 763 714 847 qui
730 772 765 828 et
785 765 943 848 stipulari.
963 766 1011 829 At
1033 786 1100 830 non
1121 768 1286 851 mulieres,

23 891 116 954 quae
132 870 169 934 in
185 870 275 933 omni
293 888 419 952 genere
434 870 645 953 negotiorum
660 878 761 955 atque
780 872 1022 957 obligationum
1038 882 1103 938 tam
1120 895 1181 959 pro
1197 877 1287 960 viris,

23 1001 129 1064 quam
145 999 208 1062 pro
218 976 566 1040 feminisintercedere
578 977 855 1061 prohibebantur:
875 980 973 1045 Pauli
986 982 1286 1065 Sententt.Reeeptt.

23 1090 68 1151 II.
87 1087 182 1148 11.1.
197 1085 276 1148 Nou
293 1104 375 1167 ergo
392 1082 550 1148 valebant
563 1081 791 1170 fidejussiones
800 1086 978 1170 judiciales
997 1088 1179 1152 mulierum.
1201 1091 1286 1154 Nam

24 1195 127 1258 nefas
140 1192 328 1287 videbatur,
343 1190 514 1255 mulierem
524 1191 558 1253 in
573 1191 680 1255 forum
696 1193 841 1278 prodire,
859 1202 893 1258 et
908 1195 963 1259 vel
978 1217 1068 1260 suam
1082 1197 1130 1262 ibi
1142 1219 1285 1262 caussam

24 1322 152 1387 agere3
167 1300 267 1381 adeo,
282 1309 328 1380 ut,
345 1318 444 1384 quum
460 1298 640 1384 aliquando
656 1300 774 1364 mulier
787 1303 820 1365 in
838 1301 912 1366 foro
928 1323 1070 1367 massam
1089 1326 1150 1388 pro
1167 1327 1201 1368 se
1216 1307 1288 1390 ipsa

25 1411 168 1496 egisset,
184 1407 325 1471 Senatus
340 1406 543 1471 consuluisse
558 1407 684 1470 feratur
698 1408 818 1492 Deum,
834 1418 915 1486 riso:
932 1410 995 1492 ἄρα
1007 1416 1046 1503 τῇ
1057 1410 1146 1477 πόλει
1164 1425 1287 1496 σημεῖον

25 1523 75 1602 εἴη
96 1515 133 1584 τὸ
157 1521 350 1604 γεγενημένον
358 1537 370 1588 3
385 1515 496 1596 ecqnsd
509 1517 565 1577 boo
577 1519 752 1597 esonptam
766 1517 1073 1599 urbiportenderet?
1092 1519 1287 1584 Plutarchus

25 1628 61 1691 in
78 1627 229 1707 Lycurgi
244 1643 315 1686 eum
328 1623 438 1684 Numa
451 1631 621 1703 comparat.
636 1643 662 1684 o.
681 1624 711 1684 4.
733 1623 807 1686 Nec
828 1626 932 1709 magis
954 1625 1111 1691 valebant
1132 1628 1285 1710 privatim

26 1732 249 1818 interpositae
263 1729 492 1814 fidejussiones
519 1728 702 1813 mulierum,
727 1733 805 1815 quia
827 1732 995 1818 fidejussio
1018 1733 1112 1818 quasi
1131 1733 1231 1797 civile
1249 1755 1287 1798 ae

26 1839 130 1905 virile
153 1840 325 1923 negotium
348 1835 535 1918 videbatur,
557 1859 576 1899 a
599 1858 666 1921 quo
689 1839 852 1905 arcendae
872 1841 1032 1904 feminae:
1054 1842 1090 1903 1..
1113 1841 1142 1902 1.
1163 1843 1191 1922 §.
1206 1841 1236 1903 1.
1252 1849 1287 1904 et

27 1951 68 2011 L.
82 1949 113 2012 2.
130 1947 159 2029 §.
173 1948 204 2009 1.
218 1948 261 2010 D.
282 1947 326 2007 ad
342 1946 462 2007 SCtum
483 1944 687 2024 Vellejanum.
709 1945 748 2008 L.
761 1947 791 2008 2.
801 1968 854 2029 pr.
871 1950 912 2010 1).
929 1949 968 2010 de
986 1949 1066 2031 neg.
1077 1951 1145 2031 jur.
1168 1950 1286 2034 anue

29 2055 214 2142 probibitio
231 2064 296 2118 tam
314 2072 429 2116 severa
444 2061 527 2131 erat,
543 2059 579 2114 ut
594 2051 673 2115 olim
687 2073 730 2114 ne
744 2054 930 2118 renunciari
947 2055 1079 2139 quidem
1093 2055 1170 2120 huic
1181 2057 1287 2120 bene-

28 2165 112 2228 ficio
127 2170 247 2248 posset.
270 2161 394 2224 Secura
416 2178 497 2243 ergo
514 2167 586 2222 erat
608 2159 736 2240 mulier,
761 2181 822 2243 pro
845 2160 912 2224 alio
937 2182 1023 2246 quae
1044 2162 1285 2246 intercesserat,

31 2273 96 2336 nisi
112 2270 243 2354 vel'pro
258 2268 423 2333 tutoribus
438 2266 579 2331 filiorum
596 2266 846 2334 indemnitatem
862 2269 1078 2351 promisisset:
1094 2270 1192 2334 Pauli
1205 2272 1287 2333 Sen-

30 2388 120 2444 tentt.
145 2379 286 2460 Recepti.
308 2378 378 2439 ibid.
397 2375 426 2457 §.
441 2374 472 2437 2.
487 2378 519 2455 ¹¹)
554 2373 609 2438 rel
627 2374 819 2457 decipiendi
842 2375 952 2440 animo
979 2384 1015 2439 et
1034 2374 1116 2440 dolo
1140 2377 1228 2442 malo
1251 2377 1286 2441 id

31 2487 181 2551 fecisset:
199 2485 323 2550 Paulus
344 2485 415 2548 ibid.
429 2488 463 2545 L.
478 2480 529 2543 11.
545 2483 586 2544 D.
607 2484 652 2544 ad
669 2483 786 2546 Sbbum
809 2484 1013 2566 Vellejtmun.
1031 2484 1105 2548 Imo
1117 2505 1184 2548 non
1202 2485 1286 2550 fide-

25 2596 191 2682 jussiones
212 2600 356 2668 tantum‚
379 2591 438 2656 sed
470 2609 582 2656 omnes
605 2591 741 2656 omnino
767 2591 940 2656 mulierum
964 2590 1218 2656 intercessiones
1242 2613 1285 2656 ex

33 2722 243 2790 quocumque
265 2707 436 2764 contractu
451 2699 564 2764 irritae
581 2709 693 2764 erant:
715 2700 836 2764 Jacobi
853 2698 1055 2765 Gotbofredi
1080 2701 1284 2766 Commentar-

30 2815 74 2875 od
87 2815 124 2877 Ia
138 2811 169 2874 2.
186 2812 229 2874 D.
244 2811 284 2871 de
297 2808 336 2872 It.
352 2809 381 2870 J.
398 2806 476 2872 Ger.
491 2807 608 2872 Noodt
628 2808 802 2871 Observare.
817 2807 905 2872 trs.

611 2980 639 3060 §.
661 2977 712 3040 12.

499 3095 581 3164 Ονίῃυ
598 3093 665 3148 sco·
684 3065 822 3162 Vottqani.

114 3206 235 3272 Omnia
251 3202 334 3268 haee
354 3204 478 3268 sancita
500 3217 654 3268 suburbe
672 3218 849 3267 consumo
865 3220 1067 3285 venustam,
1092 3203 1182 3288 cujus
1197 3202 1284 3287 legi·

31 3320 111 3382 tima
127 3317 231 3380 verba
254 3314 291 3375 b.
309 3311 340 3376 2.
354 3314 383 3395 §.
399 3312 428 3375 1.
444 3313 485 3373 D.
508 3312 574 3374 eod.
597 3318 726 3374 servata
751 3310 907 3390 indicant,
928 3311 1095 3374 conditum
1112 3309 1195 3373 illud
1212 3331 1282 3372 esse

30 3429 77 3490 M.
94 3424 211 3488 Silano
229 3429 263 3485 et
277 3403 416 3504 Vellejo
432 3419 560 3482 Tutore
585 3419 674 3482 Coss.
699 3418 757 3481 sed
782 3419 857 3482 fasti
878 3418 913 3481 id
930 3439 989 3502 par
1010 3418 1188 3482 Consulum
1212 3418 1282 3481 fere

30 3534 198 3597 omittunt.
208 3529 267 3593 -Μ,
283 3527 431 3590 Silanum
448 3526 622 3590 Consulem
640 3527 833 3611 praeferunt
844 3528 885 3590 A.
895 3527 936 3590 U.
946 3525 981 3590 C.
995 3543 1153 3590 nccbxxr.
1170 3523 1282 3606 Quare

31 3649 65 3704 et
80 3650 160 3705 tunc
175 3636 260 3701 illud
271 3635 391 3698 SCtum
404 3635 571 3698 eonditum
588 3640 683 3719 putat
698 3634 1074 3699 ScbilterusEaereitatt.
1087 3632 1243 3696 XXVIII.
1252 3633 1282 3696 2.

30 3748 97 3812 Sed
121 3747 244 3810 diserte
268 3742 431 3827 Ulpianus
452 3743 490 3804 L.
508 3741 537 3804 2.
555 3763 608 3824 pr.
625 3742 666 3803 Η.
689 3743 732 3802 ud
757 3742 876 3806 SCtum
908 3745 1102 3826 Vellejanum
1123 3742 1282 3825 adfirmat,

29 3857 171 3942 primum
196 3851 330 3938 quidem
353 3849 557 3932 temporibus
580 3849 733 3932 Augusti,
755 3871 832 3912 mox
856 3850 978 3914 deinde
1003 3849 1146 3933 Claudii,
1169 3845 1281 3912 eorum

29 3964 149 4028 edictis
166 3972 296 4025 cautum
313 3979 394 4039 esse,
409 3977 452 4020 ne
469 3955 612 4019 feminae
628 3977 689 4040 pro
706 3955 783 4020 viris
800 3959 863 4020 suis
878 3957 1141 4021 intercederent:
1165 3965 1283 4042 postea

27 4119 331 4140 -ae-——u-—n

99 4219 135 4286 u)
156 4219 198 4269 Ita
208 4214 319 4284 quidem
329 4213 442 4266 Paulus.
458 4211 513 4264 Sed
524 4208 578 4262 elia
589 4208 761 4262 inveniuntur
779 4209 807 4262 in
819 4210 850 4261 L.
865 4213 891 4261 6.
908 4207 936 4262 0.
949 4209 985 4261 od
997 4208 1097 4262 SCtum
1112 4203 1282 4278 Vellejdnum.

27 4306 60 4357 L.
81 4311 105 4356 l.
125 4307 153 4354 et
170 4301 219 4353 ult.
241 4299 270 4352 0.
290 4299 322 4352 Si
338 4305 423 4350 mater
439 4295 554 4348 indeuia.
567 4295 678 4363 promas.
697 4293 753 4357 Qui
770 4299 861 4346 textus
875 4309 959 4361 quum
974 4291 1072 4361 partim
1082 4292 1115 4344 ab
1125 4293 1282 4345 Alexandro

27 4392 141 4452 Severo,
159 4387 259 4453 partim
276 4401 293 4436 a
311 4381 483 4435 Diocletiano
502 4379 568 4434 sint:
586 4384 635 4432 aut
651 4383 809 4445 corruptum
829 4378 946 4430 Paulum
965 4393 1025 4430 esse
1042 4381 1157 4442 oportet,
1176 4382 1223 4428 aut
1234 4376 1281 4442 jus

26 4475 103 4526 istud
121 4467 364 4525 constitutionibus
383 4471 525 4520 mutatum.
550 4466 630 4518 Heio.
648 4463 704 4518 Cir.
723 4462 853 4531 Cujaeius
873 4462 993 4531 itemque
1011 4459 1195 4526 Schultinglus
1206 4462 1242 4513 ad
1255 4462 1281 4514 d.

27 4559 109 4613 Pauli
129 4561 228 4611 locum.
248 4539 335 4608 Mitti.
