3130 5148
540 384 886 432 rnoenmrum
1297 375 1339 440 -9

86 555 164 598 anno
179 535 316 598 circiter
333 535 379 600 V.
392 535 430 598 C.
447 553 542 602 nunt.
566 536 654 602 unde
676 537 863 622 appellatur
882 555 942 602 sus
964 555 1159 604 smannens:
1180 541 1218 604 J.
1232 542 1262 606 2.
1272 544 1302 624 S.
1310 543 1340 604 7.

83 645 120 704 Il.
132 644 171 704 de
188 643 226 704 0.
241 644 271 706 J.
282 642 354 706 cic.
365 662 430 723 pre
442 643 589 706 Marum.
607 667 633 708 o.
644 643 697 706 11.
708 643 764 708 An
777 645 842 708 boc
852 645 908 728 jus
918 643 1097 718 Aelianum
1111 646 1200 712 idem
1218 648 1340 712 sitoum

82 749 111 812 S.
128 748 225 812 Aelii
252 750 455 844 Tripartitiq
475 750 620 816 nondum
644 750 843 842 ,expeditum
872 759 931 816 est.
954 751 1090 836 Negant
1110 741 1284 820 Bertrand.
1301 757 1341 818 da

81 857 297 937 luteram-11.
308 857 339 920 4.
348 879 382 939 p.
395 857 467 923 17].
489 857 579 922 Guil.
593 858 687 923 Grot.
704 859 764 922 Vs't.
775 859 936 924 Jureoons.
948 861 975 922 I.
986 860 1017 924 {l
1024 879 1059 942 p.
1072 861 1124 924 17.
1134 861 1220 924 Mili
1229 869 1340 927 tamen

82 983 119 1024 ea
129 962 170 1026 de
181 984 221 1026 re
235 962 451 1028 dubitandum
463 965 520 1028 vix
531 965 662 1032 videtur
675 966 766 1031 obl..
776 964 808 1028 2.
819 965 908 1046 §38
922 967 964 1030 1).
971 969 1010 1032 de
1023 969 1097 1032 0.J.
1108 989 1152 1034 ex
1162 989 1228 1054 qne
1235 977 1339 1053 patet,

81 1070 112 1132 in
128 1070 324 1153 Tripartitis
337 1071 404 1137 illis
421 1080 560 1154 ¹praeter
581 1074 657 1138 Xll
671 1072 799 1138 tabulas
822 1091 997 1157 earumque
1018 1076 1339 1160 interpretationem,

81 1179 155 1258 legis
173 1177 280 1240 etiam
297 1183 435 1244 acirim
450 1181 638 1245 occumisee.
653 1179 731 1244 Vid.
750 1180 837 1259 (Cic.
851 1180 1173 1263 Catanensium
1189 1186 1287 1248 Poas't.
1297 1185 1342 1249 aa

82 1288 124 1346 et.
132 1286 172 1346 Il.
186 1287 229 1348 de
244 1287 407 1368 origin.
417 1307 502 1367 am.
512 1287 564 1350 10.
584 1287 655 1368 (Cf.
665 1295 700 1350 et
711 1287 879 1354 Zimmern
890 1287 1017 1354 RGJ.
1031 1313 1064 1374 p.
1073 1290 1169 1380 419).

609 1463 613 1473 .
672 1451 700 1533 ὃ.
722 1449 753 1513 9⁸
912 1463 932 1500 s

459 1565 599 1636 Utriusque
617 1565 739 1620 interibis
758 1575 784 1617 et
800 1569 970 1620 restauratio.
1076 1610 1086 1622 ,

157 1663 347 1748 Utramque
365 1665 598 1728 collectionem
617 1665 686 1730 fata
705 1665 801 1729 nobis
822 1665 1020 1731 inviderunt.
1039 1667 1210 1734 Formulas
1230 1677 1339 1733 tamen

82 1772 245 1834 actionum
261 1773 412 1856 antiquas
435 1773 597 1858 stupenda
616 1773 716 1856 plane
737 1774 897 1838 industria
923 1775 1061 1858 collegit
1081 1777 1179 1840 Barn.
1196 1778 1340 1840 Brisson.

80 1878 162 1940 libro
178 1881 221 1941 de
235 1881 396 1942 Formulr’s
411 1889 443 1941 et
464 1880 663 1943 sollemnibus
683 1884 797 1964 populi
805 1882 944 1944 Romans·
954 1883 1065 1955 verbra,
1088 1881 1179 1946 edito
1193 1882 1229 1970 [*
1236 1884 1340 1948 Paris.

80 1985 283 2070 1583.f01.*]
303 1985 355 2072 [et
364 2006 441 2050 cura
448 1986 491 2049 V.
504 1985 540 2050 C.
548 1986 665 2050 Franc.
677 1987 750 2051 Car.
762 1986 914 2051 Conradi.
926 1988 1004 2052 Hal.
1017 1989 1147 2073 etLipe.
1160 1989 1339 2076 1731.f01.]

82 2092 113 2178 [*
120 2093 300 2156 novissime
316 2115 393 2157 cura
410 2094 463 2157 Jo.
478 2094 565 2177 Aug.
581 2094 706 2157 Bachii.
721 2095 811 2180 Lips.
819 2095 913 2160 1754.
930 2095 987 2160 fol.
998 2093 1035 2182 l]
1056 2117 1122 2182 quo
1141 2104 1251 2161 tamen
1271 2117 1339 2160 non

81 2200 132 2262 has
151 2207 293 2284 tantum,
308 2201 367 2264 sed
380 2209 415 2264 et
427 2201 517 2281 alias,
535 2223 651 2284 sacrae,
663 2203 831 2284 militares,
845 2203 992 2266 forenses
1012 2203 1256 2296 familiaresque
1270 2205 1340 2268 for-

81 2307 180 2370 mulas
197 2307 393 2392 complexus
410 2315 467 2370 est
490 2305 579 2394 [Nec
602 2309 706 2371 minus
724 2310 894 2392 egregiam
916 2309 978 2372 hac
1004 2309 1038 2371 in
1059 2331 1096 2372 re
1113 2332 1247 2395 operam
1255 2311 1339 2395 juris

81 2414 230 2477 studiosis
248 2415 384 2479 navavit
401 2415 473 2479 Car.
492 2414 606 2499 Sigon.
621 2418 660 2478 de
679 2417 781 2479 Indis.
798 2417 823 2479 I.
837 2415 868 2479 9.
881 2413 942 2502 sq]
963 2417 1135 2488 Fastorum
1152 2417 1339 2503 exemplum

81 2543 142 2584 non
156 2543 258 2585 unum
271 2530 380 2586 exstat
391 2524 426 2585 in
439 2524 579 2607 antiquis
596 2523 819 2604 marmoribus,
840 2543 883 2586 ex
901 2525 1017 2610 quibus
1029 2525 1191 2610 quaedam
1201 2533 1339 2590 aeterno

81 2630 334 2716 Inscriptionum
351 2631 445 2716 operi
462 2632 601 2694 inservit
611 2630 742 2694 Gruter.
752 2653 786 2713 p.
803 2629 991 2694 CXXXIII.
1004 2639 1038 2695 et
1056 2654 1127 2699 cum
1139 2633 1234 2698 Petri
1244 2632 1340 2698 (liac-

81 2739 165 2818 conii
187 2737 397 2821 aliorumque
419 2738 707 2822 explanationibus
732 2737 922 2802 recudenda
944 2742 1070 2804 curavit
1087 2743 1141 2805 Jo.
1158 2742 1220 2805 Ge.
1234 2742 1340 2806 Grae-

80 2846 146 2907 vius
168 2847 444 2930 Tltesaur.'Ants'q.
456 2848 547 2910 Ilom.
567 2847 648 2908 lbm.
664 2847 755 2907 VIII.
777 2843 793 2932 [
803 2846 1002 2910 *Fastorum
1019 2856 1085 2919 tam
1102 2869 1264 2912 sacrorum
1282 2871 1339 2912 seu

79 2949 329 3033 Kalendarium,
350 2973 447 3035 quam
464 2951 618 3035 civilium,
637 2973 695 3014 seu
712 2951 937 3015 Consularium
956 2960 991 3014 et
1008 2954 1261 3039 triumphalium,
1280 2977 1340 3018 ex-

81 3059 182 3142 empla
205 3057 459 3142 diligentissime
480 3061 646 3123 recensuit
661 3057 767 3144 Chph.
784 3058 900 3122 Saxius
917 3059 1029 3123 Praef.
1044 3061 1085 3124 ad
1108 3083 1172 3125 van
1191 3062 1340 3127 Vaassen

81 3165 238 3249 Op.laud.
247 3165 342 3250 p.Xl
351 3165 544 3252 -L111.*].
556 3167 717 3230 Veterum
730 3165 873 3251 denique
886 3171 1035 3228 notarum
1039 3166 1253 3250 juridicarum
1265 3191 1341 3252 spe-

81 3273 194 3336 cimina
204 3280 282 3357 post
290 3273 462 3338 Valerium
475 3275 632 3356 Probum,
644 3275 779 3336 Petrum
793 3273 980 3336 Diaconum
994 3274 1237 3356 etMagnonem
1247 3273 1341 3339 dedit

80 3380 277 3444 Jo.Nieolai
289 3382 323 3443 in
339 3380 426 3444 libro
441 3383 480 3444 de
494 3381 591 3466 Siglis
606 3391 757 3460 aeterum,
772 3383 828 3465 qui
839 3382 965 3465 prodiit
976 3381 1078 3464 bugd.
1088 3381 1203 3444 Buteo.
1211 3381 1303 3445 1706.
1310 3381 1340 3445 4.

660 3547 690 3626 ς.
712 3544 763 3606 10.

390 3661 514 3714 Romana
522 3661 741 3734 jurisprudentia
758 3660 826 3712 mole
844 3678 891 3714 ssia
910 3661 1022 3714 laborat·
1132 3717 1136 3724 ,

158 3763 216 3826 Ab
231 3761 273 3826 iis
283 3761 487 3846 temporibus
498 3762 620 3825 multae
633 3759 771 3824 subinde
782 3760 887 3844 leges,
899 3761 1001 3824 multa
1011 3783 1144 3850 quoque
1154 3763 1340 3846 plebiscita,
1405 3729 1408 3733 -
1476 3747 1483 3756 ¹

82 3868 179 3932 multa
193 3868 305 3932 edicta
323 3877 510 3952 praetorum
534 3877 634 3952 atque
649 3867 806 3933 aedilium
824 3868 1028 3952 prodierunt,
1051 3871 1168 3954 quibus
1189 3869 1340 3933 adcesse-

68 3984 152 4060 ,rant
165 3977 260 4040 varia
276 3983 435 4060 responsa
446 3977 655 4062 prudentum,
672 3985 707 4039 et
718 3976 776 4039 sub
787 3976 1044 4059 Imperatoribus
1053 3975 1341 4042 senatusconsulta

84 4206 157 4259 Cant.
172 4209 204 4260 1..
217 4215 240 4260 l.
256 4225 303 4275 pr.
318 4207 348 4259 0.
361 4207 394 4257 de
408 4206 508 4258 Oomm.
526 4225 594 4260 serv.
612 4205 729 4259 manum.
753 4208 797 4258 De
814 4212 894 4273 gente
906 4207 985 4260 Aelia
1002 4204 1108 4272 egregie
1126 4204 1236 4256 disserit
1252 4205 1341 4259 Heur.
1433 4251 1441 4264 ,

84 4290 171 4343 Neris.
195 4290 341 4359 Uenotapb.
367 4290 458 4342 Pisae.
479 4291 590 4344 Dissert.
610 4293 667 4344 III.
684 4297 708 4344 9.
736 4311 766 4360 p.
784 4295 844 4344 419.
867 4293 948 4344 Heia.
979 4290 1023 4341 De
1043 4290 1107 4354 jure
1124 4289 1255 4342 Flaviano
1278 4291 1340 4342 Car.

84 4375 163 4426 Andr.
175 4377 306 4428 Dukcrus
322 4375 359 4426 ed
372 4373 432 4426 Liv.
446 4377 497 4428 lX.
512 4381 555 4430 46.
570 4378 590 4444 ξ.
605 4381 630 4429 3.
644 4383 672 4428 et
689 4383 713 4430 5.
729 4379 808 4428 ’1.11.
829 4393 855 4442 p.
874 4379 950 4429 1030.
976 4378 1004 4425 et
1020 4372 1194 4438 potissimum
1210 4374 1268 4427 Ine.
1288 4389 1340 4426 van

85 4457 203 4510 Vaassen
221 4459 368 4512 Auimedr.
381 4459 443 4510 hist.
457 4461 516 4511 crit.
534 4461 569 4511 ad
587 4461 671 4513 fassas
683 4463 833 4514 Romanor.
842 4475 935 4512 sacros
949 4477 972 4509 c.
986 4463 1010 4510 4.
1026 4459 1047 4523 ξ.
1061 4461 1149 4509 1-9.
1161 4473 1188 4522 p.
1202 4461 1272 4512 90-
1282 4461 1339 4510 tea.

87 4545 111 4590 et
127 4557 185 4610 pag.
194 4547 346 4599 aee-³73.
363 4544 408 4596 De
424 4544 486 4610 jure
500 4557 565 4598 vcro
584 4546 699 4600 Aeliano
716 4547 789 4600 idem
804 4547 916 4599 l.l.o.4.
927 4548 953 4596 6.
964 4547 1003 4596 10.
1015 4559 1041 4608 p.
1053 4545 1198 4595 lae—wc
1215 4541 1304 4596 IIaub.
