3080 5154
224 375 330 449 ὥ,
698 365 1002 434 mtffist
1124 313 1209 390 ·'

224 543 282 606 ubi
298 563 342 606 ex
363 545 474 605 rostris
491 540 614 604 tribuni
633 541 676 603 ad
693 540 827 624 plebem
849 542 1133 632 concionabantur
1145 542 1192 624 ¹¹).
1212 543 1350 607 Doceat
1365 544 1406 606 id
1426 565 1487 606 ex-

226 649 335 733 empla
349 648 435 731 apud
445 646 657 711 Ciceronem:
673 649 774 730 Epist.
789 649 833 710 od
842 651 937 711 Attia.
951 653 978 710 Ι.
992 649 1021 711 1.
1031 651 1075 711 od
1082 651 1151 710 Dia.
1167 650 1236 710 VII.
1244 649 1295 716 30.
1311 650 1488 713 Plutarch.

223 761 257 820 ἐπ
272 756 405 818 aranon
420 757 465 833 (o.
482 755 543 818 ltu.
559 756 696 816 Gracchi
707 777 733 816 c.
744 755 812 836 12.)
828 755 897 818 bio.
909 758 969 817 III.
978 755 1029 817 54.
1037 756 1109 817 XX
1109 757 1143 816 V.
1157 756 1258 820 3.Χῦ
1264 757 1298 818 V.
1312 755 1365 819 36.
1377 757 1489 839 Leges

224 863 259 927 in
276 861 429 927 Comitiis
447 861 639 924 centuriatis
656 869 690 924 et
709 861 857 938 tributim
873 865 1036 945 plebiscito
1055 864 1090 925 in
1107 863 1186 925 solis
1205 863 1336 926 tributis
1355 864 1488 926 conde-

224 974 355 1051 bantur,
373 969 431 1032 ubi
445 991 512 1032 non
532 989 614 1050 opus
632 977 705 1033 erat
717 968 773 1033 vel
789 968 879 1031 soto
894 970 924 1050 i)
949 969 1004 1032 vel
1019 969 1189 1052 auspiciis:
1213 970 1352 1054 Dionys.
1368 971 1488 1034 Halia.

225 1078 283 1138 IX.
298 1075 349 1137 41.
366 1084 398 1137 ct
411 1074 462 1136 49.
485 1075 647 1138 Solebant
664 1083 774 1137 tamen
795 1096 1039 1160 nonnumquam
1059 1084 1093 1139 et
1109 1077 1250 1140 Tribuni
1269 1077 1382 1160 plebis
1406 1100 1488 1142 aves

211 1180 410 1274 consulere,
429 1190 463 1244 et
484 1181 526 1244 de
546 1182 642 1245 coelo
668 1203 809 1264 servare,
833 1183 964 1265 quando
985 1182 1095 1266 legem
1121 1192 1216 1247 erant
1233 1186 1489 1268 interrogaturi.

226 1289 390 1372 Exempla
404 1296 478 1351 sunt
494 1288 582 1371 apud
597 1288 684 1351 Plut.
701 1294 734 1351 in
747 1291 898 1352 Gracchis
914 1292 958 1367 (a.
975 1291 1036 1352 lto.
1054 1291 1193 1352 Graccbr‘
1202 1312 1227 1350 c.
1239 1291 1306 1373 17.)
1322 1300 1357 1354 et
1375 1292 1489 1355 Cicer.

133 1401 134 1404 ’
226 1404 259 1461 r'n
280 1399 383 1460 Vatia.
397 1417 422 1456 c.
437 1395 467 1456 7.
496 1396 599 1478 Leges
621 1395 815 1480 plerumque
836 1395 1097 1480 tribuniplebis,
1114 1398 1283 1477 plebiscito
1296 1399 1434 1482 patricii
1455 1411 1490 1462 et

227 1514 344 1588 postea
360 1502 565 1587 magistratus
582 1501 828 1585 dissuadebant,
847 1504 993 1588 quamvis
1009 1525 1080 1566 eam
1098 1501 1289 1567 facultatem
1305 1505 1401 1569 Coss.
1414 1508 1490 1570 adi-

227 1634 317 1676 mere
331 1608 653 1692 conareturVolero,
665 1611 832 1673 Tribunus
842 1611 961 1695 plebis.
969 1611 1108 1694 Dionys.
1116 1610 1195 1674 Hal.
1206 1613 1264 1674 IX.
1272 1613 1322 1675 41.
1339 1613 1489 1678 Sortitio

122 1775 125 1781 .
228 1721 327 1784 etiam
341 1718 375 1781 in
390 1714 573 1801 plebiscitis
591 1717 717 1801 duplex
730 1718 841 1800 fiebat,
859 1740 993 1802 quarum
1010 1718 1125 1801 altera,
1138 1719 1172 1780 in
1185 1740 1249 1802 qua
1265 1720 1353 1782 tribu
1368 1721 1489 1784 Latini

171 1873 176 1884 ,
229 1826 416 1910 suffragium
437 1825 572 1907 ferrent,
600 1825 837 1907 explorabatur
850 1827 896 1907 l¹),
920 1825 1025 1890 altera
1046 1826 1134 1888 inter
1157 1825 1243 1909 ipsas
1258 1827 1361 1890 tribus
1380 1828 1491 1891 fiebat
1528 1861 1529 1866 1

228 1935 368 1998 sortitio.
385 1933 457 1996 Liv.
474 1933 579 1995 XXV.
592 1933 622 1995 3.
642 1929 814 2015 Quidquid
836 1954 918 2017 ergo
934 1933 1080 1996 tributim
1098 1933 1193 2018 plebs
1209 1935 1257 1997 ita
1269 1913 1435 2018 jussisset,
1454 1935 1490 1998 id

227 2051 332 2106 ratum
352 2040 547 2121 habebatur,
568 2048 602 2102 et
622 2037 744 2101 deinde
758 2038 878 2102 tabulis
894 2029 1085 2123 inscriptum
1109 2040 1272 2104 aedilibus
1287 2040 1437 2126 plebejis
1454 2044 1489 2106 in

229 2148 341 2233 aliqua
357 2148 441 2212 aede
462 2146 710 2210 custodiendum
728 2147 883 2211 dabatur:
901 2149 938 2210 L.
952 2147 983 2210 2.
999 2149 1027 2228 §.
1038 2147 1089 2210 21.
1105 2149 1147 2209 Ι).
1162 2149 1201 2210 de
1218 2147 1291 2210 0.J.

805 2281 834 2362 §-
855 2281 905 2343 18.

699 2397 773 2454 Quor
790 2415 822 2448 ea
840 2395 1020 2464 obligaremur.

313 2496 471 2575 Quamvis
495 2517 575 2559 vero
599 2495 775 2578 plebiscita
796 2517 863 2557 non
884 2495 926 2558 ab
953 2487 1114 2560 universo
1127 2473 1266 2582 populo,
1288 2496 1347 2560 sed
1370 2521 1393 2562 a
1413 2499 1491 2562 sola

230 2604 341 2688 plebe,
361 2602 605 2665 condebantur:
632 2608 744 2664 tamen
770 2621 837 2664 non
858 2602 993 2686 plebem
1011 2612 1149 2687 tantum,
1181 2606 1239 2668 sed
1267 2613 1301 2673 et
1324 2606 1490 2689 patricios

231 2711 436 2794 obligabant.
447 2707 488 2771 Id
503 2707 592 2792 quod
606 2715 681 2791 post
690 2707 807 2771 multas
819 2709 1031 2792 patriciorum
1044 2712 1336 2795 tergiversationes
1352 2721 1490 2776 cautum

232 2828 281 2881 est
307 2818 385 2901 lege
410 2815 548 2906 primum
576 2812 721 2876 Horatia
745 2836 832 2876 anno
856 2815 898 2877 U.
921 2813 1124 2880 c.cccV1.
1149 2818 1221 2881 Liv.
1242 2819 1326 2880 Hs‘ot.
1350 2821 1417 2879 111.
1435 2820 1491 2880 55.

230 2926 369 3008 Dionys.
389 2921 467 2986 Hal.
487 2922 544 2982 XI.
564 2920 615 2981 45.
644 2919 767 2983 deinde
794 2920 944 2985 Publilia
967 2945 1054 2986 anno
1076 2922 1386 2989 cocomati:
1405 2947 1425 2987 a
1446 2925 1492 3002 Q.

229 3030 381 3096 'Publilio
398 3029 583 3112 Dictatore,
600 3049 639 3090 ac
655 3029 811 3112 denique,
831 3051 929 3114 quum
948 3029 1043 3115 plebs
1063 3052 1149 3094 anno
1171 3031 1436 3096 CCCCLXVII.
1455 3033 1492 3095 in

230 3140 254 3205 J
255 3139 419 3224 aniculam
429 3137 627 3217 secessisset,
636 3135 714 3218 lege
726 3136 918 3219 Hortensia,
930 3136 1000 3214 lata
1012 3161 1031 3201 a
1042 3138 1083 3216 Q.
1096 3139 1280 3202 Hortensio
1293 3139 1493 3204 Dictatore:

233 3246 322 3312 Gell.
335 3248 440 3309 Noctt.
455 3247 548 3308 Attr'c.
563 3245 635 3306 XV.
648 3242 700 3304 27.
717 3244 746 3325 §.
759 3244 789 3304 4.
811 3248 892 3306 lost.
903 3247 942 3307 de
951 3247 1020 3307 Jor.
1034 3253 1100 3307 nat.
1112 3255 1198 3328 gent.
1211 3255 1242 3308 et
1255 3251 1311 3309 orb.
1325 3247 1357 3328 1)

301 3421 334 3485 h)
356 3421 456 3471 Rostra
468 3418 538 3470 inter
556 3415 703 3483 praecipua
720 3414 881 3468 tribrmioiae
898 3415 1041 3482 potestatis
1059 3416 1177 3483 insignia
1195 3424 1268 3471 sunt.
1286 3418 1360 3470 Hinc
1367 3417 1410 3470 M.
1422 3418 1495 3473 Lol-

232 3503 286 3557 lius
311 3502 472 3564 Palicanus,
496 3516 581 3568 quum
611 3498 783 3552 tribuniciam
804 3505 966 3565 potestatem
990 3517 1007 3553 a
1029 3502 1107 3556 Sulla
1133 3505 1290 3569 abrogatam
1315 3501 1495 3566 restituisset,

197 3607 203 3621 ¹
232 3591 321 3642 rostra
343 3586 373 3638 in
396 3584 487 3638 nuruis
514 3581 693 3651 subsignari
713 3581 1097 3650 Jusaitvid.1‹¹u1v.Ursin.
1121 3587 1153 3638 de
1161 3587 1255 3654 famil.
1274 3589 1355 3640 Rom.
1369 3603 1401 3654 p.
1428 3591 1494 3641 158.

233 3674 294 3728 edit.
313 3671 414 3724 Patiai.
438 3670 518 3721 Heia.
1381 3724 1384 3730 ,

309 3754 334 3822 i)
353 3757 392 3806 At
407 3754 529 3806 nondum
547 3753 610 3806 latis
633 3750 755 3818 legibus,
774 3769 890 3820 quarum
907 3752 1009 3806 mentio
1026 3755 1058 3806 fit
1071 3755 1091 3820 §.
1110 3769 1183 3821 seq„
1200 3753 1366 3821 populiscito
1388 3760 1495 3811 confir-

233 3841 334 3894 manda
353 3839 434 3905 crantj
454 3836 608 3904 plebiscita,
629 3843 740 3890 eatenus
763 3838 887 3905 quidem,
916 3844 1050 3906 quatenus
1070 3853 1179 3891 omnem
1199 3841 1332 3904 populum
1355 3847 1494 3894 tenerent.

234 3927 351 3979 Sobulae
368 3924 386 3975 l.
401 3925 418 3975 l.
437 3939 464 3989 p.
482 3926 544 3975 286.
562 3923 669 3974 Walter
688 3922 880 3988 Rechtsgesoh.
899 3939 927 3988 p.
945 3928 988 3977 87.
1015 3923 1147 3976 Huschke
1170 3924 1245 3976 Verf.
1268 3924 1295 3975 d.
1319 3923 1392 3975 Kbn.
1411 3926 1495 3978 Serv.

176 4001 178 4008 ’
235 4013 306 4063 Tull.
319 4026 347 4075 p.
358 4011 419 4062 413.
432 4010 488 4060 not.
499 4010 543 4059 47.
561 4009 704 4076 Praeterea
720 4023 927 4075 nonnumquam
938 4007 1020 4060 etiam
1033 4025 1068 4060 ex
1081 4005 1316 4070 senatusconsulti
1327 4009 1497 4064 auctoritate

235 4093 376 4160 plebiscita
394 4092 510 4154 liebant;
528 4091 635 4144 Walter
653 4093 671 4143 1.
690 4094 708 4144 l.
727 4108 755 4158 p.
774 4097 832 4145 131.
851 4091 937 4145 Miill.

304 4178 338 4244 k)
359 4176 461 4229 Merito
479 4182 569 4228 tamen
587 4173 733 4241 dubitatur,
751 4193 817 4229 uum
828 4176 940 4229 omniuo
955 4176 1002 4242 jus
1019 4175 1101 4230 fuerit
1116 4177 1221 4231 Latinis
1239 4175 1367 4243 suffragia
1383 4177 1498 4231 terendi

235 4259 263 4312 in
282 4260 399 4315 comitiis
416 4261 558 4314 Romanis.
577 4261 640 4324 Qua
658 4249 748 4323 dere,
767 4265 826 4312 tum
844 4263 878 4313 de
896 4259 1003 4314 Liviani
1021 4261 1074 4313 loci
1089 4262 1202 4328 (XXV.
1214 4263 1256 4330 3.)
1276 4261 1391 4315 lectione
1408 4263 1498 4314 valdo

236 4344 327 4407 dubia,
345 4347 400 4398 vid.
419 4363 489 4414 quae
501 4351 595 4398 comm
607 4345 761 4398 Walterum
775 4347 817 4412 (p.
831 4347 896 4414 194)
910 4345 1034 4413 aliosque
1052 4346 1162 4413 scripsit
1170 4348 1303 4410 Huschke
1319 4347 1340 4399 l.
1357 4347 1375 4398 l.
1388 4361 1417 4412 p.
1429 4349 1498 4400 469.

235 4433 293 4481 not.
310 4434 353 4480 45.
379 4429 465 4482 Miilsl.

312 4515 336 4578 1)
356 4514 488 4568 Huschke
505 4519 523 4569 l.
542 4519 559 4568 l.
578 4532 605 4580 p.
623 4518 675 4567 414
697 4513 786 4564 -De
803 4515 976 4580 rogationum
999 4519 1090 4568 autem
1113 4521 1287 4583 argumento,
1305 4529 1328 4566 s.
1347 4515 1498 4580 derebus,
