3080 5154
542 387 597 457 nr:
622 387 776 458 Nurrns.

611 565 641 646 §-
662 564 712 627 14.

322 683 384 743 Usu,
402 681 530 750 quamdo
547 681 576 732 iu
593 697 700 733 manum
718 679 886 735 conueniebat
902 683 1005 738 mulier.

120 784 253 846 Tertius
271 784 386 847 modus
405 780 621 846 contrahendi
644 780 884 844 matrimonium
905 792 976 848 erat
996 799 1096 862 USU83
1114 785 1171 868 qui
1192 784 1226 846 in
1243 805 1285 847 eo

55 891 195 973 constitit,
218 891 311 975 quod
336 891 406 953 sine
435 889 702 953 confarreatione
727 896 761 950 et
785 891 971 954 coemtione
993 893 1126 955 maritus
1148 879 1284 954 uirorem

55 1006 239 1082 usucaperct.
270 997 305 1060 Si
326 998 412 1060 enim
441 997 543 1079 baec,
566 1005 700 1060 auctore
723 1003 852 1080 tutore,
879 1019 951 1060 cnm
970 1001 1042 1063 viro
1069 1005 1286 1062 consueuerat

54 1127 150 1169 annum
165 1125 267 1168 unum
278 1152 288 1188 ,
301 1125 363 1167 nec
386 1113 464 1168 ante
483 1107 580 1168 finem
605 1103 683 1168 anni
704 1111 892 1188 usurpatum
909 1106 1032 1190 iverat,
1050 1107 1086 1170 id
1102 1115 1166 1189 est,
1181 1106 1285 1169 tribus

53 1215 182 1276 noctibus
205 1236 226 1276 a
247 1212 321 1275 viro
341 1233 408 1275 non
432 1212 602 1293 abfuerat,
625 1211 801 1274 videbatur
821 1219 900 1276 tunc
922 1223 1080 1299 usucapta
1102 1221 1136 1277 et
1157 1234 1286 1297 posses-

54 1321 126 1382 sione
148 1313 318 1404 quaesita:
345 1318 434 1383 Gell.
457 1319 566 1382 1112.
596 1316 881 1396 Quemadmodum
910 1321 1024 1405 itaque
1057 1321 1213 1405 usucapio
1237 1327 1287 1384 est

54 1427 147 1490 modus
168 1425 369 1511 adquirendi
396 1426 575 1490 dominium
593 1425 676 1509 juris
699 1426 894 1504 Quiritium:
919 1428 968 1492 ita
991 1414 1135 1491 dubitari
1159 1427 1285 1512 nequit,

56 1535 115 1618 quin
130 1543 160 1597 et
176 1555 238 1597 usu
262 1555 346 1597 uxor
362 1533 555 1597 convenerit
576 1534 609 1595 in
627 1555 754 1597 manum
773 1543 806 1598 et
821 1535 926 1598 veluti
944 1535 978 1599 in
1000 1535 1179 1599 dominium
1201 1532 1288 1612 Qui-

56 1642 176 1704 ritarium
205 1640 337 1722 mariti,
364 1640 418 1704 vel
443 1644 478 1704 in
501 1643 647 1727 ejusdem
676 1648 875 1725 potestatem
904 1644 1041 1708 redacta
1062 1644 1118 1708 sit:
1143 1642 1211 1706 Cic.
1226 1663 1287 1724 pro

55 1751 136 1810 Ilaec.
155 1772 179 1811 e.
197 1749 254 1812 34.
277 1749 367 1811 Petr.
389 1749 478 1813 Pitb.
501 1751 545 1811 ad
564 1750 631 1810 Lu.
653 1749 732 1811 Mos.
756 1759 787 1811 ct
809 1751 897 1812 Itum.
920 1755 966 1812 tit.
990 1751 1081 1814 XVI.
1114 1750 1148 1812 si
1171 1751 1285 1834 itaque

56 1875 120 1917 uxor
133 1857 239 1920 nollet
255 1856 291 1919 in
314 1877 444 1919 manum
460 1855 654 1919 convenire:
675 1856 892 1920 instrumenta
908 1857 1039 1942 quidem
1057 1858 1184 1922 dotalia
1205 1879 1286 1922 con-

56 1963 239 2047 ficiebantur,
264 1971 299 2026 et
314 1964 444 2028 domum
466 1964 702 2042 deducebatur,
723 1963 781 2026 sed
802 1964 903 2028 dabat
924 1964 983 2028 illa
997 1987 1149 2050 operam,
1163 1975 1199 2030 ut
1221 1967 1286 2030 sal-

57 2080 105 2132 tem
120 2080 179 2134 tres
194 2080 314 2135 noctes
330 2095 350 2134 a
367 2073 484 2135 marito
507 2071 648 2134 abesset.
670 2070 725 2133 Sic
742 2069 828 2133 enim
844 2092 906 2156 per
920 2071 1164 2156 usurpationem
1182 2074 1287 2137 inter-

56 2179 247 2262 mnpebatur
261 2179 398 2264 singulis
418 2179 511 2242 annis
527 2178 697 2261 usucapi0,
713 2177 866 2262 adeoque
883 2200 968 2241 uxor
988 2179 1043 2242 vel
1065 2181 1099 2243 in
1118 2189 1285 2264 potestate

56 2287 150 2367 patris,
164 2287 221 2350 vel
242 2287 277 2350 in
297 2287 403 2351 tutela
419 2287 635 2370 adgnatorum
657 2285 826 2367 manebat,
847 2285 918 2347 sine
935 2307 1072 2368 quorum
1088 2287 1285 2350 auctoritate

57 2391 81 2452 in
94 2415 210 2458 manum
229 2395 409 2459 convenire
424 2415 490 2457 non
506 2400 654 2477 poterat:
673 2391 740 2454 Cic.
752 2393 1075 2474 prouocemus).
1103 2392 1284 2457 Contracto

58 2499 110 2562 sine
123 2524 183 2565 uno
197 2503 317 2566 borum
338 2501 468 2565 rituum'
481 2499 709 2580 matrimonio,
726 2519 810 2562 uxor
831 2520 898 2562 non
917 2500 1139 2564 conveniebat
1160 2501 1193 2563 in
1216 2523 1284 2565 ma-

57 2629 116 2668 nnn
139 2611 260 2690 mariti,
282 2629 391 2694 neque
417 2608 502 2672 adeo
522 2609 624 2671 fiebat
641 2606 907 2689 materfamilias,
927 2608 984 2670 sed
1005 2625 1186 2673 mnrnorm:
1203 2609 1282 2674 Gell

31 2705 35 2710 ⁵
58 2714 159 2778 XVIII.
172 2719 202 2781 6.
224 2719 271 2780 Et
290 2716 367 2780 hinc
381 2738 491 2801 neque
512 2715 711 2778 succedebat
727 2715 768 2777 ab
782 2714 940 2779 intestato
960 2716 1089 2799 marito,
1104 2739 1213 2803 neque
1232 2718 1287 2806 hic

57 2826 146 2887 uxoris
163 2827 254 2889 bona
267 2825 377 2887 omnia
395 2821 488 2888 dotis
498 2824 631 2887 nomine
649 2823 843 2907 accipiebat.
864 2821 1058 2887 Vocabatur
1072 2831 1181 2888 tamen
1198 2834 1287 2890 uter-

58 2950 107 3012 que
124 2936 240 3020 conjux
257 2933 299 2996 ad
315 2933 476 2996 bonorum
492 2931 731 3016 possessionem
745 2930 870 2994 edicto:
886 2945 980 2992 uunn
994 2947 1050 2994 vm
1065 2949 1109 2994 nr
1126 2949 1228 2997 uxon.
1280 2953 1283 2962 ’

607 3085 636 3166 §-
657 3085 707 3146 1s.

160 3186 300 3255 Requisita
308 3186 446 3256 justarum
463 3185 617 3254 nuptiarum
635 3186 659 3237 I.
675 3184 815 3254 pubertas,
833 3184 874 3236 ΙΙ.
893 3199 1032 3236 cousensus
1044 3189 1165 3250 patrum.

121 3283 293 3370 Requisita
305 3287 465 3371 justarum
486 3285 671 3370 nuptiarum
692 3293 826 3369 practer
844 3285 871 3348 I.
887 3285 1084 3366 pubertatem
1103 3289 1138 3344 et
1155 3284 1218 3344 utra·
1229 3303 1285 3363 po·

59 3395 176 3476 tentiam,
197 3394 240 3457 de
267 3395 357 3478 cujus
377 3393 528 3456 examine
552 3391 594 3456 ad
615 3394 720 3453 utut.
738 3393 797 3455 uu.
819 3392 927 3454 XXII.
947 3388 1110 3471 dicemus,
1127 3398 1221 3453 erant
1241 3389 1285 3452 Π.

59 3514 202 3564 muscosus
217 3511 360 3584 potrum,
376 3523 513 3585 quorum
529 3501 563 3562 in
578 3507 745 3584 potestate
767 3507 860 3563 crant
878 3497 999 3582 sponsi.
1020 3497 1177 3575 Quamvis
1199 3501 1285 3561 enim

58 3611 133 3681 pater
149 3609 249 3672 filiam
271 3608 433 3672 elocatam
452 3629 628 3690 revocare,
644 3608 841 3692 nuptiasque
866 3605 930 3668 rite
947 3614 1131 3670 contractas
1155 3605 1285 3668 solvere

59 3727 109 3772 non
125 3725 245 3798 posset:
264 3715 329 3794 (uti
343 3736 386 3776 ex
402 3715 572 3779 Plutarchi
592 3716 711 3791 Numa,
729 3714 891 3797 Dionysio
908 3712 1175 3795 Halicarna'sseo‚
1188 3712 1287 3776 Pauli

58 3814 170 3901 Receptt.
194 3824 349 3886 Sentcutt.
367 3824 409 3883 II.
429 3823 479 3885 19.
503 3823 641 3908 Ulpiani
666 3823 701 3883 Ι..
717 3821 746 3882 l.
767 3823 796 3902 §.
819 3823 874 3882 ult.
898 3823 937 3882 de
961 3821 1287 3896 Liberiscclu‘deudts

59 3921 188 3994 adcurate
209 3931 413 3995 demonstrat
432 3932 587 3996 Thomas.
599 3933 637 3992 de
655 3952 714 3992 usu
728 3939 830 4011 prou.
852 3930 949 3991 doctr.
964 3931 1042 3992 Iust.
1059 3931 1097 3990 de
1113 3935 1200 4009 nupt.
1217 3949 1242 3988 c.
1254 3926 1285 3988 1.

58 4059 326 4078 Μ

111 4135 139 4200 11)
157 4136 301 4189 Caeterum
321 4139 373 4190 hoc
384 4137 441 4204 jus,
461 4140 528 4192 XII.
543 4138 697 4190 tabularum
709 4134 815 4202 legibus
829 4134 928 4188 diserte
940 4134 1060 4202 agnitum
1076 4131 1145 4200 (vid.
1158 4131 1226 4183 Gen.
1239 4131 1256 4184 I.
1269 4132 1287 4186 I.

59 4210 159 4270 llacrob.
171 4224 301 4274 saturnal.
314 4225 335 4276 I.
348 4227 372 4277 3.
386 4221 506 4275 Dirksen
520 4222 778 4287 delstafelgcsetzc
790 4221 825 4272 ad
837 4219 906 4272 Tab.
919 4218 967 4268 VI.
982 4217 1013 4268 tr.
1025 4220 1050 4268 4.
1062 4232 1089 4281 p.
1100 4219 1151 4268 418
1162 4209 1294 4285 -4ἳό.),Ὶ

57 4297 99 4356 itm
112 4301 167 4370 Gaji
178 4305 346 4371 temporibus
361 4323 396 4358 ex
410 4321 464 4358 usu
476 4311 636 4366 recesserat·
654 4305 715 4370 Gaj.
728 4301 749 4356 I.
761 4305 783 4370 ξ.
796 4309 853 4357 111.
873 4305 964 4356 Hasse
976 4299 1020 4352 tt.
1035 4302 1055 4367 ξ.
1070 4305 1111 4352 21.
1121 4304 1163 4352 22.
1173 4329 1207 4338 —
1217 4301 1287 4354 Sunt

60 4380 124 4436 etiam
135 4388 178 4454 qui
189 4388 355 4454 existiment,
369 4406 519 4458 numquam
529 4407 583 4444 usu
595 4391 624 4442 in
637 4405 745 4441 manum
759 4389 919 4441 convenisse
933 4383 1080 4446 mulierem,
1093 4382 1146 4436 nisi
1158 4385 1210 4437 boc
1222 4399 1286 4438 con·

61 4464 107 4519 silio
122 4471 211 4526 initum
228 4474 312 4527 fuerit
332 4475 546 4537 matrimonium,
563 4477 638 4526 velut
649 4473 768 4527 Dirksen
784 4474 801 4524 l.
817 4474 833 4524 l.
849 4489 874 4538 p.
888 4474 947 4524 419.
964 4473 1021 4520 not.
1035 4472 1094 4521 480.
1107 4475 1134 4521 ct
1149 4470 1286 4523 Zimmern

62 4548 89 4603 R·
101 4555 128 4608 G.
141 4559 160 4625 i.
173 4563 230 4613 227.
246 4575 272 4626 p.
287 4563 347 4612 839.
364 4559 428 4612 Vid.
441 4567 531 4612 tamen
547 4574 617 4628 quae
631 4565 726 4611 contra
738 4558 858 4623 disputat
870 4555 961 4608 flasse
973 4554 990 4606 1.
1003 4553 1020 4607 l.
1036 4568 1062 4618 p.
1074 4557 1116 4608 67.
1146 4555 1235 4608 must.
