3062 5156
414 378 469 448 lla
493 377 634 446 anrrrs
660 375 918 448 Danruurrosn.
1005 411 1014 434 r
1225 387 1291 457 tel

66 557 134 620 lane
154 573 286 638 quoquo
309 573 449 638 poenam
480 551 611 618 sustulit
630 571 697 618 non
723 551 920 619 Alexander
938 554 1096 638 Severus,
1118 557 1168 622 uti
1189 558 1294 624 visum

66 672 104 728 ert
118 661 283 726 Strauelsio
301 664 385 724 aas.
399 663 514 726 Jastr'n.
528 659 587 722 XI.
600 659 651 722 89.
671 662 761 738 (nam
779 661 817 724 L.
831 660 862 724 8.
882 663 915 724 0.
928 663 968 724 de
981 662 1047 724 El.
1063 683 1150 728 raas.
1168 663 1212 728 de
1225 687 1296 730 ma·

66 773 135 834 ribus
152 791 336 850 servarum,
352 790 419 831 non
439 769 482 832 de
502 765 631 830 feminis
655 787 821 830 servorum
844 787 956 832 amore
981 769 1166 835 calentibus
1191 774 1294 857 agit),

67 879 110 942 sed
121 877 320 941 Justinianus
337 877 374 940 L.
389 897 444 940 un.
462 877 495 938 0.
508 877 547 937 de
563 873 649 938 soro
664 876 776 938 Claud
790 877 852 937 toll.
866 887 979 958 parum
996 885 1086 940 certe
1101 880 1294 964 prudenter,

66 985 200 1070 siquidem
228 985 384 1068 ingenuis
403 971 596 1046 mulieribus
614 982 700 1044 viam
720 1000 762 1044 eo
784 979 858 1065 ipso
880 982 922 1046 ad
940 984 1081 1069 impares
1098 993 1133 1049 et
1150 987 1295 1072 impudi-

67 1115 106 1156 ms
119 1093 209 1174 valde
228 1093 481 1178 conjunctiones
496 1089 652 1158 munivit:
668 1087 780 1174 (lujat.
799 1091 873 1153 ota.
889 1091 980 1153 XXI.
996 1091 1046 1154 16.
1061 1090 1107 1174 ΙΙ).

626 1243 655 1324 5.
677 1243 708 1306 9.

427 1343 545 1396 Mediam
558 1339 730 1410 patiebantur
753 1339 777 1393 Ι.
796 1340 907 1395 exsules.

128 1439 263 1503 Mruoaa
283 1439 355 1502 sive
379 1454 487 1501 Maura
511 1435 628 1520 capitis
648 1434 875 1498 deminutione
898 1435 1040 1499 civitatis
1063 1444 1188 1502 tantum
1206 1442 1294 1527 jura,

67 1547 134 1610 salva
147 1547 316 1629 libertate,
331 1544 579 1628 perimebantur
592 1543 638 1626 ¹),
652 1543 806 1627 adeoque
822 1543 863 1624 ii,
880 1541 935 1627 qui
955 1552 1049 1608 erant
1064 1545 1099 1607 in
1113 1546 1198 1610 hano
1214 1571 1295 1613 oon-

68 1655 197 1718 ditionem
220 1653 369 1736 delapsi,
391 1653 435 1715 ad
445 1655 705 1733 peregrinitatem
726 1653 948 1733 redigebantur
961 1656 1014 1733 ¹¹¹):
1032 1653 1061 1734 §.
1081 1651 1111 1715 2.
1129 1656 1205 1718 Inst.
1223 1657 1253 1719 b.
1273 1667 1295 1720 t.

68 1763 99 1825 Et
114 1763 198 1846 hujus
221 1761 359 1847 quidem
375 1757 574 1822 conditionis
588 1757 797 1823 habebantur
815 1758 842 1821 Ι.
858 1761 1001 1834 erentes,
1020 1761 1138 1845 quibus
1156 1784 1242 1848 aqua
1259 1773 1294 1829 et

67 1869 118 1952 igni
138 1871 238 1935 fuerat
261 1867 485 1932 interdictum.
518 1865 643 1952 Magna
665 1867 793 1930 seilicet
808 1866 937 1932 Romae
958 1876 1029 1931 erat
1047 1868 1136 1933 inter
1154 1873 1294 1934 enstlr'rnn
1390 1882 1394 1890 '

68 1985 92 2038 et
108 1980 318 2060 relegationem
343 1974 528 2038 differentia
544 1978 589 2054 n).
618 1973 683 2038 Illa
699 1973 776 2057 jura
800 1973 943 2039 civitatis
966 1975 1169 2060 perimebat,
1194 2000 1292 2064 quum

67 2084 204 2168 relegatus
220 2107 262 2150 ea
277 2083 369 2148 salva
383 2083 532 2146 haberet.
547 2081 637 2144 Hinc
653 2081 750 2146 Ovid.
771 2081 861 2143 tissa
876 2083 918 2143 II.
932 2104 960 2145 a.
976 2081 1047 2146 137.

235 2195 359 2274 Qnr'prpe
377 2209 585 2263 rassermis,
601 2210 662 2252 non
678 2209 806 2262 rasus,
821 2191 906 2252 ἀίων
920 2193 953 2251 r'n
967 2191 1038 2252 tito:

232 2301 406 2382 Parcaque
416 2299 572 2376 fortunae
586 2305 664 2360 sant
677 2298 754 2359 data
769 2296 864 2357 verda
879 2317 976 2358 meae.

68 2403 150 2481 Quam
165 2405 386 2470 differentiam
399 2405 479 2469 alibi
496 2407 542 2470 ita
555 2403 712 2468 describit
729 2403 821 2464 llist.
835 2402 869 2464 V.
878 2401 1294 2487 Eteg.11.v.15.18.21.sq.

232 2515 306 2578 Neo
320 2517 430 2586 vitam,
446 2532 503 2574 nea
517 2534 605 2595 apres,
628 2534 685 2575 neo
696 2513 754 2593 jus
770 2513 848 2574 milri
859 2513 932 2572 erista
947 2511 1082 2585 ademit,-

276 2622 338 2684 Nr‘l
350 2625 415 2684 nr'st
425 2642 474 2682 me
485 2624 599 2702 patriis
607 2623 706 2703 jussit
722 2620 829 2681 adesse
835 2619 928 2697 saeris.
1091 2600 1095 2606 ¹

232 2729 309 2814 Ipsae
323 2719 579 2801 narranaam
594 2747 756 2800 arsuris,
772 2731 873 2788 utitur
888 2730 920 2787 in
935 2747 985 2788 me

278 2835 434 2898 Nomine:
449 2843 519 2897 tuta
534 2856 591 2897 sno
597 2836 709 2917 jndice
722 2855 838 2896 oanssa
853 2855 923 2896 mea
938 2844 994 2898 est.
1075 2907 1078 2918 .

68 3035 108 3072 non
122 3028 250 3092 tamquam
270 3027 476 3091 Imperatorem,
494 3019 549 3077 sed
562 3028 701 3093 tamquam
719 3025 884 3088 consulem,
903 3028 959 3088 ant,
977 3022 1001 3075 si
1017 3021 1119 3089 mavis,
1138 3025 1296 3079 Senatorem

67 3105 211 3163 laticlauium.
229 3111 413 3164 Consulatum
432 3125 498 3162 sane
515 3109 601 3176 gessit
619 3112 670 3163 sub
689 3109 823 3164 Claudio:
842 3110 917 3164 Suet.
943 3108 1016 3176 Verp.
1036 3126 1057 3160 e.
1070 3113 1095 3162 4.
1108 3110 1222 3164 tortasse
1234 3129 1297 3166 eum

67 3190 135 3245 Barea
152 3196 263 3260 Sorano,
285 3212 365 3264 quom
384 3211 417 3248 eo
435 3194 497 3260 ipso
515 3211 587 3247 anno
605 3196 639 3248 U.
658 3195 689 3248 C.
708 3210 802 3248 ncccv.
820 3209 876 3263 quo
895 3191 998 3245 SCtum
1015 3191 1083 3245 illud
1101 3194 1213 3258 laetum,
1232 3194 1296 3250 Cos.

67 3275 212 3343 designatum
230 3280 319 3334 fuisse
338 3281 419 3332 refert
437 3281 522 3333 'l'aeit
540 3281 610 3332 Ann.
629 3279 701 3332 XII.
718 3283 761 3333 58.
780 3281 817 3331 Et
833 3279 897 3331 hino
915 3277 993 3330 taoile
1011 3275 1150 3329 conciliari
1168 3282 1297 3341 poterunt

67 3359 154 3416 l'acitus
171 3369 197 3417 et
214 3365 378 3428 Suetonius,
397 3381 514 3432 quonam
532 3365 578 3417 llle
596 3365 730 3429 Claudio,
749 3364 793 3417 hio
810 3363 982 3431 Vespasiano
1003 3364 1055 3414 lsoe
1074 3361 1175 3413 SCtum
1194 3361 1296 3416 tribuit.

67 3445 186 3512 Ingeniosa
202 3453 272 3503 haee
290 3455 332 3502 est
350 3449 504 3504 observatio
522 3450 598 3504 Petri
622 3449 705 3502 Fabri
724 3449 848 3502 masse.
867 3452 890 3503 Ῑ.
908 3455 950 3503 25.
966 3468 995 3518 p.
1015 3453 1073 3502 140.
1091 3465 1130 3516 sq.
1150 3447 1190 3499 uti
1207 3450 1297 3515 plera-

68 3544 115 3596 que,
133 3551 196 3602 quae
213 3536 291 3588 faber
308 3534 354 3586 ille
372 3534 499 3586 edotavit.
517 3534 597 3586 Hein.

120 3618 148 3684 k)
167 3622 250 3672 Andr.
271 3620 343 3672 Guil.
363 3619 485 3672 Crameri
504 3619 564 3672 dirr.
581 3621 613 3671 de
634 3619 686 3674 SC.
708 3618 862 3672 Claudiano.
883 3619 938 3671 Kil.
960 3624 1034 3672 1782.
1052 3624 1077 3672 4.
1096 3625 1123 3672 et
1140 3635 1249 3686 reeogn.
1267 3618 1296 3671 iu

20 3707 21 3710 ’
67 3697 596 3774 11111.111).εῐης.1)ῐφιιηοιι·οη.]ἰιν.είυ.
607 3703 777 3757 e.13.Haub.
790 3703 861 3756 Add.
869 3702 1007 3755 Zimmern
1016 3703 1052 3755 lt.
1063 3704 1096 3755 G.
1104 3705 1125 3772 ξ.
1137 3707 1195 3756 199.
1209 3701 1296 3755 Madd.

121 3787 142 3852 l)
159 3788 202 3840 sd
220 3790 241 3856 ξ.
256 3794 363 3842 9-11.
381 3787 544 3842 Heineeoius
563 3803 629 3841 usus
646 3803 702 3840 non
720 3794 762 3840 est
779 3789 919 3854 praeclaro
936 3803 1028 3854 opere,
1044 3786 1090 3840 oui
1107 3787 1218 3841 titulus:
1238 3787 1298 3842 Nio.

68 3866 159 3923 latonii
176 3873 239 3926 libri
256 3884 310 3926 tres
328 3875 360 3926 de
378 3874 477 3936 exsilio,
495 3892 516 3927 r.
535 3874 566 3925 de
586 3873 672 3926 ex'rr'lii
683 3891 772 3941 poena
791 3874 900 3941 antiqua
918 3883 944 3926 et
959 3891 1035 3938 nona,
1054 3873 1225 3940 erratumque
1237 3889 1299 3924 eon-

68 3949 145 4006 ditione
158 3966 183 4008 et
186 3957 306 4027 juribus.
322 3959 352 4023 1)
366 3959 496 4024 Antvmp.
511 3958 615 4010 16581.
630 3959 661 4025 8)
678 3964 749 4012 anet
760 3957 789 4010 in
803 3958 884 4012 Thes.
897 3959 1012 4012 Meerm.
1025 3961 1056 4010 Τ.
1068 3958 1118 4010 111.
1130 3972 1157 4022 p.
1172 3962 1184 4008 1
1201 3985 1226 3994 -
1242 3961 1300 4012 190.

68 4033 287 4096 Eremntioribus
305 4042 482 4108 scriptoribus
501 4043 627 4096 laudasse
651 4042 749 4096 suffieit
766 4043 825 4096 Pet
844 4043 910 4097 Adr.
921 4041 1041 4108 Regneri
1057 4057 1110 4095 van
1128 4041 1299 4093 Ouwenaller

68 4117 125 4174 Dus.
147 4127 176 4178 de
203 4128 294 4180 exsilio
317 4128 417 4196 solique
441 4127 515 4195 apud
537 4127 674 4180 Romanoa
691 4129 867 4182 interdicendi
883 4129 974 4180 modia.
993 4127 1024 4178 L.
1042 4128 1075 4178 Β.
1095 4131 1170 4179 1788.
1187 4131 1212 4178 4.
1236 4126 1299 4179 teu.

69 4201 142 4259 l'aler.
159 4211 281 4262 Frauoke
301 4209 367 4264 iiber
389 4213 431 4263 ein
454 4210 632 4264 Einsediedsel
660 4211 827 4266 attamen.
845 4210 910 4265 belm
934 4212 1044 4279 Ulpim,
1063 4211 1104 4262 dir
1126 4209 1300 4278 Verbannuna

68 4290 122 4341 rael
139 4294 184 4345 der
199 4313 308 4362 praesen
330 4294 398 4348 Oase
417 4289 574 4364 betreffirnd.
590 4296 652 4348 Kiel
672 4301 747 4350 1819.
765 4303 790 4350 8.
817 4296 906 4350 Haub.

123 4377 162 4442 m)
180 4379 260 4431 Unde
278 4397 327 4432 neo
345 4385 409 4445 toga
426 4379 545 4444 amplius
561 4379 595 4432 iis
614 4381 712 4434 lioebat
729 4381 782 4434 uti:
801 4379 872 4434 Pliu.
891 4381 976 4449 Epist.
988 4381 1040 4434 IV.
1058 4384 1098 4432 11.
1113 4379 1187 4432 Suet.
1206 4379 1306 4433 utana

68 4470 86 4505 e·
97 4461 134 4511 1⁵.
150 4461 190 4513 Do
204 4463 264 4528 ipsa
274 4464 474 4530 peregrinitatis
486 4465 643 4518 eonditione
657 4467 728 4518 oont.
740 4466 827 4518 Brisa.
840 4466 903 4518 Ant.
914 4467 1002 4518 relect.
1016 4466 1040 4518 1.
1054 4469 1095 4517 13.
1110 4468 1150 4516 lb.
1169 4464 1250 4517 Heia

131 4545 162 4612 ¹1)
181 4548 376 4618 Antiquissima
392 4549 462 4604 inter
480 4556 574 4617 gentes
591 4567 688 4618 poena,
707 4556 737 4604 ut
755 4550 818 4618 quis
834 4537 1026 4604 communione
1043 4548 1164 4616 pauno,
1180 4549 1307 4618 avimus,
