3130 5148
520 371 866 420 rnnonnrnu.
1183 365 1186 374 '
1274 353 1323 422 26

79 526 225 610 digestus,
246 547 266 588 a
289 525 521 590 sonantum
542 523 722 606 Pannonio
746 524 887 589 Tarenti
905 533 1058 609 repertus
1081 534 1117 590 et
1141 525 1203 590 sub
1223 525 1327 590 titulo

78 635 190 718 itioris
206 633 375 718 βασιλικῆς
396 634 504 698 editus
519 655 539 696 a
557 633 580 696 J
581 655 612 694 ο.
623 631 828 696 Leunclavio
849 635 946 696 Basti.
966 632 1094 711 limas.
1109 634 1239 698 Auctor
1256 635 1324 696 ter-

78 750 123 804 tur
140 740 313 804 &manus
337 740 543 824 Lecapenus.
566 738 646 802 Vid.
666 739 777 823 Gujac.
794 741 882 802 Obsr.
902 740 1031 803 XVIII.
1049 739 1101 804 3⁷.
1137 739 1200 804 lll.
1223 741 1325 805 Mich.

77 847 254 910 Attaiiotae
275 850 351 926 (seu
368 847 571 928 Ataiiatae)‚
583 847 707 932 judicis
726 855 761 909 et
778 846 1002 928 Proconsulis,
1017 845 1141 928 πόνημα
1152 867 1210 910 seu
1224 873 1324 933 apsy-

77 959 173 1042 pannq'
192 965 350 1040 tempore
363 955 538 1019 Michaelis
555 956 672 1017 Ducae
692 953 930 1037 compilatas).
954 954 1015 1018 IV.
1029 954 1205 1028 Michaelis
1218 955 1325 1018 Pselli

79 1065 229 1146 synopses,
249 1085 316 1147 qua
326 1063 382 1146 jus
395 1050 677 1148 compendiariam
691 1062 838 1124 versibus
850 1057 995 1144 politicis
1007 1063 1199 1147 complexus
1215 1072 1266 1126 est
1280 1069 1323 1146 r).

78 1171 112 1231 V.
118 1174 277 1256 πρόχειρον
290 1170 499 1234 Constantini
512 1169 766 1253 Harmenopuli,
780 1169 836 1253 qui
855 1168 942 1232 eirca
954 1189 1073 1232 annum
1085 1169 1323 1235 MCCCXLV.

79 1277 174 1342 floruit
191 1283 237 1360 ⁸),
261 1299 304 1340 ex
314 1278 465 1344 Basilicis
481 1285 695 1360 contractum,
709 1277 781 1340 etsi
797 1297 862 1362 qna
874 1283 948 1338 sunt
956 1276 1050 1360 hujus
1059 1277 1192 1360 generis
1201 1278 1268 1342 alia
1283 1283 1325 1360 ²).

640 1427 669 1508 q.
691 1425 743 1488 uo.

439 1543 514 1596 Finis
522 1543 598 1614 juris
616 1541 779 1594 Justiniami
796 1542 824 1593 in
845 1542 953 1594 crisme.

145 1647 309 1732 Denique
324 1644 465 1727 Tuscae,
480 1652 577 1728 capta
589 1641 893 1726 Constantinopoli,
911 1651 944 1706 et
956 1643 1159 1708 Graecorum
1174 1642 1325 1728 imperio,

78 1762 104 1816 et
115 1754 198 1837 juris
215 1753 361 1817 Romani
375 1753 408 1815 in
426 1753 555 1816 oriente
574 1751 683 1815 studio
700 1751 798 1813 finem
815 1749 975 1834 fecerunt,
988 1750 1191 1837 dubiumque
1209 1757 1268 1834 est,
1284 1773 1325 1814 an

79 1979 139 2031 Tem.
158 1981 205 2032 II.
220 1997 250 2046 p.
267 1983 310 2034 79.
330 1979 410 2032 Conl.
428 1977 556 2030 Lambec.
569 1975 642 2030 Bibl.
662 1977 735 2028 Vind.
753 1975 811 2032 Lib.
833 1977 860 2028 V.
874 1994 904 2045 p.
925 1980 983 2030 162.
1002 1985 1026 2030 et
1044 1974 1103 2030 Ltb.
1124 1978 1168 2032 VI.
1183 1996 1213 2048 p.
1226 1983 1268 2032 24.
1281 1982 1325 2030 26.

76 2063 142 2115 Heln.
161 2061 283 2115 Diversa
295 2069 360 2116 sunt
374 2063 481 2129 scripta,
493 2077 564 2131 quae
577 2061 622 2116 hic
632 2072 886 2126 commemorantur,
898 2065 980 2128 atque
995 2062 1163 2115 diversorum
1175 2070 1325 2116 auctorum.

76 2151 169 2216 Eeloga
180 2165 238 2202 non
249 2152 292 2200 est
303 2147 412 2210 Basilii,
428 2149 476 2199 sed
495 2149 540 2214 (ut
551 2146 661 2215 quidem
673 2145 850 2211 probabiliter
861 2145 987 2212 colligere
999 2147 1075 2214 licet)
1091 2164 1108 2198 a
1124 2149 1217 2202 Leone
1229 2149 1326 2200 isauro

76 2235 182 2303 ejusque
199 2231 258 2286 lilio
270 2231 451 2302 Constantino
470 2231 551 2295 edita,
567 2236 676 2282 sennim
698 2237 725 2282 ct
747 2231 844 2296 viginti
863 2235 966 2295 septem
983 2230 1064 2282 annis
1082 2233 1225 2296 tercenta,
1243 2247 1326 2300 quam

76 2318 215 2386 imperator
238 2320 327 2371 faetus
351 2321 393 2368 est
415 2300 679 2370 Basilius'Macedo.
697 2315 731 2366 nl.
749 2315 802 2366 Ed.
822 2313 970 2366 Zachariae
993 2315 1022 2366 in
1039 2317 1190 2382 prolegom.
1208 2317 1244 2370 ad
1261 2331 1327 2382 pro-

76 2404 172 2456 chirum
191 2420 217 2469 p.
231 2403 438 2454 ΧΧ-ΧΙΝΙ
460 2408 487 2454 et
504 2402 619 2454 Gustav.
633 2401 699 2450 Ern.
713 2399 864 2450 Heimbaeh
882 2398 911 2450 in
930 2401 1079 2464 prolegom.
1098 2401 1134 2452 ad
1146 2400 1327 2454 Athanasium

77 2505 98 2554 p.
114 2489 247 2542 XXXlI.
266 2487 429 2540 Psochirum
446 2486 529 2554 impp.
542 2485 647 2550 Basilii,
666 2483 841 2536 Constantini
854 2489 881 2534 et
892 2483 1003 2549 Leonis,
1015 2485 1105 2538 medio
1123 2490 1245 2552 tempore
1256 2485 1327 2538 inter

76 2587 97 2623 a
112 2578 165 2628 870
180 2580 209 2626 et
225 2577 278 2627 878
296 2575 457 2639 consectum,
473 2589 548 2641 nunc
565 2569 683 2639 primum
701 2568 837 2636 integrum
854 2567 941 2622 edidit
957 2569 1019 2622 Car.
1038 2571 1090 2623 Ed.
1108 2570 1256 2624 Zachariae
1270 2569 1327 2638 (in-

77 2659 170 2724 scripto
195 2658 293 2712 titulo:
318 2652 498 2724 ὁπρόχειρος
517 2656 622 2722 νόμος)
646 2654 772 2707 Heidelb.
797 2659 871 2710 1837.
897 2653 997 2708 Paucis
1020 2662 1084 2722 post
1107 2657 1188 2710 annis
1214 2656 1328 2723 repetita

77 2744 152 2809 hujus
175 2742 239 2796 libri
264 2741 410 2807 praelectio
433 2740 550 2809 prodiit:
572 2745 684 2792 vocatur
706 2757 864 2808 epanapope.
885 2738 949 2791 Vid.
968 2739 1056 2793 Witte
1074 2740 1112 2794 im
1133 2742 1232 2794 Rhein.
1253 2743 1327 2795 Mus.

78 2829 148 2881 Τ.11.
161 2832 260 2894 [1278.
273 2832 334 2880 282.
354 2827 386 2878 Τ.
399 2827 448 2886 ΙΙΙ.
467 2843 494 2893 p.
512 2830 546 2878 28
565 2841 625 2893 sqq.
649 2829 684 2878 4⁷
699 2839 759 2892 sqq.
781 2825 810 2876 S·
829 2827 864 2878 69
883 2839 944 2893 sqq.
963 2827 1111 2880 Zachariae
1129 2828 1159 2882 in
1176 2830 1279 2894 proleg.
1291 2827 1327 2878 ad

78 2914 191 2966 Prochir.
203 2930 232 2979 p.
251 2905 420 2964 LXXXIV.
433 2925 495 2980 sqq.
514 2908 602 2962 Mitti.

139 3000 171 3068 q)
192 2998 288 3050 Edidit
313 2995 382 3048 iliud
399 2993 508 3060 πόνημα
534 2995 586 3046 suh
604 2993 683 3046 titulo
706 2992 821 3056 σύνοψις
843 2989 940 3046 ὡσανεὶ
959 2995 1160 3058 desideratio.
1178 2999 1324 3052 Leunciav.

82 3081 148 3134 Tam.
160 3080 233 3151 Iup
259 3089 281 3134 l.
296 3083 376 3133 Her'n.
394 3077 538 3134 Michaelis
551 3079 696 3132 Attaliotae
714 3077 782 3131 liber
799 3096 856 3132 non
873 3079 983 3143 πόνημα
995 3081 1084 3134 dictus
1097 3089 1146 3146 est,
1160 3084 1208 3135 sed
1220 3083 1327 3149 ποίημα

80 3165 191 3232 νομικόν,
213 3183 305 3234 neque
323 3151 530 3218 confundendus
553 3181 615 3216 cum
633 3179 667 3216 eo
695 3171 737 3217 est
754 3163 824 3218 alius
846 3163 969 3231 ejusdem
991 3166 1058 3217 liber
1086 3168 1129 3218 hic
1146 3166 1262 3218 citatus:
1280 3167 1328 3218 iiia

80 3251 183 3313 σύνοψις
201 3247 299 3302 ὡσανεὶ
322 3245 460 3314 aaronem
478 3249 585 3303 diversa
602 3249 654 3302 suit
671 3250 706 3302 ab
721 3267 799 3319 opere
818 3251 940 3319 teqinmo.
959 3252 1021 3316 lpse
1035 3250 1108 3306 enirn
1127 3251 1258 3307 Attalima
1275 3253 1329 3302 hoe

80 3336 198 3403 inopere
215 3335 383 3390 mentionem
402 3335 466 3388 lacit
484 3335 557 3388 illius
575 3341 714 3403 tamquam
732 3336 855 3388 nondum
872 3335 1000 3401 inchoati,
1018 3337 1067 3389 sed
1082 3336 1165 3404 jussu
1182 3336 1327 3392 Michaelis

81 3419 164 3472 Dusae
191 3437 208 3472 a
231 3437 262 3496 se
287 3420 412 3474 faciendi.
434 3421 517 3474 Cana.
550 3421 590 3473 ct.
609 3426 636 3472 et
655 3420 756 3485 Witte,
781 3422 853 3486 leges
871 3424 935 3472 rest.
962 3435 989 3486 p.
1008 3427 1051 3474 41.
1071 3426 1098 3473 et
1114 3422 1214 3476 Biener
1232 3421 1262 3476 in
1280 3423 1328 3475 der

82 3505 200 3558 Zeitschr.
220 3508 238 3558 i.
257 3495 348 3573 gesen.
366 3507 401 3558 R.
421 3507 469 3558 W.
487 3507 520 3558 T.
532 3497 609 3558 vlit.
628 3521 654 3572 p.
673 3509 732 3558 271.
754 3503 841 3555 Mitti.
877 3519 878 3524 ¹

139 3594 167 3659 r)
187 3592 299 3644 Prodiit
319 3607 352 3644 ea
374 3591 502 3659 synopsis
526 3605 587 3640 cum
614 3587 674 3642 aliis
699 3589 864 3659 quibusdam
888 3589 973 3662 Micia.
992 3590 1077 3643 Pselll
1100 3591 1240 3662 Opsrrnlir
1263 3609 1329 3645 eura

82 3675 166 3728 Franc.
187 3675 324 3745 Bosqneti
344 3677 434 3729 Paris.
454 3680 529 3728 1632.
548 3679 574 3728 8.
599 3675 679 3726 Heln.

139 3762 167 3827 s)
188 3760 290 3812 Editus
313 3766 354 3814 est
374 3763 597 3826 Harmenopulus
615 3761 718 3812 Graece
744 3765 771 3811 et
795 3759 891 3812 Latine
917 3775 979 3812 cum
1003 3758 1076 3814 notis
1101 3762 1146 3813 Jo.
1166 3761 1284 3816 Merceri
1302 3767 1329 3813 et

83 3841 203 3912 Dionysii
214 3833 378 3898 Gotholredi
399 3847 467 3900 Gen.
479 3849 555 3898 1687.
567 3851 593 3898 4.
609 3846 650 3912 (et
661 3859 727 3896 eum
738 3843 837 3896 Reitsii
855 3843 884 3895 in
903 3845 1000 3911 Suppl.
1019 3847 1087 3898 thes.
1101 3847 1216 3900 Meerm.
1229 3861 1256 3911 p.
1270 3852 1328 3898 1-

81 3931 138 3997 671)
157 3931 240 3983 Hein-
268 3929 334 3982 Fuit
351 3930 396 3982 ille
413 3933 508 3998 procul
533 3930 617 3982 dubio
638 3929 722 3982 seculi
741 3928 830 3997 quarti
852 3928 949 3981 decimi
966 3930 1196 3994 Iurisconsultum
1214 3931 1278 3983 vide
1295 3932 1329 3982 de

81 4028 109 4064 eo
120 4015 177 4068 Iac.
196 4015 399 4068 Gothoirednm
417 4015 446 4068 in
463 4014 825 4086 Bitt.jur.Waeent1erum
842 4011 871 4065 in
889 4014 965 4066 Actis
983 4015 1068 4067 Esau.
1084 4016 1158 4084 Lips.
1176 4017 1241 4068 enni
1253 4019 1328 4068 1716.

83 4097 229 4152 Fabricium
248 4099 312 4152 Bib.
335 4101 431 4152 Graec.
455 4101 486 4153 Τ.
507 4101 545 4152 Χ.
561 4120 592 4169 p.
610 4101 669 4154 274.
692 4099 775 4152 Cana.
805 4097 868 4150 Vid.
888 4103 916 4150 et
932 4098 1032 4152 Biener
1051 4101 1149 4152 Gesob.
1170 4102 1197 4152 d.
1216 4100 1287 4152 Nos.
1301 4116 1328 4166 p.

83 4186 132 4235 166.
151 4182 354 4238 WitteRhein.
375 4185 451 4237 Mus.
470 4187 502 4237 T.
522 4187 572 4238 111.
591 4202 619 4251 p.
636 4189 766 4238 59-69,
787 4182 874 4236 Mtte.
1201 4229 1204 4234 .

142 4270 165 4335 1)
186 4269 271 4322 Haud
289 4270 405 4322 debebat
423 4270 563 4338 praeteriri
580 4271 697 4338 synopsis
708 4269 896 4333 Basilicarum,
911 4283 935 4332 s.
948 4263 1045 4332 ἐκλογή
1059 4267 1222 4333 Bastitania,
1234 4269 1329 4326 incerti

81 4355 189 4408 auctoris
206 4363 235 4408 et
253 4355 400 4421 temporis,
419 4373 505 4424 quom¹
517 4373 613 4422 graece
635 4361 661 4406 et
679 4354 761 4408 latine
779 4354 865 4406 edidit
882 4356 925 4406 Jo.
944 4351 1134 4405 Leunelavius.
1151 4354 1234 4407 Basil.
1254 4362 1329 4410 1576.

26 4459 30 4468 ·
81 4436 117 4488 ct.
133 4441 232 4494 Biener
251 4439 416 4494 Gcschichte
434 4443 481 4494 der
500 4442 631 4494 Noveiien
651 4457 677 4506 p.
696 4445 754 4493 161.
776 4444 833 4492 166.
852 4447 879 4491 et
897 4438 984 4491 Witte
1003 4439 1075 4502 leges
1091 4439 1231 4493 restitutae
1249 4457 1276 4507 p.
1295 4445 1330 4493 ³6

81 4528 156 4578 -³8.
176 4527 264 4580 Miidl.
703 4546 708 4556 ¹
1123 4546 1125 4555 ·
