3056 5154
512 381 568 448 lm
593 381 816 452 Amicimur.
1221 391 1296 462 647

20 560 236 624 habebatur.
257 557 335 639 His,
359 557 490 621 nonnisi
512 565 588 640 post
608 577 742 641 operam
765 560 863 623 sacris
885 559 1013 642 datam,
1034 559 1147 628 litibus
1168 580 1292 632 sanare

21 667 181 732 licebat=
197 666 305 730 Varro
319 667 486 747 delinges
500 667 572 728 Lot.
593 666 627 728 V.
643 665 775 750 [*p.b9.
787 685 829 728 ex
845 667 916 729 eds't.
927 669 1069 752 Rabona]
1085 673 1162 734 Deba
1176 693 1290 756 rasos,

12 797 95 857 per
116 795 194 857 quos
208 775 414 836 Praetoribus
432 777 536 834 monio
551 773 646 835 cerdo
666 777 734 834 sirco
749 776 874 854 prbeulo
895 776 967 836 linet
976 777 1058 854 furi.
1075 815 1112 828 -
1132 779 1207 844 Ilios
1227 783 1290 843 η’-

21 903 155 955 masor,
168 901 230 963 per
249 899 325 960 qstos
343 880 515 958 debenesire
525 881 601 958 seri
617 879 820 942 Praetorem:
831 900 882 952 no,
898 901 985 956 oreo,
1002 905 1135 948 rnoroo.
1151 885 1292 950 Ovidius

22 989 130 1050 Fast.
146 989 170 1049 1.
185 1007 214 1050 o.
227 986 279 1048 47.
293 1005 338 1066 sq.
423 1019 425 1029 =

188 1095 250 1156 Ille
270 1111 452 1154 nsrssrus
473 1097 543 1168 erit,
562 1113 621 1175 per
642 1114 732 1177 quem
753 1081 931 1158 triu‘verdo
952 1099 1098 1159 orientur:

188 1201 323 1262 Faenus
345 1203 414 1274 ent,
432 1219 604 1282 perquem
625 1203 694 1283 lege
715 1202 817 1264 licebit
836 1204 899 1282 ogi.

23 1314 230 1382 Macrobius
245 1315 410 1379 Saturnol.
425 1317 452 1378 Ι.
465 1314 515 1378 16.
531 1313 619 1378 Solis
636 1335 717 1400 ergo
734 1315 851 1379 diebus
866 1315 958 1380 fastis
975 1315 1122 1401 integris,
1137 1329 1171 1386 et
1186 1321 1294 1387 iuter-

25 1426 113 1488 cisis
129 1421 315 1510 pomeridie
329 1421 471 1486 Praetor
485 1422 534 1486 sui
553 1423 697 1489 faciebat
713 1423 851 1506 copiam.
873 1422 973 1488 Unde
989 1432 1025 1488 et
1040 1405 1105 1488 dies
1119 1431 1294 1492 sessionum

25 1529 374 1614 vocanturUlpiouo:
396 1530 434 1594 J..
452 1530 483 1594 5.
497 1531 526 1614 ἓ.
542 1529 592 1592 19.
606 1532 649 1594 J).
670 1531 710 1592 Ut
724 1535 758 1594 r'n
772 1553 910 1613 possess.
925 1534 1020 1614 legat.
1041 1531 1098 1596 ubi
1117 1554 1292 1618 perperam

26 1641 108 1724 legi
123 1638 255 1705 videtur
272 1637 503 1719 messeanam
518 1659 579 1721 pro
600 1642 772 1700 sesm‘onum
786 1638 904 1702 Jacob.
919 1637 1113 1704 Raevardus
1128 1642 1294 1706 Protrs'lm-

29 1751 102 1812 nal.
129 1769 155 1810 c.
177 1745 207 1808 1.
236 1742 381 1810 Audies
407 1744 553 1808 nefastos
574 1745 787 1828 pertinebant
810 1747 919 1824 seriae
933 1749 977 1826 r),
1002 1765 1087 1830 quae
1111 1745 1166 1809 vel
1191 1754 1295 1810 statae

31 1851 136 1920 erasit
150 1861 185 1918 et
199 1854 378 1926 sollemnes,
392 1851 448 1921 vel
469 1857 659 1932 repentinae.
681 1852 816 1916 Illarum
840 1853 995 1938 exempla
1015 1862 1090 1918 sunt
1104 1851 1193 1936 apud
1207 1853 1295 1918 Var-

31 1983 154 2026 ronem
171 1961 210 2054 de
231 1960 432 2041 tinguebat.
456 1960 491 2020 V.
509 1981 542 2040 p.
556 1958 607 2022 59.
624 1968 658 2024 et
678 1960 870 2027 adcuratior
889 1981 1045 2024 recensus
1066 1961 1140 2025 fieri
1159 1959 1245 2024 solet
1258 1963 1293 2026 in

34 2067 255 2135 Kalendariis
269 2064 444 2147 Romanis,
467 2065 578 2150 qualia
594 2066 766 2148 Gruterus,
781 2068 977 2134 Lambecius
992 2076 1028 2134 et
1043 2067 1206 2134 Graevius
1222 2067 1295 2132 edi-

36 2178 164 2242 derunt
176 2179 220 2256 ¹).
239 2174 319 2240 Hae
341 2194 402 2257 pro
417 2194 453 2236 re
475 2180 555 2236 nata
578 2172 819 2252 indicebantur,
836 2175 940 2239 veluti
956 2176 1233 2260 supplicationes,
1250 2175 1294 2238 ob

32 2307 110 2349 rem
129 2302 287 2370 prospere
315 2288 442 2364 gestam
466 2279 639 2361 decretae,
661 2282 742 2344 item
763 2280 887 2364 leriae,
908 2282 1055 2348 indictae
1078 2283 1294 2346 inhonorem

35 2390 220 2474 Principis:
244 2388 281 2450 J..
304 2388 335 2464 1,
359 2388 391 2450 0.
413 2389 453 2450 de
467 2389 579 2450 Feriis.
601 2388 842 2471 Byukershoek
869 2390 1043 2454 Obseroatt.
1066 2392 1109 2454 II.
1124 2391 1155 2456 6.
1183 2391 1293 2454 Etiam

35 2501 90 2564 his
98 2496 243 2563 Romani
259 2494 474 2560 olorensibus
490 2495 634 2578 negotiis
650 2505 685 2560 et
692 2496 771 2580 jure
788 2496 932 2569 dicundo
949 2498 1121 2562 vacabant.
1138 2497 1294 2562 Ceterum

35 2603 272 2690 antiquissimis
292 2601 495 2687 temporibus
519 2600 581 2664 soli
606 2603 786 2701 Pontifices
804 2605 960 2668 fastorum
986 2626 1095 2669 curam
1121 2605 1294 2690 gerebant,

36 2716 80 2780 ad
98 2735 199 2799 quos,
215 2719 379 2794 tamquam
397 2706 439 2772 ad
455 2707 600 2790 oracula,
617 2709 709 2772 adire
726 2711 904 2794 oportebat
920 2733 995 2796 eos,
1012 2716 1069 2797 qui
1085 2713 1217 2777 actione
1234 2735 1295 2778 ex·
1344 2793 1347 2800 .

35 2821 143 2907 periri
159 2817 305 2898 vellent,
322 2825 373 2897 ut,
388 2816 548 2880 liceretne
564 2813 628 2878 hoc
644 2815 699 2880 vel
722 2817 783 2881 illo
806 2818 860 2883 die
876 2818 955 2904 lege
978 2840 1097 2902 agere,
1113 2841 1295 2904 cognosce-

110 3028 138 3094 r)
159 3024 228 3078 Cum
246 3021 321 3078 feriis
340 3021 398 3077 dies
416 3025 535 3076 nefastos
554 3023 725 3074 contundunt
742 3021 861 3089 plurimi.
879 3019 1026 3078 Enimvero
1044 3028 1123 3080 multi
1141 3027 1294 3082 disserant

36 3112 149 3176 nefasti,
167 3127 222 3163 non
237 3109 311 3178 quod
328 3107 412 3161 seriae
429 3112 494 3160 tunc
511 3113 609 3172 essent,
627 3109 676 3161 sed
694 3108 769 3176 quod
786 3108 935 3162 Pontifices
949 3113 992 3164 rel
1009 3110 1108 3164 ominis
1125 3115 1168 3164 vel
1186 3114 1295 3180 religio-

36 3200 82 3252 nis
102 3209 200 3249 oaussa
217 3194 373 3248 indixerant
386 3193 533 3261 justitium.
558 3194 660 3257 Quales
679 3191 737 3245 dies
755 3190 822 3246 dicti
839 3193 901 3254 otri,
918 3194 1041 3262 rsbbioss',
1060 3196 1178 3258 ominem,
1196 3201 1296 3262 amnti,

38 3280 180 3352 taynires:
198 3279 303 3332 Gellius
323 3279 409 3331 Noett.
425 3279 482 3332 Att.
507 3279 535 3331 V.
557 3283 597 3333 17.
625 3279 748 3331 Polletus
763 3277 827 3328 For.
847 3277 925 3329 Rom.
943 3279 968 3330 Ι.
986 3283 1011 3331 8.
1024 3296 1053 3346 p.
1070 3282 1113 3330 80.
1140 3280 1295 3336 Generatim

37 3376 132 3420 tamen
151 3365 210 3418 dies
229 3363 291 3416 sesti
309 3369 386 3417 erant
403 3361 509 3416 nefasti.
528 3363 608 3414 Heio.
627 3364 763 3431 Perquam
783 3362 876 3414 doctas
895 3362 928 3413 de
940 3363 1045 3414 dierum
1057 3364 1189 3415 fastorum
1202 3380 1235 3416 ac
1249 3381 1296 3418 ne·

37 3457 174 3507 fastorum
193 3447 360 3511 discrimine,
379 3454 437 3500 tum
456 3449 489 3500 de
509 3447 604 3500 diebus
627 3447 691 3501 atris
710 3464 758 3500 seu
784 3444 918 3512 religiosis
942 3444 1140 3513 disputationes
1158 3449 1297 3502 continent

38 3539 101 3589 Iao.
118 3549 172 3588 van
190 3533 314 3586 Vaassen
327 3534 466 3586 Animodo.
487 3533 576 3585 dictor.
600 3534 658 3585 orit.
677 3534 713 3585 od
729 3532 821 3600 festos
843 3533 956 3584 Romen.
978 3548 1068 3584 saeros
1082 3548 1106 3584 c.
1127 3539 1148 3586 1.
1161 3549 1188 3600 p.
1203 3539 1295 3588 1-39.

39 3639 68 3690 p.
87 3623 249 3674 sor-311.
267 3634 294 3683 p.
313 3609 522 3672 aas-oaaet
540 3634 562 3670 c.
580 3622 606 3672 s.
623 3623 649 3671 o.
667 3635 694 3684 p.
714 3621 870 3672 ros-261.
889 3614 978 3669 Hans.

112 3707 142 3772 s)
161 3703 264 3758 Messis
290 3701 372 3754 etiam
393 3706 419 3753 et
442 3701 639 3755 vindemiarum
663 3704 745 3756 terias
765 3705 824 3772 jam
847 3700 997 3770 antiquitus
1021 3699 1105 3753 luisse
1129 3701 1296 3768 observatas,

40 3809 93 3842 nec
111 3790 146 3841 ab
163 3785 303 3842 Antonino
321 3786 430 3838 demum
448 3790 491 3840 vel
508 3787 665 3840 Justiniano
683 3787 815 3853 inventas,
834 3793 864 3839 ut
881 3785 963 3852 vulgo
981 3803 1017 3837 ex
1034 3785 1067 3838 L.
1086 3791 1109 3838 l.
1127 3785 1164 3836 D.
1183 3783 1214 3834 de
1232 3786 1296 3838 Fer.

41 3881 70 3927 et
86 3875 119 3926 I..
138 3878 163 3926 7.
184 3872 214 3924 C.
233 3873 290 3923 eod.
310 3869 459 3937 colligunt,
476 3872 542 3922 satis
566 3875 641 3938 patet
664 3888 701 3924 ex
718 3872 801 3926 Plinii
821 3873 914 3940 Epistt.
939 3868 1017 3921 VIII.
1034 3873 1077 3922 21.
1105 3867 1180 3919 Iulio
1200 3887 1296 3931 mense,

42 3976 95 4028 quo
113 3958 227 4010 manime
253 3957 311 4008 lites
327 3955 547 4023 interquiescens,
566 3985 598 3997 —
616 3956 713 4008 amicos
731 3958 863 4009 collocavi.
881 3953 1031 4020 Perspicue
1047 3952 1129 4006 etiam
1147 3954 1179 4005 P.
1196 3953 1296 4017 Papia.

43 4041 150 4096 satius
170 4039 267 4096 Siloer.
286 4038 345 4094 Lib.
363 4041 415 4094 IV.
432 4045 458 4092 4.
476 4058 500 4092 v.
517 4044 559 4093 39.
577 4058 632 4110 sqq.

280 4123 357 4176 Certe
367 4126 430 4193 pom
448 4125 543 4176 Lotioe
560 4141 614 4176 non
630 4127 738 4178 miserm
746 4123 842 4192 jurps'a
861 4123 938 4190 lepos,

278 4209 314 4262 Er
326 4227 422 4277 parem
437 4211 515 4278 piper
532 4226 616 4261 onnus
635 4207 894 4274 ossea-assasque
911 4225 1033 4260 reuersae

276 4293 409 4346 Dimirere
418 4293 525 4359 sorum,
577 4323 595 4334 -
700 4319 732 4332 ·-
839 4317 871 4330 -
978 4319 1009 4332 --

43 4381 188 4434 Feriarum
216 4377 419 4430 vindemialium
443 4378 565 4430 meminit
587 4376 728 4432 Minucius
749 4376 828 4429 Felix
851 4375 945 4428 Oonv.
963 4390 986 4426 c.
1007 4380 1029 4427 l.
1048 4375 1128 4430 Heio.
1157 4376 1200 4426 De
1223 4373 1298 4428 tertis

9 4493 12 4500 ·
43 4466 178 4520 messium
203 4479 236 4515 ae
260 4459 458 4515 vindemiarum
481 4464 585 4516 consul.
608 4463 679 4516 Dar.
697 4462 758 4514 Iac.
776 4476 828 4512 van
845 4459 957 4523 Lenuep
980 4459 1096 4512 Exarsit.
1104 4462 1180 4527 juris
1199 4460 1245 4528 (1.
1262 4462 1297 4512 B.

47 4547 128 4606 lrsa'
140 4549 182 4617 4.)
202 4563 277 4600 num.
294 4552 319 4603 2.
337 4563 366 4613 p.
383 4551 489 4602 8-19.
507 4544 599 4599 Haud.
