3080 5154
258 395 307 460 98
726 386 802 453 Lm
830 385 856 452 L
880 385 961 452 Τιτ.
987 385 1046 452 Vi.

257 567 301 627 11.
319 565 371 626 55.
385 562 619 627 Adsumebant
632 563 732 626 etiam
747 581 967 646 praenomen,
981 583 1172 647 nomenque
1188 561 1319 644 patroni
1333 581 1401 624 suo
1415 560 1516 624 adde·

257 673 347 736 bant.
369 671 449 735 Vid.
466 669 554 734 inira
568 671 636 732 m.
651 671 711 730 III.
731 670 788 732 mc
812 669 900 732 VIII.
918 670 948 749 §
965 668 996 732 l.
1018 669 1097 746 Quo
1113 669 1276 734 adludens
1289 669 1431 734 Persius
1452 670 1514 732 Sat.

262 780 342 842 V.o.
359 779 411 842 78.

471 886 1272 966 Veroerntamdomim,mmsoturfflere

465 993 599 1054 Marcus
620 994 736 1054 nana.
761 1025 1242 1040 --------

256 1100 347 1165 Add.
363 1101 496 1164 Arrian.
510 1101 597 1162 Dr‘ss.
612 1101 745 1181 Bpr'ctet.
756 1100 801 1160 ll.
813 1099 845 1160 1.
863 1099 1031 1179 Ceterum,
1045 1100 1134 1183 quia,
1143 1101 1216 1185 jam
1228 1099 1424 1164 libertatem
1440 1119 1513 1160 con-

256 1209 407 1293 sequuti,
423 1229 491 1270 non
506 1207 647 1292 amplius
665 1228 728 1291 pro
744 1206 863 1288 rcbns,
881 1208 942 1270 sed
955 1229 1017 1292 pro
1031 1208 1182 1292 personis
1195 1207 1426 1282 habebantur3
1442 1205 1513 1267 hinc

254 1319 290 1379 in
305 1319 384 1402 jure
401 1323 515 1379 nostro
537 1315 594 1399 qui
609 1323 728 1378 statum
746 1325 930 1397 mutarim,
957 1326 993 1380 et
1011 1317 1068 1380 vel
1082 1337 1127 1378 ex
1141 1318 1244 1378 servis
1259 1316 1376 1397 liberi,
1392 1315 1454 1377 vel
1475 1335 1513 1374 ex

254 1423 370 1488 liberis
387 1425 474 1488 servi
489 1424 586 1505 facti,
604 1445 672 1487 non
693 1422 794 1486 iidem
808 1434 996 1506 censentur,
1017 1424 1077 1487 sed
1092 1434 1254 1488 vocantur
1268 1428 1343 1486 novi
1356 1425 1512 1485 murima.-

253 1533 293 1594 Ι..
306 1532 359 1594 27.
372 1533 402 1614 5.
416 1533 447 1594 1.
465 1534 508 1596 11.
522 1533 562 1595 de
579 1534 684 1595 Adina
698 1535 748 1596 oei
758 1535 908 1613 trnnssm
923 1535 984 1615 reg.
999 1532 1154 1615 Itemque
1171 1533 1229 1594 nisi·
1242 1533 1399 1595 tmuium
1412 1531 1453 1592 L.
1464 1527 1510 1590 98.

254 1642 284 1721 ς
297 1639 328 1703 8.
342 1643 383 1702 Β.
398 1641 440 1703 de
454 1641 605 1703 Solum

728 1911 814 1974 LIB.
829 1911 856 1976 1.
872 1911 965 1975 Tl'l'.
980 1911 1041 1976 VI.

832 2076 869 2113 ns
882 2075 930 2123 ns,

294 2197 390 2296 QUI
416 2195 486 2270 ΕΤ
513 2193 586 2270 EX
611 2192 812 2293 QUIBUS
835 2192 1053 2269 CAUSSIS
1078 2193 1476 2268 MANUrrss'rnnn

687 2318 798 2392 NON
827 2316 1081 2391 Possum.

236 2528 241 2536 ·
336 2483 490 2547 Licentia
504 2481 757 2546 manumittendi
773 2479 925 2544 restricta
941 2481 1080 2564 primum
1100 2491 1152 2545 est
1169 2504 1230 2567 per
1246 2482 1358 2568 legem
1380 2497 1503 2546 annisu

253 2608 421 2672 Sauriam,
439 2591 530 2673 cujus
555 2589 642 2652 adeo
667 2588 823 2670 historia,
847 2588 995 2670 occasio,
1016 2597 1050 2653 et
1077 2591 1216 2654 materia
1240 2613 1283 2654 ex
1308 2593 1503 2676 antiquitate

225 2729 229 2736 ·
253 2709 350 2762 erunt
370 2696 600 2782 explicandae.

842 2847 871 2928 §-
891 2845 923 2908 1.

348 3019 351 3024 ,
643 2963 703 3014 Lex
719 2962 799 3014 Aeliu
818 2962 910 3015 Sentio
926 2964 1031 3029 quando
1049 2962 1113 3015 lata.

333 3061 420 3125 Lata
435 3081 476 3124 ea
490 3061 558 3144 lex,
575 3062 759 3146 imperante
773 3061 938 3144 Augusto,
957 3063 1035 3125 Sex.
1048 3063 1151 3126 Aelio
1171 3064 1256 3128 Cato
1270 3069 1317 3146 ⁸),
1337 3063 1403 3144 (ita
1420 3063 1500 3125 enim

250 3191 438 3256 cognomen
465 3190 510 3232 ex
536 3169 674 3233 vetustis
696 3169 916 3232 monumentis
946 3169 1067 3253 primus
1096 3171 1241 3235 restituit
1267 3173 1376 3236 Henr.
1397 3172 1501 3235 Noris

237 3269 358 3340 'Oenea
372 3279 441 3340 Pu.
456 3279 542 3339 Dias.
556 3278 615 3338 III.
629 3299 657 3338 c.
670 3276 718 3356 9.)
737 3285 771 3339 et
788 3275 825 3339 C.
837 3276 958 3339 Sentio
974 3278 1128 3342 Saturnio
1142 3279 1234 3343 Coss.
1251 3299 1338 3344 anno
1355 3282 1397 3344 ab
1414 3280 1457 3343 U.
1470 3277 1500 3340 G.

250 3403 381 3448 nccnvr.
396 3384 466 3448 Dio
485 3384 574 3447 Cass.
595 3383 667 3446 LV.
686 3383 736 3446 13.
758 3383 858 3446 Unde
881 3383 1008 3448 fallitur
1021 3386 1255 3472 Mynsingerus
1273 3389 1443 3450 comment.
1465 3385 1502 3448 nd

250 3493 352 3554 Instit.
369 3493 398 3552 ir.
420 3500 443 3554 t.
461 3491 538 3553 dum
561 3490 763 3554 mentionem
792 3492 887 3582 hujus
917 3492 1003 3577 legis
1028 3495 1100 3557 fieri
1127 3505 1223 3580 putat
1245 3521 1265 3560 a
1287 3495 1452 3558 Cicerone
1474 3498 1500 3555 in

172 3631 177 3646 ·
254 3598 355 3680 Topic.
366 3596 397 3660 2.
411 3596 473 3662 llla
488 3596 576 3661 enim
587 3597 645 3660 lex
660 3590 888 3675 Accusanda,
904 3602 995 3686 cujus
1012 3602 1131 3666 Cicero
1144 3603 1304 3684 meminit,
1317 3602 1345 3665 si
1360 3603 1500 3688 genuina

249 3713 338 3768 esset
351 3703 498 3788 vulgaris
518 3705 620 3768 lectio
631 3707 682 3787 ¹¹),
702 3729 722 3769 a
742 3716 853 3772 nostra
870 3709 959 3774 foret
973 3711 1203 3774 diversissima.
1225 3710 1294 3774 Sed
1313 3718 1411 3774 acute
1427 3731 1500 3772 con·

247 3956 299 4021 m,
317 3957 409 4094 auga
425 3955 636 4012 ruenrembus
653 3927 772 4014 aoniam
794 3962 925 4026 musar,
943 3963 1066 4030 mpura
1081 3963 1205 4018 aanor
1228 3966 1293 4020 Aa
1311 3967 1403 4020 mm.
1421 3967 1446 4020 r.
1465 3970 1499 4018 ιι.

247 4057 275 4109 P·
295 4045 350 4190 lii)
370 4057 463 4190 viggo
479 4132 578 4180 vorant
595 4127 726 4181 Catulum.
744 4129 800 4182 Sed
811 4145 961 4199 numquam
978 4133 1030 4184 lroc
1047 4131 1100 4185 init
1111 4133 1254 4190 Aeliorum
1269 4147 1431 4200 cognomen.
1449 4134 1498 4184 Po·

248 4205 304 4260 tius
325 4207 386 4262 cau
400 4207 466 4262 dicti
483 4217 556 4276 sunt,
574 4215 649 4280 qnod
668 4227 818 4280 cognomen
836 4215 942 4280 primus
959 4217 996 4269 ob
1013 4216 1149 4282 insignem
1160 4221 1333 4284 prudentiam
1349 4232 1498 4286 consequu-

247 4295 292 4344 tus
310 4299 360 4348 est.
378 4295 441 4346 Sex.
456 4296 560 4362 Aetius,
575 4298 648 4365 juris
660 4298 766 4352 Aeliani
783 4305 887 4364 auctor,
905 4315 987 4366 quem
1004 4304 1032 4349 ct
1042 4299 1150 4356 Ennius
1168 4310 1237 4362 teste
1248 4303 1380 4358 Cicerone
1398 4301 1497 4370 egregie

247 4377 390 4430 cordatum
408 4379 545 4436 hominem
562 4384 677 4438 vocavit.
695 4383 776 4434 Heia.

314 4459 348 4527 *)
370 4463 556 4519 inducendum
583 4482 644 4519 esse
674 4481 773 4518 nomen
796 4467 875 4519 Aelia
899 4468 1004 4533 Sentio,
1036 4470 1155 4524 ostendit
1177 4473 1221 4524 Jo.
1246 4475 1316 4537 Aug.
1338 4473 1448 4526 Ernesti
1472 4470 1495 4523 irr

250 4544 325 4598 (Ιὶακ.
340 4545 458 4604 Cicereii.
476 4551 538 4604 Ind.
549 4551 606 4604 LI.
619 4569 642 4602 v.
660 4551 739 4604 Aelia
753 4552 844 4606 sentia
856 4570 884 4620 p.
896 4557 921 4606 6.
943 4554 1027 4607 Cane.
