3062 5164
204 422 277 488 sro
566 415 747 483 nsum
771 415 847 482 uns
872 393 902 484 1.
926 411 1013 482 css.
1039 413 1099 482 su.

208 593 275 658 lam
288 590 422 672 Felicis,
436 593 502 652 Act.
518 590 569 654 24
584 591 636 654 24.
649 611 787 654 uxorem
806 589 921 672 Plinii,
939 599 975 654 ut
989 611 1033 654 ex
1052 592 1123 676 ejus
1139 591 1360 672 Epistularum
1373 592 1474 654 Libro

211 701 252 764 X.
268 700 340 763 121.
356 699 518 763 discimus.
539 698 695 764 Nondum
712 707 823 762 minen
842 720 895 762 res
909 699 1091 764 ordinaria:
1109 719 1172 762 nec
1188 700 1379 782 promiscua
1400 721 1473 762 om-

153 877 159 884 ,
210 809 306 874 nibus
323 807 469 872 licentia.
490 803 531 870 ld
545 807 630 870 enim
645 807 673 870 si
689 807 821 872 fuisset:
835 829 902 872 non
919 809 1082 872 sanxisset
1097 807 1294 872 Alexander
1309 807 1472 885 Severus,

210 927 247 980 ut
266 917 489 989 Procads‘bos,
510 921 568 996 qus·
580 937 698 980 uxores
720 937 783 978 aon
806 919 971 991 meent,
997 919 1143 1000 singulos
1161 919 1369 989 ooomsds'm,
1390 917 1474 996 quod

210 1027 278 1088 sine
290 1027 340 1088 ts‘s
358 1045 427 1088 osse
445 1043 508 1086 oon
523 1034 662 1105 possent,
677 1029 710 1087 ἐκ
724 1029 905 1107 provesinos
922 1026 1037 1088 ducere
1052 1027 1174 1088 Hccret:
1185 1024 1264 1088 Ael.
1281 1024 1470 1107 Lampridii

209 1135 261 1194 ott.
277 1135 371 1194 Ales.
387 1131 456 1196 Sco.
473 1152 498 1192 c.
516 1131 567 1194 42.

778 1282 806 1364 §.
828 1280 898 1343 110.
938 1273 941 1282 ’

550 1396 688 1456 Quomodo
701 1397 823 1465 profecti
838 1398 936 1449 sintin
948 1398 1132 1466 provinciam?

295 1497 483 1562 Profecturi
499 1497 533 1559 in
548 1499 734 1582 provincias
750 1498 939 1581 Praesides,
956 1498 1151 1582 nuncupatis
1167 1499 1201 1561 in
1218 1496 1395 1583 Capitolio
1409 1520 1462 1582 pro
1529 1581 1530 1594 χ

211 1606 383 1692 republica
404 1606 508 1690 votis,
531 1615 631 1692 atque
653 1606 733 1670 inde
754 1593 884 1672 demum
904 1605 1154 1693 paludamento,
1175 1606 1372 1690 lictoribus,
1389 1605 1464 1668 reli·
1529 1611 1530 1616 ’

212 1715 350 1802 quisquc
377 1713 532 1778 adsumtis
551 1715 682 1798 imperii
704 1715 902 1801 insignibus,
925 1716 968 1780 ad
989 1726 1119 1801 portam
1138 1716 1227 1781 urbis
1250 1716 1364 1797 ibant,
1388 1724 1425 1779 et
1440 1713 1460 1777 si
1529 1747 1530 1802 4

212 1824 345 1906 quidem
364 1821 525 1887 nonnulla
541 1834 750 1908 superessent
768 1825 915 1910 negotia,
930 1832 1025 1888 extra
1043 1827 1159 1889 urbem
1173 1823 1380 1912 aliquamdiu
1396 1845 1465 1885 mo·
1529 1807 1530 1896 l

113 1941 116 1951 ’
211 1931 378 2014 rebantur,
403 1952 501 2016 quum
526 1930 613 1994 intra
638 1933 752 1996 urbem
778 1955 849 1996 cum
878 1934 1018 2018 imperio
1043 1956 1114 1999 esse
1136 1935 1224 1999 haud
1243 1942 1390 2026 possent:
1409 1933 1456 1992 sin

210 2060 291 2104 vero
307 2039 416 2102 omnia
436 2047 550 2123 parata
573 2048 697 2122 essent,
715 2041 932 2106 salutantibus
952 2043 1079 2127 amicis,
1098 2053 1133 2107 et
1148 2044 1251 2106 officii
1272 2043 1382 2104 caussa
1399 2039 1461 2102 ali·
1529 2045 1530 2112 Ϊ

212 2155 368 2233 quantum
397 2149 691 2233 prosequentibus,
710 2151 775 2214 iter
800 2151 833 2215 in
854 2151 1058 2236 provinciam
1081 2151 1374 2236 ingrediebantur:
1392 2149 1460 2211 Liv.
1529 2171 1530 2218 g

211 2256 314 2318 XLII.
335 2255 385 2318 49.
414 2255 516 2320 XLV.
538 2255 589 2318 39.
613 2254 682 2323 Cic.
701 2251 794 2322 'Vern
820 2259 855 2322 V.
875 2259 925 2322 13.
946 2259 1016 2324 Ubi
1038 2262 1219 2346 attigerant
1241 2259 1462 2344 provinciam:
1529 2231 1530 2252 .

210 2365 383 2428 certiorem
401 2363 444 2426 de
461 2363 605 2429 adventu
621 2388 680 2430 suo
695 2367 865 2431 faciebant
884 2368 1102 2451 decessorem,
1118 2377 1155 2432 ut
1173 2390 1244 2430 cum
1264 2390 1307 2430 eo
1326 2388 1462 2451 congre-

212 2472 340 2536 dientes
364 2472 406 2535 de
425 2481 510 2536 statu
526 2475 717 2556 provinciae
736 2485 986 2561 cognoscerent.
1008 2475 1086 2554 Quo
1106 2477 1196 2540 facto
1218 2477 1307 2540 intra
1328 2477 1462 2562 triginta

211 2581 281 2644 dies
304 2579 356 2643 illi
382 2579 617 2644 discedendum
640 2592 729 2667 erat,
754 2585 789 2648 id
809 2585 899 2671 quod
917 2582 996 2669 lege
1013 2585 1189 2669 Cornelia,
1209 2609 1228 2649 a
1248 2586 1287 2647 Ι..
1305 2584 1460 2648 Cornelio
1529 2627 1530 2690 ἱ

195 2687 305 2752 'Sulla
325 2687 410 2770 lata,
430 2688 529 2751 fuisse
549 2698 720 2775 statutum,
737 2702 831 2778 patet
850 2715 893 2755 ex
914 2693 983 2756 Cic.
1002 2695 1102 2777 ψεῖ.
1122 2697 1167 2756 od
1179 2696 1249 2756 Dio.
1262 2693 1324 2754 III.
1338 2693 1370 2756 6.
1393 2694 1458 2756 Imo

210 2805 244 2860 et
268 2805 445 2881 antequam
474 2797 677 2881 provinciam
706 2801 998 2886 ingrediebantur,
1020 2799 1134 2866 edicto'
1160 2801 1202 2864 de
1230 2801 1378 2864 adventu
1407 2822 1461 2864 suo

210 2905 392 2968 monebant
417 2907 637 2988 provinciales
645 2957 655 2991 ,
673 2909 867 2972 continente
888 2910 1210 2974 commendationem
1236 2909 1383 2995 aliquam
1407 2909 1461 2990 sui,

212 3020 246 3077 et
266 3013 408 3076 maxime
431 3004 651 3100 deprecante,
666 3039 710 3080 ne
730 3018 865 3102 publice
885 3017 939 3081 vel
965 3018 1117 3102 privatim
1140 3019 1202 3082 sibi
1226 3027 1461 3096 occurreretur,
1529 3021 1530 3050 ¹

212 3120 373 3207 siqnidem
393 3120 427 3185 id
448 3122 564 3188 melius
581 3124 616 3188 in
634 3147 692 3190 sua
708 3127 848 3212 quisque
866 3127 974 3211 patria
993 3128 1104 3191 facere
1119 3134 1245 3212 posset:
1260 3127 1296 3189 L.
1311 3127 1342 3191 4.
1356 3127 1384 3209 §.
1394 3127 1424 3190 3.
1435 3127 1460 3187 4.

152 3267 154 3276 ι
210 3232 252 3294 D.
273 3233 313 3293 de
335 3231 422 3316 Offr'o.
443 3233 609 3307 Procnes,
629 3233 685 3297 ubi
712 3243 747 3297 et
766 3234 848 3318 alia,
871 3259 890 3299 a
914 3235 1120 3299 Proconsule
1145 3237 1179 3300 in
1200 3235 1394 3320 provinciae
1412 3236 1459 3296 in-

210 3360 324 3424 gressu
340 3338 557 3424 observanda,
571 3339 793 3405 inveniuntur.

776 3521 805 3602 g.
826 3521 899 3585 111.
1529 3509 1530 3568 l

685 3635 793 3706 -Osfios'o
813 3640 981 3692 Procridem.
1529 3591 1530 3630 l

172 3751 175 3756 ·
295 3733 404 3812 Quum
430 3756 509 3800 vero
537 3735 604 3800 duo
628 3747 738 3802 essent
756 3738 950 3805 Praesidnm
976 3758 1129 3819 munera,
1157 3759 1294 3822 quorum
1325 3739 1459 3804 alterum

206 3855 478 3926 sunrsmc‘rroun,
500 3843 637 3908 alterum
658 3848 891 3913 continebatur
906 3865 1064 3912 luentem:
1079 3845 1232 3911 solebant
1247 3846 1299 3910 illi
1319 3847 1368 3909 ita
1390 3867 1461 3932 par-

166 3939 172 3952 ’
212 3949 267 4014 tiri
286 3970 422 4028 annum,
440 3958 476 4015 ut
492 3961 650 4017 aestatem
670 3955 741 4020 fere
761 3957 810 4020 rei
833 3957 984 4039 militari,
1000 3956 1143 4020 hiemem
1154 3955 1222 4042 juri
1241 3954 1388 4019 dicundo
1405 3955 1461 4018 im-

210 4059 412 4146 penderentz
435 4059 504 4123 Cic.
528 4062 625 4145 dbrsbt.
645 4066 689 4127 od
707 4067 774 4128 Au.
798 4065 834 4130 V.
848 4065 898 4127 14.
930 4065 976 4130 Et
998 4065 1047 4130 ita
1070 4065 1204 4150 quidem
1227 4063 1336 4127 libera
1359 4061 1460 4126 adhuc

212 4168 385 4254 republica
403 4189 504 4234 seres
522 4171 657 4237 omnino
671 4172 826 4238 habebat.
848 4173 1016 4258 Augustus
1030 4182 1139 4237 autem
1157 4194 1228 4236 cum
1245 4172 1374 4258 populo
1390 4193 1459 4256 par-

211 4277 289 4341 titus
303 4265 501 4363 provincias,
521 4301 595 4344 suos
614 4281 747 4367 quidem
765 4281 941 4346 Praesides
961 4281 1115 4346 mittebat
1133 4282 1189 4364 ita,
1212 4287 1298 4344 utet
1319 4277 1460 4364 legioni-

212 4385 271 4450 bus
288 4395 492 4472 praeessent:
509 4387 576 4452 Dio
595 4388 682 4454 Cass.
695 4389 783 4455 LIII.
797 4389 847 4456 13.
863 4413 931 4455 non
947 4398 1056 4458 autem
1070 4389 1172 4455 ullam
1190 4398 1318 4474 partem
1334 4385 1459 4473 imperii

201 4493 362 4586 'militaris
380 4497 588 4562 concedebat
609 4498 867 4564 Proconsulibns
885 4523 905 4564 a
924 4501 1049 4567 Senatu
1070 4498 1104 4562 in
1123 4498 1327 4582 provinciam
1348 4495 1458 4574 missis,
1529 4491 1530 4508 ¹

212 4601 275 4664 uisi
300 4603 391 4687 quod
415 4603 595 4688 aliquando
616 4615 720 4670 extra
747 4607 897 4671 ordinem
925 4608 1078 4692 legiones
1103 4606 1225 4670 ducere
1245 4605 1458 4690 juberentm:
