3040 5164
205 378 282 466 sss
593 369 668 438 na
693 369 737 436 u.
762 368 845 438 aa.
867 367 945 437 xv.
969 368 1065 436 xvi.

207 548 466 639 nianiaquor'um
479 545 532 610 illi
546 546 580 610 id
594 545 785 629 adfinaare,
803 545 839 609 bi
854 563 980 630 negare
995 544 1151 610 solebant
1164 542 1217 625 1¹)=
1238 537 1377 604 Μαι-11111
1393 540 1449 602 01-

207 666 335 720 amatr.
352 657 413 718 111.
430 655 481 718 12
503 655 645 738 posteris
666 663 778 718 tamen
792 654 930 718 Proculi
944 653 1099 718 domriaa
1119 658 1310 716 constanter
1323 647 1452 733 placuit.

206 765 359 848 Recepto
373 763 428 826 hic
443 771 515 826 erat
528 762 683 825 formulas
702 781 780 826 ΠΜ
798 779 909 826 molus
925 779 957 826 ει
973 779 1079 826 INTRA
1094 776 1321 824 rosnarum
1339 775 1452 820 nnum-

206 889 315 953 sumn,
331 889 439 936 ronnas
457 887 660 935 sussurrant
681 869 759 954 Gaji
774 872 853 932 Iast.
872 872 916 934 ΙΙ.
930 871 961 933 4.
978 869 1008 934 2.
1023 874 1067 949 ⁰).
1089 867 1283 952 Cujusmodi
1305 865 1451 930 substitu-

208 981 332 1072 tionem
348 981 396 1043 ita
411 979 569 1043 describit
583 979 744 1042 Horatius
760 977 985 1040 Sermousa.
1001 979 1044 1038 H.
1059 985 1119 1039 sat.
1133 978 1163 1037 5.
1178 997 1207 1038 a.
1220 975 1274 1038 ⁴5.
1286 994 1351 1055 sqq.

425 1106 463 1165 Si
480 1105 534 1164 aui
546 1111 715 1185 praeterea
736 1103 857 1165 validas
879 1103 960 1163 mala
971 1104 1065 1181 filius
1087 1104 1120 1162 t'n
1140 1121 1178 1162 re

423 1211 601 1272 Praeclara
622 1212 765 1272 sublatas
786 1212 908 1278 alatum
928 1231 969 1272 ne
989 1210 1189 1286 manufestum

427 1317 554 1378 Caelatus
576 1317 753 1398 obsequium
773 1317 870 1380 nudet
892 1326 933 1390 te,
954 1318 1066 1380 lenr'ter
1087 1319 1120 1376 r'n
1142 1336 1228 1396 spem

426 1426 552 1508 Arrepe
571 1425 738 1508 officiosus,
762 1433 797 1486 ut
818 1427 1010 1488 stambere
1030 1425 1187 1486 secundas

424 1535 536 1606 Heras,
559 1540 591 1594 et
611 1535 642 1594 si
660 1536 729 1613 quis
750 1552 843 1596 ausus
861 1552 998 1616 puerum
1020 1536 1118 1614 egerit
1140 1552 1221 1608 maa,

426 1641 465 1702 la
487 1661 621 1702 vaenum
643 1644 770 1704 uenias:
807 1673 834 1685 -
915 1677 959 1687 -
1040 1675 1083 1685 -
1165 1675 1208 1685 -

798 1825 828 1905 g.
849 1825 879 1885 s.

508 1939 618 1993 Oaatela
635 1942 664 1992 in
681 1939 860 1993 adsumtione
874 1929 1008 2014 pupillari
1023 1941 1168 1996 observata.

294 2049 461 2133 Inprimis
478 2069 557 2112 vero
580 2047 615 2111 id
631 2049 787 2113 adcurate
804 2051 1013 2114 observatum
1029 2049 1185 2136 legimus,
1205 2051 1298 2136 quod
1320 2049 1453 2135 parenti-

212 2159 273 2221 bus
294 2158 336 2221 de
359 2156 537 2221 liberorum
559 2157 664 2221 salute
679 2158 830 2224 sollicitis
848 2159 1057 2222 commendat
1073 2159 1278 2225 Iustinianus
1296 2159 1327 2240 5.
1341 2137 1453 2222 {islam

211 2269 250 2330 de
266 2268 381 2348 Papae.
397 2269 494 2329 sabat.
512 2267 604 2351 (Gaj.
614 2266 659 2331 IL
668 2268 697 2348 §.
706 2266 795 2349 181.)
811 2275 848 2332 ut
857 2267 1123 2332 substitutionem
1139 2266 1338 2351 pupillarem
1353 2266 1386 2328 in
1401 2266 1456 2327 ina

211 2383 306 2460 parte
323 2373 506 2437 tabularum
522 2374 721 2458 scriberent,
738 2396 877 2460 eamque
894 2377 1070 2460 separatim
1085 2376 1255 2458 signarent
1270 2375 1318 2456 f),
1334 2374 1456 2437 nesab

213 2485 344 2547 stitutus
365 2481 461 2546 heres
480 2484 611 2569 pupillo
635 2490 776 2546 strueret
795 2483 946 2567 insidias,
962 2484 1145 2570 malletque
1165 2504 1283 2568 rapere
1298 2483 1453 2546 heredita-

103 2655 105 2660 ,
214 2598 299 2671 tem,
320 2612 417 2676 quam
440 2592 569 2663 ineerta
587 2613 646 2676 spe
670 2599 874 2678 exspectare.
903 2591 959 2655 Sic
973 2594 1135 2660 Horatius
1151 2593 1284 2656 Sarmat.
1299 2593 1346 2654 IL
1366 2591 1456 2654 sata

212 2721 242 2764 n.
256 2699 306 2762 53.
321 2720 367 2782 sq.

483 2841 808 2882 -----
828 2810 907 2890 quid
918 2814 1026 2892 prima
1048 2809 1184 2874 amando

482 2914 564 2975 Cera
584 2917 787 2988 institueram·
832 2951 855 2963 -
896 2953 939 2964 -
979 2954 1021 2964 -
1063 2953 1105 2962 -

216 3034 272 3100 Ad
287 3057 372 3120 quae
387 3038 491 3101 verba
504 3036 650 3102 videnda
665 3040 809 3103 virorum
826 3041 995 3104 doctorum
1011 3041 1134 3102 seboim.
1157 3039 1319 3104 Eamdem
1344 3040 1457 3104 enutio-

215 3166 291 3208 nem
308 3165 550 3231 nonnumquam
570 3147 604 3218 in
619 3147 747 3232 vulgari
760 3149 992 3213 substitutione
1008 3147 1221 3214 adhibebant.
1233 3147 1280 3212 Et
1298 3149 1364 3212 huc
1386 3169 1457 3232 quo

217 3275 282 3338 que
306 3254 475 3339 pertinent
498 3255 558 3320 illa
581 3253 734 3320 Suetonii
759 3257 847 3319 Caes.
868 3281 894 3320 c.
911 3257 963 3320 83.
995 3259 1171 3320 novissimo
1194 3266 1378 3320 testamento
1399 3267 1453 3316 tres

215 3366 351 3425 butttait
371 3363 516 3436 beream,
536 3381 679 3427 eororam
701 3374 842 3447 nepotes,
865 3366 898 3428 0.
925 3366 1102 3439 Octavium,
1127 3385 1168 3426 eu
1188 3365 1362 3438 dodrante,
1379 3372 1406 3426 rt
1425 3361 1457 3422 L.

288 3618 321 3685 d)
341 3619 363 3672 1.
379 3636 403 3672 e.
421 3619 562 3672 dissensus
579 3618 665 3673 fixisse
682 3619 783 3673 dieitur
799 3619 869 3672 inter
887 3625 990 3672 veteres
1004 3619 1100 3683 Jctos,
1118 3633 1236 3686 qnorum
1252 3617 1302 3671 alii
1318 3633 1415 3682 mum,
1425 3614 1460 3669 atii

219 3703 322 3769 duplex
339 3718 400 3756 esse
421 3709 612 3758 testamentum
635 3706 720 3771 patris
737 3712 765 3758 et
786 3705 835 3758 tilii
853 3704 1002 3773 impuberis
1028 3703 1189 3756 censuerint
1214 3703 1279 3756 Vid.
1297 3709 1392 3756 tamen
1411 3701 1461 3768 Gai

218 3789 254 3842 11.
272 3789 293 3855 5.
313 3792 370 3842 180.
385 3789 421 3856 (ἕ.
433 3793 458 3841 2.
470 3790 494 3842 1.
507 3790 539 3841 da
552 3807 620 3859 pap.
633 3791 738 3857 sabat.):
757 3793 835 3856 „duo
854 3791 1044 3861 quodammado
1062 3795 1127 3842 snut
1144 3794 1305 3842 testamenta
1320 3819 1357 3830 --
1370 3817 1415 3854 -‚
1426 3791 1463 3839 ant

218 3879 291 3926 uerte
306 3891 389 3926 unum
406 3883 445 3927 est
461 3883 641 3929 testamentum
664 3878 778 3930 duarum
795 3895 950 3936 camaram,
966 3875 983 3928 i.
1002 3892 1025 3928 e.
1044 3875 1159 3926 duarum
1180 3875 1379 3946 hereditatum
1405 3887 1463 3943 quae

219 3958 329 4027 quidem
347 3961 506 4027 neutiquam
522 3960 592 4013 inter
615 3977 645 4014 se
662 3969 726 4015 sunt
743 3962 885 4015 connaria
910 3962 953 4014 Gt.
970 3963 1004 4013 G.
1023 3959 1183 4014 nrasoovius
1201 3962 1234 4011 de
1250 3961 1330 4013 sectis
1352 3958 1466 4014 &tinia-

218 4061 314 4097 aamtm
332 4053 358 4096 at
375 4046 601 4100 Promlianamm
619 4066 641 4100 o.
659 4048 713 4100 IX.
732 4049 752 4114 ξ.
771 4053 796 4100 2.
817 4047 903 4101 Mitti.

288 4129 318 4197 e)
338 4132 370 4182 In
387 4130 512 4196 genuinis
531 4132 594 4198 Gaji
611 4140 754 4186 comment
775 4134 826 4200 (ΙΙ.
842 4135 863 4202 ς.
882 4134 955 4199 179.)
975 4134 1042 4186 baso
1059 4131 1174 4184 traditur
1192 4131 1323 4184 formula:
1342 4131 1390 4191 „si
1397 4129 1466 4198 filiu

222 4243 255 4252 -
267 4243 299 4256 -
312 4245 348 4254 -
355 4217 435 4284 pm'm
451 4219 589 4278 moriatur,
608 4235 686 4286 qaam
703 4219 731 4271 iu
753 4237 828 4272 suam
847 4220 954 4273 tutelam
972 4220 1085 4280 venerat,
1106 4217 1184 4286 sajus
1201 4216 1279 4268 lieres
1297 4215 1388 4278 esta;’'
1409 4229 1465 4283 qua·

219 4317 282 4354 anm
306 4301 388 4356 etiam
409 4301 573 4355 conveniunt
596 4303 665 4368 sera,
684 4321 754 4374 quae
778 4305 888 4357 aliunde
911 4305 991 4358 nobis
1014 4303 1138 4371 proditae
1164 4308 1228 4355 sunt
1252 4303 1388 4354 formulae
1395 4320 1403 4362 ;
1423 4295 1465 4350 vid·

220 4391 278 4438 not.
296 4403 320 4441 a.
339 4387 426 4440 Matr.

259 4515 263 4524 .
290 4475 322 4536 t)
342 4473 422 4526 Unde
434 4479 461 4525 et
472 4474 581 4526 tabulae
595 4477 730 4534 modae
742 4476 893 4541 adpellatne
905 4475 994 4528 ultimi
1011 4475 1050 4527 illi
1067 4491 1174 4540 versus,
1191 4474 1239 4542 qui
1251 4469 1464 4524 substitutionem

157 4609 161 4620 ,
222 4558 385 4623 pupillarem
401 4561 663 4627 complectebantur:
681 4555 735 4616 vid,
749 4563 830 4616 Baro.
842 4559 977 4614 Brissonii
993 4559 1085 4614 Solent.
1098 4561 1162 4614 Ant.
1175 4560 1255 4612 Rom.
1266 4557 1378 4626 111.Ἰί
1393 4553 1463 4608 Heia
