3062 5164
434 355 630 444 1101000
659 357 949 430 anuumuonuu.

630 536 659 618 §.
681 533 754 600 139.

463 649 620 719 Perepriais
636 667 689 703 000
706 659 766 704 erat
773 652 823 722 jur
840 625 936 720 topace.⁶

153 752 261 830 Quum
284 773 366 838 ergo
392 758 491 816 tanta,
505 758 591 814 esset
615 751 701 816 inter
727 753 816 816 cives
842 759 877 815 et
894 752 1090 838 peregrinos
1114 754 1318 836 differentia3

58 861 156 925 haud
176 882 255 924 sane
272 859 454 923 mirandum
478 867 545 940 est,
562 859 660 924 etiam
677 860 823 924 externis
848 861 1042 945 quibusdam
1058 862 1160 947 signis
1174 874 1318 930 secretos

59 970 144 1033 illos
160 969 306 1033 voluisse
321 967 501 1031 Romanos.
524 966 622 1030 Cives
637 967 839 1032 incedebant
853 970 974 1054 togati,
995 970 1052 1054 qui
1067 979 1167 1056 togae
1183 974 1319 1038 amictus

60 1087 132 1140 tam
148 1077 303 1161 proprius
320 1077 361 1138 iis
379 1083 461 1157 erat,
476 1083 513 1138 ut
529 1083 564 1138 et
578 1063 682 1160 togati
699 1097 760 1160 pro
776 1075 946 1160 Romanis,
962 1079 1236 1163 quemadmodum
1252 1085 1320 1164 pal-
1345 1056 1350 1066 x

61 1180 138 1248 11010·
149 1207 212 1269 pro
230 1184 382 1266 Graecis,
398 1183 558 1246 dicantur.
580 1183 685 1247 Sicuti
707 1205 788 1270 ergo
804 1184 963 1248 dedecori
984 1185 1048 1250 hoc
1064 1196 1135 1252 erat
1149 1188 1320 1272 Romanis,

66 1297 92 1356 si
105 1293 240 1378 palliati
262 1291 473 1356 incederentr
497 1291 566 1354 Cic.
580 1311 641 1373 pro
665 1293 696 1355 C.
711 1293 840 1356 Rabirio
854 1314 879 1354 c.
894 1293 924 1354 4.
947 1294 995 1357 ita
1015 1295 1198 1381 peregrinis
1220 1303 1320 1381 togae

66 1423 126 1465 usu
139 1400 277 1485 legibus
296 1401 405 1463 fuerat
419 1399 646 1463 interdictum:
663 1399 799 1463 Sueton.
817 1400 926 1463 Claud.
942 1423 967 1464 o.
981 1401 1031 1463 15.
1043 1402 1129 1467 Plin.
1145 1405 1247 1487 lupus
1263 1407 1321 1467 IV.

66 1510 116 1570 11.
140 1509 213 1572 VII.
229 1507 260 1570 a
283 1509 435 1594 adeoque
457 1506 595 1590 speciali
619 1509 831 1574 concessione
854 1529 936 1592 opus
958 1517 1029 1573 erat
1048 1512 1249 1596 peregrinis,
1264 1513 1321 1598 qui

70 1616 177 1701 togati
198 1616 355 1679 incedere
378 1615 519 1679 vellent:
543 1615 582 1679 L.
598 1615 649 1678 32.
667 1618 709 1678 Ι).
725 1619 766 1679 de
786 1618 866 1680 Jura
876 1617 958 1695 sisoi
966 1620 1012 1699 1).
1033 1617 1113 1682 Erat
1137 1640 1217 1682 vero
1240 1628 1322 1706 toga

73 1726 207 1788 amictus
224 1725 384 1806 exterior,
398 1723 523 1801 laneus,
538 1724 797 1806 semicircularis,
808 1725 940 1788 tunicae
957 1726 1204 1812 superinjectus,
1224 1749 1322 1812 aper-

76 1837 181 1916 1001),
205 1842 242 1896 et
264 1833 307 1896 ad
332 1832 417 1896 talos
444 1853 547 1918 usque
574 1832 740 1914 defluam,
771 1853 868 1917 quem
894 1830 1043 1916 pluribus
1064 1834 1254 1898 describunt
1279 1835 1321 1900 A.

71 1941 202 2006 Ruben.
222 1943 263 2004 de
287 1963 323 2005 re
341 1949 416 2003 0001.
433 1942 458 2005 Ι.
476 1941 506 2004 6.
522 1962 554 2023 p.
569 1939 620 2002 39.
641 1941 695 2005 Jo.
715 1941 812 2024 Bapt.
828 1940 957 2004 Donius
979 1942 1018 2003 de
1039 1951 1174 2026 utraque
1191 1947 1321 2026 penula.

71 2051 143 2113 Car.
167 2051 282 2134 Sigon.
298 2050 336 2110 de
351 2049 452 2130 judic.
468 2046 592 2111 11118.
615 2047 770 2111 Ceterum
793 2049 941 2132 quamvis
961 2049 1139 2113 communis
1158 2051 1212 2113 hic
1235 2060 1321 2115 esset

70 2159 190 2222 civium
207 2157 353 2221 habitus:
373 2155 505 2218 ordines
524 2164 634 2219 tamen
657 2155 838 2240 insignibus
856 2155 1048 2242 quibusdam
1072 2157 1322 2242 distingueban-

69 2279 130 2331 tur.
153 2267 366 2354 Magistratus
390 2265 476 2327 enim
500 2271 580 2348 toga
599 2271 775 2348 praetexta
782 2290 791 2339 ;
812 2264 991 2328 Senatores
1005 2264 1074 2328 lato
1091 2265 1204 2340 clavo;
1218 2265 1323 2349 Equi-

69 2383 122 2439 tes
143 2384 281 2460 angusto
305 2373 400 2437 clavo
415 2377 445 2454 ⁸)
465 2370 514 2437 uti
536 2369 697 2436 solebant.
719 2371 897 2434 Enimvero
924 2370 1073 2435 exolevit
1096 2372 1214 2435 sensim
1234 2373 1323 2458 ipsos

70 2485 164 2546 inter
183 2481 350 2547 Romanos
378 2490 477 2567 togae
505 2499 578 2543 usus
592 2477 638 2561 1’),
663 2478 832 2564 magisque
854 2478 1010 2563 placuere
1026 2478 1157 2546 tunicae
1169 2491 1212 2550 01
1232 2481 1322 2563 birri,

71 2601 106 2656 ut
128 2614 250 2678 magno
274 2588 469 2655 eruditionis
500 2588 661 2672 adparatu
682 2586 829 2651 ostendit
848 2586 963 2652 Claud.
987 2589 1123 2656 Salmas.
1144 2591 1261 2652 Adnot.
1281 2592 1326 2652 ad
1420 2573 1423 2580 ’

78 2703 259 2764 'l'ertullr'um
280 2702 320 2761 de
340 2698 444 2761 Pallio
455 2721 487 2780 p·
501 2695 553 2758 79.
1165 2705 1171 2714 ·

637 2849 665 2932 g.
687 2848 759 2912 140.

432 3019 435 3026 ,
501 2965 557 3017 Nee
568 2965 746 3033 praenomina
766 2962 902 3017 debebant.

156 3071 212 3134 Sic
230 3077 267 3134 et
290 3067 476 3131 nominibus
499 3065 770 3130 discernebantur
789 3067 876 3128 cives
898 3073 932 3128 et
954 3066 1141 3150 peregrini:
1162 3069 1324 3154 siquidem

81 3180 127 3243 illi
141 3180 242 3244 etiam
259 3175 538 3262 praenominibus,
555 3172 591 3236 hi
607 3173 685 3237 solis
698 3173 884 3237 nominibus
903 3173 1090 3256 utebantur,
1111 3196 1220 3259 neque
1237 3177 1325 3259 prius

141 3436 176 3504 y)
199 3435 315 3486 Glossac
333 3443 397 3495 ergo
415 3429 571 3494 figmentum
590 3432 644 3491 est,
662 3425 690 3478 in
709 3442 740 3478 ea
762 3429 820 3493 lege
839 3435 924 3496 100001
943 3425 1030 3493 accipi
1047 3443 1098 3493 pro
1116 3445 1224 3481 munere
1242 3429 1322 3481 advo·

75 3521 132 3573 eati.
152 3519 220 3574 Vid.
239 3516 362 3570 Schilter.
382 3515 442 3566 dier.
460 3513 567 3580 dejure
579 3512 716 3580 peruyrin.
734 3531 760 3565 0.
782 3513 913 3567 XXVII.
931 3513 1011 3566 Heio.

142 3605 175 3672 a)
197 3603 293 3656 Octav.
313 3597 453 3656 Ferrarius
472 3599 551 3650 dere
569 3598 673 3651 0001100.
686 3599 803 3663 probare
820 3604 933 3650 conatus
951 3603 1006 3662 est,
1032 3603 1124 3664 tog-arn
1140 3601 1327 3654 Romanorum

75 3694 197 3744 clausam
215 3688 308 3741 ruisse.
334 3693 371 3740 At
389 3700 482 3738 omnes
501 3689 605 3735 statuae
623 3689 727 3736 veteres
746 3689 910 3751 repugnant,
929 3684 1003 3751 quod
1026 3683 1113 3736 solide
1135 3684 1328 3738 demonstravit

76 3776 228 3839 Rubenius,
246 3789 327 3842 quem
345 3770 498 3839 Antiquarii
515 3769 638 3837 plerique
655 3775 814 3837 sequuntur.
832 3769 912 3822 Heln.

143 3863 176 3930 a)
197 3861 286 3913 Latus
305 3859 398 3910 clarus
417 3859 578 3910 Senatorum
596 3859 623 3905 et
641 3861 773 3922 angustus
790 3854 922 3922 Equitum
940 3869 1078 3919 purpurea
1101 3854 1172 3908 linea
1189 3862 1236 3908 001
1252 3857 1329 3922 virga

79 3949 127 4001 1011
144 3948 267 4012 oblonga
285 3943 353 3997 clavi
365 3940 439 4008 longi
457 3941 541 3992 instar
558 3938 657 3991 tunicis
670 3941 779 4004 adsuta,
792 3940 916 4007 adeoque
927 3955 983 3991 non
999 3939 1069 3993 olari
1086 3945 1169 4006 eaput
1181 3941 1328 3994 rotundum

80 4037 210 4097 reterens,
231 4047 302 4100 0000
318 4027 425 4083 Octavii
442 4025 559 4078 Ferrarii
580 4025 674 4091 opinio
692 4025 755 4089 luit,
775 4041 857 4092 quam
879 4024 1021 4078 Rubenius
1040 4039 1150 4092 quoque
1174 4031 1327 4077 00010000-

78 4120 152 4172 sutat
171 4117 254 4171 Heia.
720 4137 726 4143 ·
813 4147 818 4156 ·
1522 4143 1523 4172 q

144 4205 180 4273 b)
197 4203 242 4256 Dc
259 4205 384 4266 Augusto
403 4200 513 4252 Sueton.
536 4196 627 4249 00100.
644 4197 714 4264 Auq.
733 4215 755 4250 c.
773 4201 816 4250 40.
842 4196 930 4249 Etiam
947 4193 1063 4246 debitum
1081 4197 1248 4264 vestitumque
1271 4196 1329 4263 pri-
1522 4189 1523 4228 5

76 4292 174 4342 utinum
193 4287 322 4342 reducere
338 4284 444 4336 studuit.
462 4283 504 4335 Ac
518 4284 572 4335 uisa
585 4282 716 4351 quondam
730 4299 784 4350 pro
799 4275 920 4332 00001000
934 4279 1099 4349 pullatorum
1112 4278 1198 4338 turba,
1210 4279 1330 4346 indique·
1437 4299 1440 4314 ι

77 4373 181 4427 bundas
200 4382 226 4425 et
244 4371 397 4425 clamitans:
416 4369 466 4429 Eu,

280 4457 422 4516 Romanor,
440 4472 530 4506 rerum
550 4455 674 4513 dominos,
690 4458 844 4520 9001000000
862 4452 994 4519 10901001]

79 4548 158 4598 Unde
177 4550 261 4612 patet,
277 4544 335 4610 jam
354 4542 420 4606 ipsis
439 4540 554 4605 Augusti
573 4538 738 4604 temporibus
751 4543 830 4600 togae
845 4553 924 4589 nsum
940 4536 1094 4588 exolescere
1108 4532 1237 4598 coepisse.
1251 4534 1330 4585 Heia.
