3056 5168
657 385 733 454 Lm.
757 383 818 454 lv.
841 381 923 454 Tru.
948 381 1026 455 Vll.

417 564 468 639 Te,
489 567 673 644 quicumque
694 583 770 625 sacas
786 565 957 644 mutuetur
976 561 1113 625 condere
1133 581 1262 636 narses,

415 671 498 736 utare
519 673 603 745 dato,
624 671 747 734 tribuas
767 678 803 732 ut
824 669 885 730 sibi
902 669 1001 742 lucra,
1023 677 1126 750 rogat.

217 789 294 856 Fuit
314 795 348 852 et
368 785 458 852 aliud
482 796 697 852 mercatonrm
715 784 909 870 collegium,
932 783 1023 868 quod
1042 783 1250 866 Capitoimum
1265 783 1379 846 dictum
1399 791 1450 862 est,

217 897 306 981 cujus
329 903 363 957 et
381 895 495 959 Livius
518 903 552 956 et
568 894 687 957 Cicero
709 893 937 956 meminerunt.
960 893 1088 954 Horum
1104 911 1184 954 vero
1203 891 1261 954 alii
1282 900 1451 954 macutum

217 1005 284 1070 κατ’
306 999 428 1085 ἐξοχὴν,
447 1002 504 1065 alii
526 1006 736 1084 negotiatores
755 999 962 1080 dicebantur,
985 1019 1121 1083 quorum
1146 998 1196 1061 illi
1210 998 1357 1079 Rornae,
1376 997 1405 1058 hi
1421 998 1450 1058 in

217 1109 396 1196 provinciis
416 1109 674 1192 negotiabantur
688 1111 733 1190 ⁸),
759 1108 786 1171 si
807 1116 898 1170 recte
921 1126 990 1169 rem
1015 1106 1197 1190 explicavit
1219 1107 1293 1170 Car.
1316 1103 1453 1188 Sigonius

216 1221 256 1282 da
271 1222 398 1297 anteum
408 1219 488 1298 jure
505 1221 616 1278 ciuium
631 1218 719 1278 Rom.
735 1216 776 1276 II.
793 1215 841 1277 10.
852 1237 885 1298 p.
897 1214 969 1279 319.
988 1212 1055 1300 [cf.
1071 1214 1113 1278 V.
1125 1213 1162 1278 G.
1177 1214 1232 1278 Jo.
1242 1214 1330 1298 Aug.
1339 1209 1455 1276 Ernesti
1471 1207 1480 1225 “

217 1329 388 1388 Dissertat.
406 1325 446 1386 de
463 1325 708 1406 negotiatoribus
722 1319 881 1398 Romana,
897 1342 983 1406 quae
998 1321 1125 1406 prodiit
1139 1326 1221 1406 laps.
1237 1320 1415 1406 1*1737.4.
1430 1327 1457 1380 et

218 1432 253 1495 in
268 1431 380 1515 Ejusd.
399 1432 530 1512 Opuscc.
542 1431 718 1512 philologio.
734 1433 829 1490 critic.
844 1431 949 1513 Lugd.
965 1432 1039 1492 Bat.
1051 1428 1143 1492 1776.
1157 1428 1186 1490 8.
1201 1451 1233 1512 p.
1244 1428 1275 1490 3.
1287 1427 1367 1514 app]
1383 1427 1458 1489 Hinc

219 1539 306 1622 apud
328 1537 521 1601 Reiuesium
542 1537 701 1620 [ascripti.
723 1537 867 1605 Clausi.
884 1560 918 1618 p.
937 1537 1007 1600 186.
1028 1559 1057 1599 n.
1080 1537 1207 1599 CLXX.
1232 1535 1315 1598 alins
1336 1543 1459 1599 vocatur

217 1662 405 1710 manseron
424 1661 666 1709 nsvsounanrsz
686 1644 769 1708 alius
793 1645 932 1707 classi
953 1667 984 1728 p.
1007 1645 1078 1708 190.
1099 1665 1129 1707 n.
1151 1643 1275 1705 CLXX
1275 1644 1346 1705 VII.
1368 1659 1460 1706 unco

219 1771 348 1818 maron
370 1769 576 1832 annuarum,
591 1752 663 1832 vel,
679 1753 727 1815 uti
752 1751 839 1836 apud
857 1751 1033 1816 Gruterum
1053 1753 1209 1835 Inscripta
1225 1749 1305 1836 [*p.
1326 1751 1421 1812 0111.
1436 1770 1460 1808 n.

217 1862 267 1924 12.
292 1867 326 1923 et
340 1881 372 1940 p.
391 1860 538 1922 DOXLI.
560 1880 591 1921 a.
611 1860 641 1922 3.
658 1857 705 1943 4.]
723 1859 868 1943 legitur,
900 1874 1119 1924 unoomuron
1147 1875 1249 1922 sarrs
1275 1873 1457 1921 onnranua

219 1967 376 2044 Quamvis
391 1987 471 2030 vero
487 1968 529 2028 ab
550 1967 640 2030 hisce
657 1967 860 2050 temporibus
875 1967 1018 2031 Romani
1035 1976 1237 2031 mercaturae
1254 1965 1370 2050 paullo
1386 1964 1459 2048 plus,

220 2095 318 2159 quam
340 2073 438 2154 olim,
462 2075 636 2137 statuerint
662 2075 779 2158 pretii:
804 2077 921 2138 mansit
945 2084 1056 2139 tamen
1078 2076 1166 2140 inter
1189 2075 1325 2138 eosdem
1350 2074 1461 2157 opinio,

219 2182 401 2247 adhaerere
417 2181 493 2244 huic
508 2182 598 2246 vitae
613 2182 731 2266 generi
752 2182 864 2246 nescio
881 2183 960 2267 quid
983 2183 1166 2266 illiberale,
1188 2192 1222 2246 et
1239 2184 1312 2245 viro
1335 2181 1460 2244 honesto

218 2290 400 2374 indignum.
423 2289 509 2353 Satis
524 2290 559 2352 id
575 2291 714 2374 adparet
730 2309 773 2352 ex
793 2290 870 2353 loco
888 2291 1059 2354 Ciceronis
1079 2293 1118 2353 de
1140 2292 1269 2372 Osflc,l.
1286 2290 1338 2352 42.
1354 2290 1409 2353 ubi
1427 2307 1461 2350 ex

218 2400 370 2463 instituto
394 2397 437 2460 de
459 2406 642 2462 mercatura
666 2397 843 2461 disseritur.
865 2399 943 2462 Hoc
965 2399 1040 2462 loco
1058 2399 1177 2462 Cicero
1197 2397 1338 2482 primum
1361 2395 1461 2460 distin-

213 2508 291 2591 -guit
314 2508 401 2569 inter
417 2509 581 2587 propolas,
597 2504 651 2568 vel
672 2507 865 2580 arriiatores',
887 2513 922 2568 et
942 2509 1170 2588 negotiatores,
1191 2527 1273 2590 quos
1288 2505 1461 2590 Appulejus
1515 2491 1516 2552 i

218 2613 495 2699 [*Metamorplma
510 2613 574 2673 lid.
591 2615 615 2672 Ι.
629 2634 663 2693 p.
677 2612 728 2674 27.
746 2633 788 2674 ex
804 2615 875 2674 edit.
890 2613 1011 2677 Franc.
1028 2611 1276 2698 Oudendorpii]
1292 2616 1460 2696 magnarius

220 2726 327 2782 vocat.
350 2718 403 2780 De
422 2715 502 2780 illis:
526 2717 656 2780 Sordidi
672 2725 774 2793 etiam,
791 2721 909 2805 inquit,
921 2721 1066 2803 putandi,
1083 2727 1140 2804 qui
1152 2730 1335 2784 mercantur
1355 2743 1375 2782 a
1393 2739 1462 2780 mer-

220 2827 393 2899 catoribus,
418 2825 501 2908 quod
520 2831 624 2886 statim
646 2828 792 2889 vendant.
813 2829 903 2890 Nihil
918 2835 1000 2891 enim
1020 2834 1206 2912 proficiunt,
1228 2833 1293 2890 azbi
1308 2828 1462 2890 admodum
1514 2887 1515 2890 ,

220 2939 422 2996 mentiantur.
444 2933 513 2994 Nec
532 2955 606 2994 uero
625 2936 792 3016 quidquam
815 2940 939 3018 turpius
960 2941 1107 3000 vanitate.
1129 2938 1196 2999 Eos
1219 2957 1312 3016 vero,
1331 2935 1387 3022 qui
1406 2957 1464 2996 ma·
1514 2929 1515 3011 1

182 3117 186 3125 ¹
221 3040 369 3126 gnariam
390 3049 548 3103 exercent
571 3052 803 3126 mercaturam,
819 3044 988 3130 multaque
1011 3043 1157 3129 undique
1180 3045 1376 3129 adportant,
1392 3039 1464 3105 mul-

134 3229 138 3236 ,
220 3148 329 3231 tisque
346 3147 416 3209 sine
434 3149 579 3212 vanitate
595 3149 836 3235 impertiuntur,
852 3173 919 3215 non
936 3152 1111 3216 admodum
1129 3153 1367 3237 vituperandos
1381 3157 1463 3236 putat

221 3256 356 3337 Cicero,
378 3253 522 3319 sedtum
546 3256 675 3322 demum
698 3259 900 3342 laudandoS,
923 3265 954 3322 si
970 3265 1082 3323 satiati
1099 3271 1247 3342 quaesta,
1268 3263 1321 3324 uel
1343 3260 1467 3323 conteuti

216 3369 339 3446 potius,
360 3373 397 3426 ut
409 3386 503 3447 saepe
521 3388 560 3428 eu
582 3370 645 3430 alto
666 3371 699 3429 ia
715 3377 857 3450 portum,
872 3390 912 3431 ea
932 3373 998 3451 apso
1016 3377 1112 3450 partu
1134 3390 1169 3431 se
1189 3373 1222 3431 ia
1241 3389 1341 3453 agros
1353 3387 1459 3452 posses-

189 3523 194 3532 ,
220 3475 381 3553 amnesque
402 3476 597 3536 contulerint.

805 3593 833 3674 §-
855 3593 886 3656 a.

422 3704 561 3758 Institores
578 3706 693 3775 quinam,
717 3715 743 3759 et
760 3709 887 3778 quomodo
904 3709 1021 3762 insutum
1038 3705 1105 3761 actio
1123 3709 1272 3761 institoria?

304 3803 412 3880 Quum
430 3827 510 3889 ergo
527 3817 729 3872 mercaturae
742 3810 934 3895 cuicumque
952 3809 1058 3874 inesse
1075 3809 1245 3874 videretur
1260 3807 1390 3894 aliquid
1410 3806 1468 3871 illi-

291 3995 322 4061 a)
343 3995 386 4048 De
403 4004 583 4051 mercatorum
601 4008 628 4053 et
650 4003 848 4068 negotiatorum
871 4000 1029 4054 differentiis
1048 4000 1154 4068 egregie
1172 3998 1326 4065 disputavit
1342 3999 1388 4051 io.
1406 4003 1470 4064 Aug.

223 4080 332 4133 Ernesti
345 4082 483 4134 Dissertat.
499 4085 635 4151 singulari,
654 4103 736 4155 quam
748 4086 776 4138 in
795 4079 985 4152 compendium
997 4085 1070 4138 misit
1086 4087 1115 4138 in
1134 4087 1225 4138 Indice
1237 4086 1392 4136 Latinitatis
1404 4085 1470 4136 Cice-

134 4211 138 4220 ,
222 4167 349 4217 roaianae
368 4167 418 4218 sub
436 4181 502 4218 voce
519 4172 672 4236 nepotiator.
695 4171 777 4223 Canu.
800 4171 843 4222 De
867 4178 1034 4224 mercaturae
1052 4172 1126 4237 apud
1150 4173 1291 4224 Romanos
1309 4155 1470 4229 conditione,
1511 4233 1512 4238 Ἰ

223 4266 277 4318 qna
295 4251 488 4304 iurisconsulti
507 4271 566 4307 earn
593 4271 674 4308 nosse
695 4255 814 4318 interest,
833 4255 940 4323 egregia
962 4273 1034 4308 nune
1051 4262 1141 4309 exstat
1163 4256 1359 4310 commentatio
1381 4257 1470 4308 ursae

223 4332 333 4400 Rinkes,
351 4336 397 4390 oui
413 4337 523 4392 titulus:
547 4343 617 4394 Dim.
636 4342 667 4393 de
686 4343 864 4409 apriculturae
877 4361 947 4412 prae
965 4350 1116 4395 mercatura
1135 4343 1208 4410 opud
1226 4342 1367 4394 Romanor
1374 4343 1470 4408 sumre

223 4423 277 4468 tum
294 4420 321 4470 ia
339 4423 412 4488 aliis,¹
425 4431 478 4476 tum
497 4428 617 4494 maxime¹
633 4444 733 4496 quoque
750 4428 778 4478 iu
796 4427 882 4496 ispum
899 4431 1072 4480 monumentis
1089 4429 1235 4496 conspicuo.
1253 4427 1287 4478 L.
1304 4427 1338 4479 Β.
1361 4432 1434 4480 1819.
1448 4431 1470 4478 e

224 4500 265 4552 cf.
283 4503 392 4558 Ernesti
410 4508 461 4576 Ep.
478 4512 509 4563 de
526 4511 729 4580 negotiatoribus
748 4513 885 4566 Romanis.
904 4512 980 4577 Lips.
993 4517 1067 4568 1⁷37.
1080 4519 1106 4567 4.
1123 4518 1150 4565 et
1168 4512 1195 4566 in
1214 4527 1319 4580 opuscc.
1334 4512 1405 4580 piri.
1418 4513 1472 4563 erit

221 4599 248 4648 p.
266 4589 359 4641 a-ao.
376 4591 466 4646 Ham.
