3056 5168
486 409 541 480 lln
566 410 786 480 Acrrorreus.
1225 421 1301 490 σω

29 585 195 656 bonoad
217 585 338 652 lactum
361 587 425 650 sibi
447 587 651 671 propositum
676 587 825 652 actiones
848 587 928 654 dare
948 591 1197 674 consueverint,
1219 593 1299 658 ideo

29 695 249 761 conveniens
264 696 370 759 visum
390 695 470 776 fuit,
492 703 529 758 ut
550 694 690 777 factum,
706 697 795 762 unde
811 697 867 780 jus
882 707 1082 781 nasceretur,
1103 701 1299 768 intentionis

28 805 80 868 ad
101 805 208 868 instar
221 803 255 866 in
279 802 421 866 formula
435 801 677 888 exprimeretur
690 808 733 882 ι).
757 803 933 868 Caeterum
950 806 1145 890 quibusdam
1164 829 1207 870 ex
1221 830 1298 875 ceu-

28 911 92 992 sis,
108 931 196 996 quse
212 911 254 974 ad
270 913 379 975 bonae
396 909 476 974 fidei
492 929 637 974 normam
652 910 885 994 exigebantur,
901 912 957 976 ubi
973 906 1107 980 bmniuo
1123 915 1297 999 plurimum

28 1019 181 1082 valebat
196 1017 393 1082 Praetorum
409 1039 448 1081 oc
463 1017 684 1102 judicantium
704 1017 886 1100 arbitrium,
903 1028 938 1082 et
954 1019 988 1084 in
1006 1021 1110 1106 juset
1126 1023 1159 1086 in
1175 1023 1297 1086 factum

30 1125 202 1189 formulas
217 1123 520 1226 Praetor-babebat
536 1125 723 1208 propositas
738 1126 781 1206 f),
804 1124 876 1207 bac,
895 1135 931 1190 ut
952 1126 1094 1209 videtur,
1110 1129 1250 1212 ratione,
1262 1139 1299 1194 ut

29 1233 185 1298 facultas
206 1240 294 1336 esset
308 1232 359 1313 iis,
382 1233 500 1316 quibus
516 1253 617 1318 agere
640 1253 706 1298 uon
722 1232 826 1313 licuit,
847 1233 911 1298 nisi
932 1234 1105 1301 infactum
1127 1238 1297 1321 conceptis

30 1339 203 1421 formulis,
226 1340 315 1403 hisce
331 1339 447 1404 utendi
463 1340 648 1406 actionibus
663 1344 708 1420 e).
727 1377 766 1390 .-
787 1343 924 1404 lbrtism
940 1351 989 1406 est
1011 1342 1222 1408 formularum
1238 1367 1297 1431 ge·

30 1471 111 1532 uus,
130 1450 166 1511 iu
184 1469 250 1532 quo
265 1447 419 1531 vulgares
433 1449 593 1540 actiones,
612 1447 634 1509 i.
650 1467 678 1511 e.
695 1469 775 1532 quas
791 1448 903 1512 edicto
919 1469 977 1512 suo
993 1452 1180 1534 propositos
1193 1454 1298 1516 Prae-

32 1567 92 1621 tor
107 1556 276 1638 babebat,
299 1555 341 1619 ab
363 1555 414 1620 his
434 1551 660 1640 sejunguntur,
684 1577 770 1640 quae
786 1554 964 1619 secundum
986 1576 1109 1622 morem
1126 1560 1295 1645 antiquum
1376 1615 1379 1622 .

33 1688 81 1730 ex
105 1665 198 1728 facto
214 1663 287 1727 dari
310 1662 482 1744 solebant,
498 1664 586 1726 unde
608 1663 642 1726 in
665 1663 787 1727 fectum
812 1664 958 1728 actiones
978 1666 1215 1749 praecaeteris
1236 1688 1297 1731 vo-

33 1783 138 1840 catae
154 1781 228 1837 suut
242 1771 288 1853 1ι).
302 1772 345 1835 Ει
360 1771 394 1834 in
409 1771 459 1834 bis
470 1771 602 1855 quidem
617 1771 671 1834 vel
687 1769 827 1834 maxime
844 1771 989 1856 insignes
1004 1781 1089 1855 suut,
1104 1795 1190 1860 quae
1200 1795 1297 1857 proo-
1416 1787 1422 1800 ’

34 1886 166 1964 εσνίριίι
187 1879 288 1944 uerbis
308 1878 362 1942 rel
385 1883 418 1940 r'rr
435 1880 563 1957 soctmn
584 1900 608 1944 s.
634 1883 773 1942 r'rrcertae
793 1881 898 1942 marim
921 1881 1142 1964 appellantur.
1164 1883 1296 1946 Nomen

36 1993 243 2074 acceperunt
258 2009 277 2050 a
294 1986 627 2072 praescriptionibus,
645 2005 732 2071 quae
747 2007 807 2070 pro
822 1995 936 2062 actore
960 1987 1109 2053 formulis
1130 1989 1295 2054 interdum

39 2097 221 2183 praemitti,
236 2094 291 2158 vel
307 2095 416 2179 potius
431 2103 508 2157 ante
524 2093 742 2157 intentionem
759 2094 860 2156 inseri
881 2095 1034 2160 solebant
1047 2099 1093 2179 ¹),
1108 2105 1144 2160 ut
1162 2097 1295 2180 propius

38 2203 246 2284 deliniietur,
258 2204 313 2289 jus
325 2202 405 2286 quid
421 2202 472 2281 sit,
490 2199 534 2262 de
549 2221 615 2285 quo
632 2201 719 2284 apud
728 2201 876 2284 judicem
893 2201 1057 2284 agendum
1075 2212 1171 2266 esset.
1188 2203 1296 2266 Causa

37 2321 152 2379 autem
168 2309 414 2396 praescribendi
430 2308 556 2392 duplex
573 2329 642 2371 esse
656 2315 796 2392 poterat.
818 2306 937 2370 Altera
954 2308 1111 2389 cavendi,
1126 2329 1169 2370 ne
1185 2309 1296 2372 omnia

35 2446 74 2487 ac
93 2419 226 2504 singula
247 2419 354 2484 statim
371 2419 404 2480 in
421 2416 584 2502 judicium
601 2405 743 2479 deducta
760 2435 831 2477 esse
847 2413 1047 2492 viderentur,
1069 2436 1155 2499 quae
1172 2437 1215 2479 ex
1230 2437 1296 2478 una

34 2529 227 2612 eademque
243 2525 450 2611 obligatione
466 2525 536 2610 peti
556 2531 719 2609 poteraut.
733 2524 788 2586 Sic
803 2545 834 2587 v.
851 2545 889 2603 c.,
906 2543 1004 2608 quum
1019 2521 1052 2586 in
1073 2522 1220 2606 singulos
1236 2543 1289 2585 an·

35 2661 96 2704 nos
123 2635 298 2722 pecuniam
314 2634 385 2720 quis
408 2634 580 2718 stipulatus
604 2642 669 2710 est,
691 2633 725 2696 iu
744 2631 944 2716 singularum
960 2631 1220 2714 praestationum
1235 2651 1295 2715 pe-

36 2746 214 2811 titionibus
234 2742 298 2806 boc
319 2741 419 2804 modo
443 2739 745 2825 praescribebatur:
767 2761 806 2801 eo
826 2760 878 2801 res
901 2748 1028 2821 agatur,
1050 2741 1141 2821 cujus
1163 2743 1214 2799 rer·
1229 2739 1296 2799 drea

26 2858 118 2935 suit3
143 2852 313 2932 nimirum,
339 2858 375 2913 ut
397 2849 498 2912 futuri
523 2846 681 2931 temporis
706 2847 945 2929 praestationes
969 2846 1204 2929 exciperentur
1229 2843 1296 2906 sal-

33 2981 169 3048 vaeque
199 2957 467 3043 relinquerentur
490 2953 604 3018 actori.
633 2951 811 3035 Similiter,
835 2973 934 3036 quum
960 2972 1003 3015 ex
1026 2949 1294 3036 stipulationibus
1337 2991 1371 3056 ὓ

34 3070 179 3134 emtioni
202 3067 339 3152 adjectis
367 3062 523 3130 venditor
546 3063 591 3123 od
615 3081 680 3123 rem
702 3061 840 3122 Modum
861 3080 1052 3142 vacuamque
1068 3063 1294 3141 possessionem

33 3179 226 3242 tradendam
244 3177 399 3258 obligatus
412 3181 494 3234 osset
506 3171 553 3253 ἱ),
567 3190 609 3232 ex
625 3169 735 3253 priore
752 3165 974 3252 stipulationis
991 3167 1138 3254 clausula
1151 3165 1213 3228 hac
1235 3165 1293 3226 ad-

33 3287 144 3352 hibita
162 3282 422 3368 praescriptione
444 3279 621 3363 agebatur:
644 3299 682 3340 eo
696 3298 748 3339 ros
765 3283 884 3356 agatur
900 3276 938 3336 de
947 3274 1054 3351 fundo
1071 3271 1293 3351 mancipandor

31 3407 66 3462 ut
82 3400 225 3482 postea,
248 3389 275 3454 si
290 3388 374 3453 velit
399 3396 505 3452 emtor
526 3385 767 3471 possessionem
790 3383 852 3446 sibi
872 3380 977 3460 tradi,
1001 3379 1043 3442 de
1066 3375 1229 3442 tradenda
1252 3396 1292 3438 ea

32 3527 74 3567 ex
91 3509 187 3565 emto
204 3517 304 3582 agere
317 3502 436 3580 posset.
459 3493 630 3579 Alioquin,
646 3495 673 3556 si
688 3494 758 3555 sine
775 3486 1036 3576 praescriptione
1053 3495 1160 3550 actum
1176 3485 1291 3548 fuisset

31 3613 94 3676 hac
127 3610 260 3694 intenta
282 3604 430 3668 actione:
453 3605 603 3688 quidquid
626 3603 662 3664 ob
690 3621 758 3662 eam
780 3621 846 3660 rem
869 3597 1058 3660 venditorem
1084 3595 1162 3657 dare
1178 3580 1293 3672 secere
1356 3648 1364 3654 .

31 3725 210 3802 oporteret,
224 3722 296 3778 tota
319 3711 482 3796 obligatio
501 3731 560 3795 per
579 3708 797 3773 intentionem
824 3711 992 3770 consumta
1015 3709 1102 3784 erat,
1124 3707 1161 3764 ιιι
1175 3709 1292 3785 postea

104 3925 137 3992 e)
159 3923 201 3976 Cl.
220 3925 314 3975 Keller
330 3919 392 3974 Uel.
404 3920 577 3972 Lttircontert.
590 3937 615 3971 u.
634 3916 737 3970 Urtlrer'l
748 3932 775 3982 p.
791 3919 848 3968 117.
865 3913 895 3966 in
913 3914 932 3964 f.
943 3927 985 3982 sq.
998 3929 1026 3980 p.
1036 3915 1080 3966 48.
1092 3926 1133 3978 sq.
1153 3909 1290 3962 Zimnieru

32 4014 48 4067 I.
67 4015 85 4068 l.
107 4027 137 4077 p.
159 4011 216 4061 147.
234 4021 262 4058 ιι.
284 4011 323 4058 10.
337 4003 450 4057 Hellter.
469 4003 486 4056 l.
505 4005 523 4056 l.
540 4021 567 4070 p.
585 4009 627 4057 60.

104 4097 138 4162 f)
161 4093 222 4160 Gaj.
237 4091 285 4144 IV.
303 4093 324 4158 ξ.
337 4095 381 4144 47.
726 4142 737 4157 ⁸

102 4181 139 4248 g)
161 4177 202 4231 Gi.
219 4179 251 4228 Ι..
268 4179 293 4228 9.
317 4179 343 4227 et
363 4179 403 4228 13.
420 4173 457 4226 D.
476 4174 507 4226 de
526 4171 575 4226 obl.
596 4181 622 4224 et
638 4183 688 4227 oct.
707 4172 819 4226 Heffter.
837 4168 855 4221 l.
873 4169 936 4238 lp.
954 4155 997 4222 57.
1014 4179 1055 4231 sq.
1080 4159 1216 4214 Zimmern
1235 4159 1253 4211 l.
1272 4159 1289 4211 Ι.

32 4268 53 4333 ἕ.
71 4255 119 4320 54.
141 4264 231 4316 Herse
250 4261 267 4314 l.
286 4261 302 4314 1.
321 4277 347 4326 p.
365 4263 408 4312 39.
426 4274 467 4325 sq.
859 4250 863 4258 '

105 4351 141 4417 h)
165 4351 194 4400 L.
215 4352 238 4399 l.
254 4363 299 4413 pr.
317 4344 353 4395 D.
372 4343 403 4393 dc
418 4361 537 4411 praescr.
556 4341 625 4394 verb.

105 4435 132 4502 ἱ)
154 4432 215 4498 Gaj.
233 4432 283 4484 1v.
295 4431 316 4497 ι.
331 4433 388 4481 1³0.
404 4431 462 4481 132.
479 4427 591 4480 Heffter.
601 4427 618 4478 l.
637 4427 654 4477 l.
664 4440 690 4491 p.
706 4428 806 4478 tus-
817 4424 961 4476 Caeterum
980 4413 1206 4484 praescriptiones
1223 4414 1288 4471 oiim

34 4528 61 4572 ot
80 4533 135 4586 pro,
154 4531 202 4569 reo
219 4515 285 4582 poni
303 4513 399 4568 sottus
416 4518 489 4565 sunt.
509 4501 570 4582 e'aj.
589 4514 638 4566 ιι.
656 4511 676 4578 ι.
698 4514 754 4563 ma.
774 4505 959 4562 otiosioris.
979 4502 1060 4554 xur,

107 4605 143 4672 ι)
164 4603 196 4654 ι.
214 4607 240 4654 4.
255 4619 300 4670 pr.
319 4601 353 4652 u.
373 4600 404 4650 n
422 4615 495 4652 mr.
1013 4605 1016 4610 ·
