3080 5154
211 344 304 438 111·
674 365 749 432 nm.
775 365 801 430 1.
828 364 907 432 Τ...
933 365 991 432 xr.

209 542 299 627 quod
322 539 508 604 inconsulto
533 540 660 624 populo
683 539 755 602 fieri
777 539 924 624 iniquum
948 540 1130 605 videbatur.
1146 538 1248 630 ⁴Hinc
1271 543 1306 604 in
1329 538 1463 624 legibus

207 648 493 728 Decemviralibus
512 645 595 711 Tab.
614 648 679 710 IX.
696 655 769 711 erat
784 647 857 710 lex=
874 665 918 710 nr
940 663 1060 712 cnrrrn
1080 665 1167 714 orvis
1189 665 1258 714 rusr
1274 667 1339 712 ran
1358 665 1464 711 nnxr-

208 773 285 820 nun
305 771 522 820 eourrrrruu
539 771 584 817 Na
607 756 782 818 rnnunro:
807 754 875 818 Cic.
896 757 935 817 de
950 757 1051 838 Legg.
1069 759 1129 819 ΙΙΙ.
1150 777 1176 818 e.
1191 758 1221 819 4.
1239 756 1274 819 in
1296 777 1363 841 qua
1381 755 1463 838 lege

208 863 325 948 capitis
344 861 582 946 adpellatione,
599 885 666 925 non
684 861 783 924 modo
804 863 916 944 vitam,
935 863 993 926 sed
1011 870 1045 926 et
1063 864 1264 947 libertatem,
1280 863 1463 943 civitatem,

173 981 176 995 '
208 970 421 1054 familiaeque
428 970 484 1053 jun
497 968 646 1031 exaudiri
664 969 805 1052 debere,
817 968 991 1054 eleganter
1006 971 1209 1035 de'monstrat
1224 971 1258 1034 in
1277 971 1375 1034 Notis
1390 970 1464 1034 Jac.

104 1099 110 1103 ·
209 1077 407 1142 Gothofred.
421 1101 456 1161 p.
478 1075 550 1140 230.
581 1077 670 1139 Hinc
695 1099 775 1161 ergo
797 1077 831 1140 in
855 1078 995 1142 comitiis
1018 1101 1069 1142 res
1093 1088 1165 1144 erat
1187 1077 1406 1166 explicanda,
1431 1085 1465 1140 et

209 1187 342 1273 quidem
364 1187 399 1248 in
422 1184 569 1247 curiatis:
594 1183 682 1247 Gell.
706 1185 803 1248 V.19.
829 1188 874 1250 Et
894 1186 971 1248 bino
993 1187 1168 1272 adrogatio
1191 1187 1263 1250 fieri
1288 1185 1464 1250 dicebatur

208 1299 278 1378 lege
295 1299 434 1357 curtato:
452 1289 558 1354 Tacit.
575 1292 659 1355 Hr'st.
671 1293 696 1354 1.
709 1292 760 1354 15.
775 1292 851 1357 κατὰ
866 1293 958 1376 νόμον
973 1292 1157 1376 κουριάτιον,
1169 1293 1313 1378 Appian.
1328 1295 1368 1354 de
1379 1293 1463 1354 Bell.

208 1407 264 1466 ot’rt.
287 1402 346 1463 III.
367 1399 419 1463 94.
441 1397 519 1464 κατὰ
537 1396 629 1482 νόμον
646 1397 700 1465 τὸν
722 1398 951 1486 φρατριατικόνι
974 1401 1042 1465 Ι)10
1066 1402 1154 1466 Cass.
1175 1403 1242 1466 Lit.
1261 1401 1361 1464 XLV.
1375 1401 1407 1461 5.

793 1555 823 1634 §-
844 1554 875 1615 7.

532 1665 588 1720 dar
605 1669 759 1721 auctoritate
779 1670 939 1739 Pontificum
949 1671 1042 1740 suerit
1058 1675 1141 1740 opus?

141 1813 150 1821 -
229 1757 233 1765 ’
292 1770 492 1833 Pontificum
515 1788 595 1830 vero
618 1771 851 1834 auctoritatate
872 1793 954 1856 opus
977 1772 1165 1853 videbatur,
1196 1791 1264 1835 non
1292 1772 1335 1833 ob
1359 1769 1464 1855 juris-

148 1951 152 1958 ,
203 1876 339 1964 jurandi
354 1875 567 1959 religionem,
585 1896 651 1960 quo
667 1877 842 1962 adrogatio
859 1882 900 1942 ab
917 1879 1006 1942 omni
1022 1879 1186 1943 calumnia
1201 1887 1235 1942 et
1250 1877 1365 1941 fraude
1380 1899 1464 1962 pura

209 1992 449 2070 praestaretur,
465 1992 500 2045 ut
525 1983 660 2066 conjicit
681 1986 769 2049 idem
789 1987 887 2050 Vinc.
910 1987 1057 2051 Gravina
1080 1991 1100 2049 l.
1118 2010 1143 2050 o.
1157 2009 1191 2069 p.
1208 1986 1280 2048 452.
1301 1985 1360 2049 sed
1384 1985 1464 2069 quia

210 2091 375 2176 adoptivi,
395 2089 520 2153 relictis
536 2092 633 2155 sacris
649 2095 814 2182 familiae,
830 2097 865 2157 in
882 2095 1016 2159 alterius
1033 2095 1141 2180 gentis
1157 2115 1248 2157 sacra
1262 2093 1462 2156 transibant:

211 2201 329 2264 Cicero
343 2219 405 2282 pro
424 2201 512 2261 dorne
530 2199 579 2262 13.
605 2201 711 2277 Quid?
731 2223 825 2266 sacra
843 2205 968 2266 Clodiae
987 2206 1092 2286 gentis
1112 2223 1170 2264 eur
1189 2207 1365 2274 intereunt,
1381 2199 1465 2281 quod

106 2328 109 2331 “
157 2331 163 2341 ·
208 2315 241 2372 tn
270 2310 395 2371 tecet?
421 2313 621 2388 quacomm’s
650 2330 754 2372 norro
779 2331 1017 2386 formicam,
1040 2331 1135 2392 quum
1164 2312 1368 2392 adoptarere,
1394 2327 1464 2368 esse

209 2418 312 2479 debuit
326 2418 369 2497 θ).

676 2609 677 2614 .
800 2535 828 2615 §-
850 2533 879 2596 8·

589 2648 633 2728 Ia¹
644 2649 708 2731 quid
724 2650 905 2718 inquisiverint
921 2652 1083 2720 Poatfices?

292 2729 525 2830 Dispiciebant
549 2769 630 2833 ergo
646 2750 841 2826 Pontifices,
863 2773 904 2814 an
926 2752 1088 2837 adoptans
1111 2774 1152 2816 ea
1176 2757 1263 2814 esset
1282 2755 1410 2828 aetate,
1428 2755 1463 2810 ut
1531 2731 1532 2736 ¹

210 2854 349 2918 alterum
378 2854 480 2918 filium
502 2856 627 2920 habere
649 2865 782 2942 posset?
802 2882 844 2924 an
864 2859 957 2923 nulla
979 2861 1021 2924 ei.
1035 2881 1109 2944 spes
1133 2858 1236 2944 prolis
1259 2861 1463 2940 superesset?

210 2984 270 3044 an,
287 2962 448 3048 conjugio
469 2962 570 3046 inito,
588 2965 847 3030 foecunditatem
868 2967 970 3030 fuerit
986 2972 1161 3054 expertus?
1175 2986 1260 3051 quae
1283 2986 1397 3028 caussa
1421 2964 1463 3025 sit

209 3070 417 3154 adoptionis?
433 3069 522 3135 Gell.
537 3073 641 3144 Noctt.
658 3078 754 3136 Attio.
776 3076 810 3135 V.
825 3075 876 3136 19.
892 3076 960 3140 Cic.
974 3098 1033 3158 pro
1048 3078 1135 3138 doato
1149 3074 1198 3136 10.
1215 3080 1249 3135 et
1264 3071 1313 3138 13.
1325 3071 1462 3154 Ulpian.

209 3178 245 3238 L.
265 3178 315 3239 15.
331 3179 360 3259 §.
379 3179 409 3242 2.
424 3179 454 3242 3.
474 3188 508 3243 et
521 3181 560 3242 J..
577 3180 627 3244 17.
644 3185 743 3262 prr'nc.
761 3183 801 3241 Ι).
822 3185 861 3245 de
877 3186 990 3266 Adopt.
1012 3184 1131 3268 Neque
1154 3181 1241 3244 enim
1263 3178 1363 3245 facile
1385 3199 1463 3262 per·

208 3285 400 3350 mittebatur
417 3287 474 3370 iis,
493 3288 549 3373 qui
567 3289 638 3373 jam
654 3287 779 3351 liberos
800 3298 1072 3372 procreaverant,
1088 3297 1124 3353 ut
1148 3288 1230 3351 alios
1246 3287 1302 3350 vel
1317 3286 1461 3371 adroga-

207 3400 283 3455 rent
303 3393 359 3456 vel
375 3395 589 3478 adoptarent,
612 3396 736 3481 quippe
755 3395 910 3482 quodne
931 3399 965 3462 in
983 3397 1241 3482 Imperatoribus
1258 3395 1392 3481 quidem
1408 3416 1462 3458 re-

207 3498 429 3584 prehensione
454 3501 604 3565 carebat:
628 3483 787 3568 Perizon:
805 3508 971 3568 Animadu.
986 3507 1070 3568 Hist.
1089 3527 1114 3566 c.
1126 3504 1155 3567 3.
1169 3526 1204 3586 p.
1219 3503 1291 3566 125.
1312 3501 1460 3582 Deinde,

208 3629 251 3671 ne
266 3628 327 3701 pro
345 3618 489 3672 monstro
514 3618 616 3692 esset,
631 3618 758 3694 patrem
775 3613 845 3676 filio
861 3613 916 3676 vel
932 3620 1010 3676 natu
1031 3613 1191 3674 minorem
1213 3611 1269 3674 vel
1284 3610 1460 3696 aequalem

209 3737 299 3797 esse,
321 3715 378 3779 sed
402 3723 438 3779 ut
458 3715 758 3800 adoptionaturam
783 3721 976 3802 imitaretur,
999 3721 1117 3783 merito
1141 3719 1395 3802 disquirebatur,
1419 3740 1461 3780 an

208 3822 423 3906 adoptaturus
442 3822 557 3886 saltem
578 3823 680 3908 plena
700 3829 874 3911 pubertate
891 3827 994 3890 filium
1011 3826 1246 3890 antecederet?
1261 3829 1299 3890 L.
1315 3827 1366 3888 40.
1386 3826 1415 3908 §-
1431 3824 1460 3886 1.

156 3973 158 3976 -
208 3932 250 3992 Ι).
265 3932 304 3992 de
320 3932 435 4013 Adtpt.
457 3932 501 3993 Et
516 3931 593 3994 hinc
608 3942 738 3998 veteres
752 3935 864 3998 rident
884 3934 1099 4020 adoptionem
1113 3933 1300 3998 Alexandri
1318 3934 1401 4016 lmp.
1418 3934 1461 3995 ab

278 4194 308 4260 e)
327 4192 391 4246 Vid
410 4194 509 4248 Christ.
529 4198 610 4250 (11111).
629 4199 775 4252 Schwarzii
799 4200 868 4251 Dira.
892 4217 925 4251 ec
947 4200 1053 4266 antiquo
1076 4199 1260 4252 Romanorum
1276 4196 1345 4265 jure
1368 4195 1401 4245 de
1418 4211 1461 4245 sa·

209 4296 315 4330 crorum
328 4278 491 4333 detetatione.
504 4282 559 4334 Alt.
574 4287 648 4336 1726.
661 4287 686 4335 4.
699 4287 726 4334 et
741 4283 769 4335 in
782 4284 855 4336 Diss.
873 4285 963 4335 select
980 4284 1052 4349 (Erl.
1066 4285 1157 4350 1778.)
1170 4287 1196 4335 4.
1214 4298 1241 4349 p.
1253 4285 1306 4334 309
1317 4309 1343 4320 ·-
1356 4285 1416 4333 348.
1427 4307 1461 4317 —

209 4362 253 4413 Ob
270 4363 340 4414 hanc
357 4379 497 4417 sacrorum
515 4365 683 4431 privatorum
701 4368 939 4420 commutationem
955 4368 1049 4419 eadem
1067 4368 1242 4432 sollemnitas,
1255 4381 1326 4435 quae
1345 4383 1381 4417 ex
1399 4381 1460 4432 per·

209 4461 277 4498 sona
301 4447 385 4512 patris
408 4449 480 4502 diota
504 4457 546 4503 est
562 4451 714 4517 arrogatio,
732 4471 767 4504 ex
786 4451 835 4504 filii
848 4468 965 4519 persona
983 4467 1082 4505 nomen
1100 4453 1204 4520 accepit
1223 4452 1401 4504 detestationis
1418 4467 1459 4501 ra·

209 4550 331 4584 crorum:
349 4534 383 4584 de
401 4534 519 4601 Savigny
538 4538 555 4588 l.
574 4538 591 4588 l.
610 4537 657 4588 Nr.
677 4537 724 4588 IV.
744 4554 770 4603 p.
788 4541 848 4590 399.
867 4555 926 4606 sqq.
951 4537 1039 4590 Haud.
