3062 5164
401 355 457 428 Du
481 353 578 427 tons
604 353 746 439 Qumrr.
771 355 828 424 Frr
851 355 966 428 Crvrr.
1237 363 1311 432 279

68 536 119 600 Uti
139 554 221 620 ergo
241 531 294 597 lric
315 530 440 602 consul
463 529 570 606 scus
593 531 640 598 sic
663 539 698 596 et
721 531 912 634 sacerdotes
935 532 1015 598 facti
1035 543 1110 598 sunt
1136 533 1309 616 codicillis,

68 643 145 710 unde
161 650 195 706 et
211 639 427 708 codicillares
439 639 530 722 dicti,
546 639 588 704 de
605 640 723 724 quibus
739 638 816 701 Ael.
832 639 999 725 Lamprid.
1017 643 1112 705 Ales.
1127 643 1197 705 Seu.
1212 663 1238 706 o.
1258 643 1310 708 40.

69 751 144 816 Add.
159 750 197 814 L.
211 749 262 816 43.
281 750 314 812 0.
334 749 446 812 (lltood.
460 748 499 814 de
514 749 682 812 Dauum.
697 746 734 810 L.
750 745 800 808 12.
824 746 856 808 0.
871 749 910 810 ds
927 750 1063 832 Ds'gnr‘t.

633 913 661 994 §-
684 909 735 974 so.

462 1029 600 1088 Quomodo
617 1033 702 1080 creati
718 1031 906 1098 magistratus?

140 1134 195 1200 Ad
211 1129 420 1216 magistratus
441 1129 586 1214 denique
604 1129 692 1214 quod
712 1131 853 1212 attinet,
874 1151 932 1194 eos
948 1153 1082 1218 quoque
1097 1154 1156 1198 suo
1173 1133 1310 1198 arbitrio

74 1223 217 1307 creabant
238 1239 429 1323 Principes,
453 1259 559 1322 eaque
589 1237 752 1322 dignitate
780 1259 846 1300 non
862 1238 971 1302 solum
985 1239 1174 1324 RomanoS,
1195 1241 1253 1304 sed
1277 1249 1312 1304 et

74 1360 190 1413 exteros
210 1348 393 1422 ornabant3
416 1341 522 1430 qualis
545 1344 662 1427 procul
686 1343 789 1407 dubio
809 1343 872 1409 fuit
894 1345 954 1408 ille
977 1346 1149 1430 Herodes,
1169 1347 1312 1431 Atticus,

73 1459 114 1522 bis
133 1456 271 1540 Consul,
294 1453 341 1517 de
360 1475 426 1538 quo
451 1449 615 1535 copiosius
635 1453 704 1536 agit
723 1453 783 1515 Ez.
800 1452 921 1537 Spanh.
936 1454 1018 1516 ‘Ort
1040 1457 1128 1518 Rom.
1147 1459 1194 1521 11.
1213 1456 1312 1540 2041.

74 1565 133 1627 341.
151 1563 244 1627 Talis
262 1563 360 1626 etiarn
382 1561 552 1640 Soaemus,
570 1555 647 1620 Rex
665 1557 857 1644 Armeniae,
874 1558 931 1646 qui
949 1584 967 1623 a
984 1561 1180 1647 Vologaeso
1200 1564 1312 1648 pulsus

76 1674 197 1736 Romam
215 1648 421 1754 confugerat,
436 1672 628 1749 mutatoque
642 1667 776 1729 nomine
792 1667 898 1731 dictus
913 1667 959 1732 Μ.
972 1669 1130 1735 Aurelius
1141 1671 1312 1756 Soaemus,

81 1777 252 1862 Consulque
268 1775 453 1840 ordinarius
465 1774 528 1837 fuit
536 1771 579 1837 A.
589 1773 631 1837 U.
648 1774 684 1837 C.
695 1793 854 1840 nccccxv.
866 1797 937 1838 cunr
949 1775 987 1838 L.
1001 1776 1139 1862 Papirio
1151 1779 1312 1844 Aeliano:

79 1887 160 1950 Phot.
178 1887 320 1948 ostoun.
344 1883 416 1946 Cod.
439 1883 559 1946 XCIV.
584 1881 721 1946 Reines.
746 1882 923 1945 Commod
946 1885 1045 1946 Inscr.
1061 1910 1093 1969 p.
1113 1886 1187 1950 219.
1211 1888 1312 1952 Mitto

78 1993 204 2057 Dionem
228 1991 392 2073 Cassium,
418 1989 655 2072 Polemonem,
680 1989 830 2074 aliosque
855 1989 1017 2054 Consules
1045 1996 1251 2080 peregrinos.
1271 1994 1312 2060 In

78 2103 175 2186 primis
197 2122 275 2164 vero
299 2103 375 2183 post
403 2097 670 2162 constitutionem
700 2096 790 2160 illam
816 2099 981 2162 Antonini
1008 2099 1200 2166 caracallae
1226 2103 1312 2166 adeo

79 2209 246 2292 promiscue
265 2205 307 2271 ad
327 2227 467 2268 summos
485 2205 629 2268 honores
647 2205 756 2266 evecti
778 2214 852 2268 sunt
869 2204 1023 2283 Romani,
1041 2206 1131 2292 Itali,
1147 2217 1182 2272 et
1194 2211 1314 2294 exteri,

79 2326 108 2379 ut
122 2338 162 2378 ne
178 2313 321 2380 barbaris
342 2313 476 2398 quidem
494 2335 532 2376 ac
551 2311 754 2398 peregrinis,
776 2312 832 2396 qui
852 2312 966 2374 orbem
983 2311 1168 2378 Romanum
1180 2317 1250 2400 jum
1270 2319 1312 2382 ab

80 2422 180 2507 aliquo
192 2433 339 2506 tempore
355 2419 620 2505 compleverant,
647 2419 697 2482 via
722 2419 763 2482 ad
782 2419 926 2482 honores
941 2420 1120 2488 interclusa
1135 2423 1314 2490 videretur.

80 2529 167 2593 Unde
182 2532 226 2594 uti
243 2530 352 2593 Roma
373 2525 540 2615 βαρβάρων
564 2531 749 2612 οἰκητήριον,
771 2527 977 2590 tartarorum
996 2531 1180 2596 domicilium
1195 2531 1316 2598 dicitur

83 2639 198 2701 Zosimo
211 2639 269 2700 IV.
286 2636 353 2699 59.:
373 2637 418 2699 ita
441 2658 507 2699 non
528 2637 643 2700 mirum
665 2642 733 2714 est,
754 2632 803 2696 ibi
826 2635 1014 2700 consulares
1038 2637 1143 2704 fasces
1165 2639 1314 2728 aliasque

88 2745 243 2829 dignitates
261 2745 391 2809 demum
416 2753 451 2808 et
475 2765 547 2808 cum
567 2743 715 2807 barbaris
740 2749 774 2804 et
795 2744 980 2826 peregrinis
1002 2766 1073 2808 esse
1094 2749 1315 2822 communica·

87 2862 135 2916 tas.
151 2855 263 2918 Nazar.
282 2853 314 2915 in
330 2853 493 2934 Panegyr.
513 2852 674 2914 Constant.
689 2851 776 2932 Aug.
795 2849 902 2912 dicto:
920 2852 1057 2916 Sensr'str'
1067 2857 1169 2918 Itomo
1179 2857 1316 2936 tantem,

87 2969 112 3022 ts
128 2983 216 3024 orcem
234 2964 368 3024 omnium
386 2963 528 3042 gentium
546 2967 578 3022 et
602 2967 763 3022 terrorum
784 2977 852 3018 osso
870 2960 1028 3038 reginam,
1046 2983 1141 3043 quum
1158 2985 1198 3026 eo
1218 2969 1316 3030 omni-

89 3068 138 3129 bus
155 3072 308 3150 provinciis
335 3072 498 3152 optimates
524 3071 606 3129 ortos
631 3071 740 3128 ours’oe
766 3073 841 3127 tuos
861 3067 1155 3146 pignoraverunt
1178 3072 1317 3135 Senatus

91 3175 204 3258 ‹tr'gm'tos
224 3198 287 3239 non
311 3181 450 3249 nomano,
474 3197 567 3256 quom
583 3195 631 3248 re,
654 3184 737 3237 osset
755 3175 916 3247 illustrior,
939 3193 1034 3254 quum
1058 3195 1098 3234 eo
1120 3182 1214 3239 totius
1235 3180 1318 3241 orbis

83 3283 153 3356 jlorc
166 3293 325 3346 constaret.
349 3282 513 3346 Aristides
534 3284 573 3345 de
589 3285 691 3344 Romo
701 3303 735 3363 p.
750 3280 822 3343 372.
842 3283 938 3356 Ξένος
957 3279 984 3342 ‹l'
1000 3278 1106 3358 οὐδεὶς,
1125 3276 1209 3356 ὅστις
1227 3285 1319 3370 ἀρχῆς
1432 3349 1436 3356 ,

91 3386 238 3469 intorsere
257 3389 343 3468 ἄξιος
364 3391 453 3477 ἀνήρ.
481 3391 680 3472 Peregrinus
705 3391 837 3450 habetur
864 3408 965 3460 nomo,
992 3393 1048 3470 qut
1071 3393 1120 3451 os'r
1140 3395 1182 3452 stt
1202 3391 1319 3473 ds'gnus

93 3502 255 3577 magistratu
281 3509 340 3561 aut
355 3501 436 3578 side.
464 3498 622 3583 Denique
648 3494 764 3559 Gluud.
786 3495 932 3559 Rutilius
955 3495 1144 3561 Numatian.
1169 3499 1317 3560 Its'neror.
1364 3546 1368 3556 ,

92 3602 144 3665 lo.
156 3607 178 3666 I.
192 3627 218 3668 o.
233 3605 283 3668 13.
297 3627 361 3689 sqq.
750 3595 751 3598 ¹

264 3715 437 3796 Rolls'gs'oso
447 3721 536 3794 potet
545 3716 737 3795 peregrinos
753 3717 843 3778 curio
858 3713 963 3784 laudis

304 3821 374 3883 Nec
386 3829 481 3902 putot
495 3829 651 3892 esternos,
667 3842 742 3902 quos
757 3821 846 3882 decet
859 3841 927 3882 esse
942 3840 1024 3881 suos.

268 3929 395 3990 Ordinis
410 3931 538 4010 impono
552 3931 805 4010 oollogorumque
811 3928 990 4005 fressentum
1091 3937 1092 3940 ’

306 4036 353 4096 Et
361 4046 488 4117 portem
503 4040 603 4117 genii,
621 4057 711 4118 quem
729 4043 931 4110 uenerantur,
943 4035 1065 4096 hubent.

89 4136 152 4203 Vid:
165 4142 338 4226 Spsnhem.
359 4145 431 4206 Oro.
445 4145 532 4206 Rom.
548 4145 589 4204 11.
605 4143 656 4205 20.
668 4164 702 4224 p.
715 4141 788 4206 344.
803 4163 848 4223 sq.

643 4312 671 4392 ς.
693 4310 744 4372 70.

457 4419 509 4472 Jus
527 4437 674 4479 sacrorum,
694 4426 748 4470 tum
762 4414 939 4486 publicorum.

157 4521 314 4586 Ultimum
337 4528 409 4584 esto
430 4536 490 4584 sus
514 4536 713 4601 sncnonuu,
733 4519 821 4602 quod
845 4528 879 4581 et
904 4518 1008 4600 ipsum
1028 4512 1158 4600 juribus
1182 4511 1324 4576 civitatis

159 4809 196 4852 Q
