3030 5160
207 375 280 444 474
429 347 438 354 '
567 312 1032 456 „Larisaeis

209 543 399 610 eorumdem
428 551 463 607 et
487 543 647 626 civitatis,
682 556 717 609 et
740 543 886 608 familiae
903 544 983 630 jura
1008 543 1293 629 adipiscebantur:
1325 541 1451 626 Ulpiani

209 655 339 734 Flagra.
366 652 437 717 VII.
455 652 486 716 4.
499 655 545 733 t).
574 641 668 716 Ade
691 651 856 717 Commeat.
881 661 980 718 nostr.
999 654 1043 714 ed
1069 651 1108 715 L.
1127 653 1190 714 Jel.
1212 661 1243 714 et
1263 653 1347 734 Papa
1363 654 1452 733 Popp.

208 763 250 824 II·
266 761 296 824 l·
308 783 340 843 pt
354 759 427 824 117·
807 763 809 766 .

797 877 827 956 s.
849 878 879 938 4.

525 982 531 992 ’
576 993 713 1050 Quomodo
730 991 840 1046 heredes
856 993 900 1046 rui
915 993 1105 1046 successerint?

292 1092 340 1155 Hi
357 1080 438 1176 ergo
455 1092 596 1155 heredes
621 1093 669 1157 sui
692 1114 806 1156 omnes
826 1093 960 1178 quidem
983 1072 1203 1158 hereditatem
1224 1091 1452 1176 partiebantur,

210 1199 268 1264 sed
284 1201 342 1283 ita,
359 1209 394 1264 ut
410 1199 471 1262 lilii
486 1198 643 1285 filiaeque
659 1201 693 1264 in
710 1202 819 1286 capita
826 1226 834 1278 3
849 1201 1044 1264 remotiores
1060 1203 1094 1264 in
1111 1187 1246 1286 stirpes,
1264 1201 1332 1263 hoc
1348 1208 1412 1280 est,
1425 1201 1451 1262 in

209 1309 311 1394 patris
337 1307 385 1370 sui
406 1308 516 1371 locum
543 1309 798 1395 portionemque
821 1303 1055 1375 succederent:
1082 1311 1110 1392 §.
1130 1309 1160 1372 6.
1177 1310 1255 1371 Inst.
1275 1311 1305 1370 h.
1329 1319 1350 1370 t.
1374 1308 1452 1393 (Gaj.
1505 1311 1506 1362 Ὗ

209 1419 272 1481 ΙΙΙ.
287 1416 378 1506 2⁴8.)
405 1416 478 1478 Nee
500 1415 602 1480 ullum
628 1419 717 1483 inter
738 1417 824 1482 lilios
850 1417 1001 1504 filiasque
1009 1465 1018 1502 ,
1040 1426 1181 1501 nepotes
1203 1423 1389 1502 neptesque
1411 1418 1452 1478 in-

210 1521 404 1590 tercedebat
423 1524 616 1607 discrimen,
633 1527 757 1612 quippe
780 1527 837 1612 qui
857 1527 972 1612 aequis
988 1525 1213 1611 portionibus,
1230 1525 1390 1610 nullaque
1405 1526 1450 1587 ha-

209 1633 279 1698 bita
299 1654 394 1696 sexus
409 1633 540 1696 ratione
557 1631 785 1698 defunctorum
807 1633 1010 1698 hereditates
1026 1634 1324 1718 consequebantur,
1341 1641 1377 1696 ut
1391 1655 1448 1694 eru·

212 1740 281 1806 dite
304 1741 404 1806 docet
425 1742 497 1806 Jac.
519 1742 716 1806 Perizonius
740 1744 825 1806 Dies.
849 1745 888 1806 de
913 1747 981 1826 lege
1001 1745 1111 1805 Vocon.
1129 1765 1162 1824 p.
1182 1739 1253 1804 133.
1273 1762 1319 1823 sq.
1341 1741 1387 1806 At
1404 1742 1445 1804 has

211 1850 345 1934 quidem
366 1851 561 1913 feminarum
584 1851 787 1940 hereditates
811 1850 942 1914 demum
966 1851 1111 1914 coitrcuit
1129 1849 1187 1912 lex
1202 1849 1373 1932 Voconia,
1395 1871 1446 1934 qua

211 1965 345 2042 praeter
361 1958 428 2021 alia
448 1959 557 2022 suerat
577 1968 725 2041 cautum,
741 1980 782 2021 ne
804 1959 928 2022 femina
949 1959 992 2021 ad
1016 1951 1115 2023 ullam
1138 1959 1363 2022 defunctorum
1384 1979 1445 2020 suc·

211 2066 392 2130 cessionem
414 2067 657 2131 admitteretur:
673 2068 869 2131 Perizonius
889 2069 908 2129 l.
927 2089 952 2128 c.
967 2089 1001 2149 p.
1013 2065 1085 2130 135.
1100 2067 1217 2151 anue
1236 2066 1297 2129 lex
1310 2067 1401 2130 etiam
1414 2063 1448 2128 ad
1505 2065 1506 2164 l

211 2174 351 2238 heredes
372 2195 444 2242 suas
466 2183 501 2240 et
524 2177 784 2262 consanguineas
805 2177 1011 2277 pertinebat,
1029 2173 1125 2257 adeo,
1147 2183 1184 2238 ut
1201 2195 1314 2261 neque
1337 2175 1447 2238 unicam
1505 2205 1506 2266 q

211 2283 311 2348 filiam
334 2283 490 2346 heredem
514 2283 686 2348 instituere
709 2284 843 2349 lice1·:et
866 2283 1069 2384 Augustinus
1092 2279 1131 2344 de
1151 2287 1231 2346 civit.
1253 2284 1321 2346 Der
1336 2285 1393 2346 ΙΙΙ.
1410 2282 1449 2344 21.
1505 2277 1506 2356 i

211 2395 278 2458 imo
295 2415 337 2457 ue
357 2393 436 2456 fidei
456 2393 589 2480 quidem
606 2395 808 2458 commissam
826 2393 1049 2458 hereditatem
1070 2391 1246 2460 Mituere
1263 2412 1296 2453 er
1287 2391 1449 2474 'feminae

212 2502 265 2564 cui
287 2501 452 2564 destinata
474 2507 544 2573 erat
565 2523 584 2562 a
610 2509 785 2564 testutzore
812 2501 930 2564 Cicero
955 2503 994 2563 de
1015 2501 1116 2562 matt.
1136 2501 1178 2561 ΙΙ.
1199 2499 1293 2582 17..§
1315 2500 1367 2561 55.
1394 2497 1449 2560 Nec

213 2609 300 2672 enim
323 2615 448 2670 tantum
471 2608 513 2670 ad
535 2615 733 2671 testamenta
752 2607 836 2670 haec
856 2607 914 2672 lex
936 2609 1125 2694 pertinebat
1133 2632 1142 2684 3
1164 2629 1277 2670 verum
1302 2608 1400 2674 etiam
1418 2607 1445 2671 ad

212 2713 415 2779 hereditates
439 2714 490 2777 ab
503 2715 680 2799 intestato,
696 2723 731 2779 ut
753 2715 942 2780 luculenter
962 2717 1050 2779 idem
1074 2715 1313 2779 demonstravit
1329 2717 1444 2781 Perizo-

212 2825 285 2888 nius
295 2847 328 2908 p.
344 2823 415 2886 105.
431 2844 476 2906 sq.
502 2823 600 2909 Hinc,
617 2845 714 2910 quum
733 2822 893 2908 Polybius
909 2827 1076 2906 Ercerptr's
1094 2825 1133 2886 de
1147 2827 1316 2888 vertutibus
1337 2835 1370 2888 et
1387 2829 1446 2888 vitrii
1505 2879 1506 2892 .

207 2912 331 3015 p.158.
354 2929 396 3018 [*
406 2953 448 2995 ex
467 2934 537 2995 erist.
556 2933 661 3002 Henr.
675 2933 805 2998 Valesii
824 2935 930 2995 Paris.
948 2932 1039 2994 1634.
1055 2931 1315 3024 4.]retulisset,
1340 2933 1506 3016 Scipio-1

164 3075 168 3080 ·
214 3062 288 3134 uem
304 3040 501 3106 Africanum
511 3039 732 3107 hereditatem
747 3051 813 3105 mat
816 3063 926 3105 ernam
949 3040 1135 3126 permisisse
1158 3041 1345 3126 sororibuS,
1358 3041 1446 3104 statim
1505 3035 1506 3042 '

214 3125 358 3233 addit,
339 3178 376 3233 ης
403 3153 462 3230 (sc.
480 3151 601 3232 οὐσίας)
626 3149 771 3217 οὐδὲν
734 3163 841 3226 αυταῖς
858 3153 992 3236 προσῆκε
1010 3145 1089 3213 aurci
1107 3148 1177 3224 τούς
1196 3146 1327 3232 adpone,
1345 3173 1381 3213 es
1398 3169 1446 3232 que

214 3261 291 3321 nibil
315 3259 388 3320 ed
374 3280 459 3340 epsas
480 3260 650 3320 secundum
673 3261 758 3340 leges
773 3260 961 3339 pertinebat.
984 3257 1052 3321 Ubi
1072 3278 1133 3342 per
1147 3260 1260 3340 νόμους
1280 3256 1412 3342 (leger)
1403 3275 1441 3315 m-

214 3365 401 3450 telligenda
422 3365 480 3428 lex
495 3365 657 3430 Voconia.
679 3367 732 3430 Ex
754 3387 820 3451 quo
841 3385 921 3428 vero
943 3362 1001 3426 lex
1022 3363 1082 3427 illa
1103 3365 1257 3428 Voconia
1273 3365 1446 3429 oblitterata

216 3482 266 3538 est
290 3494 351 3558 per
374 3473 577 3558 opulentiam
608 3474 750 3539 civitatis
776 3471 928 3554 (Gellius
949 3471 1054 3534 Noctt.
1077 3475 1145 3535 Aa.
1168 3473 1240 3534 XX.
1261 3474 1331 3554 l.):
1351 3469 1447 3536 mansit

216 3577 326 3647 tamen
341 3603 422 3659 moe,
436 3591 472 3646 ut
487 3583 629 3646 feminae
646 3583 688 3646 ad
698 3582 901 3646 hereditates
915 3579 1080 3664 legitimas
1096 3581 1211 3646 saltem
1228 3580 1316 3644 ultra
1332 3598 1447 3645 coman-

217 3690 352 3776 guineas
368 3712 434 3753 uon
455 3691 716 3755 admitterentur.
734 3690 836 3768 Quod
851 3689 1034 3753 institutum
1052 3710 1095 3751 ex
1109 3689 1239 3753 ratione
1254 3681 1343 3774 legis
1355 3689 1448 3752 Voce

215 3779 291 3864 niae
307 3797 436 3862 derivat
451 3797 575 3862 Paulus
588 3800 743 3862 Sententt.
757 3801 896 3880 Receptt.
912 3799 970 3859 IV.
985 3796 1015 3859 8.
1030 3797 1080 3859 12.
1095 3795 1142 3880 ¹¹).

285 4058 317 4124 g)
338 4057 399 4124 Gaj.
417 4056 467 4108 111.
484 4055 505 4124 ξ.
516 4061 549 4110 ,5.
565 4055 630 4108 Vid.
647 4071 730 4122 supra
747 4055 807 4110 Lib.
820 4057 842 4108 Ι.
857 4055 910 4110 Tit.
923 4057 971 4110 VI.
991 4057 1012 4123 t.
1025 4062 1050 4109 5.
1070 4059 1126 4108 not.
1142 4072 1165 4108 o.
1190 4051 1277 4106 Mitti·

284 4143 317 4209 h)
338 4143 410 4208 Lege
425 4140 549 4194 Voconia
566 4139 632 4193 nihil
656 4143 691 4194 de
708 4141 852 4195 mulierum
879 4141 1051 4195 successione
1076 4141 1110 4193 ab
1133 4141 1260 4192 intestato
1278 4143 1384 4190 cautum
1395 4147 1451 4190 esse,

217 4226 361 4293 Savignius
383 4227 480 4279 Comm.
498 4243 581 4294 supra
598 4228 634 4278 ad
650 4227 691 4280 II.
710 4232 750 4292 14,
769 4233 794 4280 2.
813 4229 920 4280 laudato
938 4226 1071 4293 probavit.
1085 4223 1181 4297 ‚Hauh
1206 4223 1282 4275 Idem
1300 4220 1345 4275 alii
1357 4231 1452 4288 quoque

217 4313 393 4365 ostenderunt
403 4311 557 4377 scriptores,
573 4328 689 4380 quorum
701 4311 739 4365 ibi
748 4313 912 4365 mentionem
925 4313 1047 4375 lecimus,
1060 4327 1142 4364 nemo
1152 4315 1242 4362 tamen
1254 4307 1348 4360 melius
1362 4301 1452 4357 Hessio

220 4398 263 4463 (iu
275 4397 345 4450 Mus.
361 4397 452 4449 ‘Rieu
465 4398 514 4449 Ill.
530 4413 558 4462 p.
574 4401 631 4451 183.
644 4399 718 4465 sqq.)
736 4397 837 4463 docuit,
855 4400 995 4466 quomodo
1007 4397 1210 4464 intelligendum
1225 4395 1269 4459 sit,
1282 4389 1352 4460 quod
1360 4387 1451 4440 Paulus

218 4481 292 4544 dicit,
310 4481 470 4534 Voconiaue
486 4480 591 4534 ratione
607 4497 668 4534 esse
685 4481 818 4548 effectum,
838 4488 942 4536 utnon
960 4487 1031 4537 ultre
1048 4481 1263 4548 consanguineas
1280 4476 1408 4532 foeminae
1422 4469 1451 4522 ed
1505 4427 1506 4518 4

218 4567 350 4633 legitimas
368 4567 529 4620 hereditates
547 4567 760 4624 admitterentur.
779 4569 865 4624 Meti.
