3080 5154
290 775 415 839 Vanus
429 773 489 839 illa
509 783 583 839 erat
598 783 690 839 actus
703 775 883 859 legitimus,
903 785 938 839 et
954 777 1032 840 binc
1051 775 1151 839 certis
1165 773 1322 842 adhibitis
1338 777 1470 841 formu-

207 883 249 947 lis
267 890 303 946 et
322 881 615 965 sollemnitatibus,
633 905 743 948 coram
764 905 806 948 eo
825 883 1035 969 magistratu,
1058 883 1146 969 apud
1170 907 1268 969 quem
1287 896 1360 949 erat
1378 885 1468 968 legis
1530 936 1531 962 ,

210 993 309 1072 actio,
326 989 535 1074 explicanda.
562 991 672 1069 Quum
692 1013 776 1056 vero
795 992 890 1079 leges
907 993 1044 1056 Romuli
1064 1015 1102 1057 ae
1122 994 1393 1057 Decemviromm
1414 1001 1470 1056 ter
1530 981 1531 1004 ¹

209 1099 433 1165 venumdandi
457 1099 545 1163 tilios
565 1108 766 1184 potestatem
784 1099 998 1164 indulsissent
1019 1104 1184 1186 patnbns,
1206 1100 1468 1186 statuissemque

210 1208 317 1290 simul,
330 1216 368 1270 nt
383 1206 516 1270 tertium
534 1209 747 1272 manumissus
762 1208 850 1272 filius
865 1209 1007 1295 suijuris
1020 1211 1124 1300 lieret·
1134 1213 1251 1294 (supra
1264 1211 1323 1272 itt.
1332 1209 1391 1270 IX.
1403 1208 1469 1291 6.):

211 1314 507 1381 commodissimum
532 1315 634 1378 visum
665 1325 716 1379 est
733 1315 913 1400 Romanis,
937 1319 1025 1380 trina
1047 1317 1243 1383 venditione
1269 1317 1470 1402 imaginaria
1531 1344 1532 1394 i

209 1426 335 1491 liberos
359 1445 378 1486 e
401 1431 569 1507 potestate
592 1423 725 1488 dimitti.
754 1424 863 1502 Quum
887 1447 969 1490 vero
992 1447 1106 1490 omnes
1126 1425 1337 1490 venditiones
1354 1447 1468 1488 rerum
1531 1399 1532 1446 ἶ

210 1533 353 1617 mancipi
368 1552 430 1616 per
444 1533 722 1616 mancipationem
745 1533 881 1616 fierent,
900 1534 935 1597 id
958 1543 1025 1617 cst,
1041 1534 1193 1598 adhibito
1211 1555 1289 1599 aesc
1309 1542 1345 1597 et
1363 1534 1469 1597 libra:

211 1641 279 1706 vid
302 1639 447 1704 AleandL
472 1648 507 1704 et
534 1640 719 1726 Schulting.
738 1643 786 1704 ad
803 1645 882 1724 cuja·
899 1644 978 1704 Im.
996 1644 1023 1704 'L
1041 1641 1072 1706 6.
1091 1641 1122 1706 8
1140 1667 1175 1725 p.
1188 1641 1241 1706 31.
1260 1666 1325 1726 sq.;
1348 1663 1468 1706 consc-

214 1771 319 1835 quens
334 1756 424 1830 erat,
438 1758 476 1812 ut
493 1758 529 1813 et
542 1749 604 1812 illa
622 1749 821 1831 liberorum,
843 1750 991 1834 quamvis
1011 1750 1222 1835 imaginaria,
1236 1750 1389 1816 venditio
1409 1771 1469 1813 eo·
1532 1752 1533 1788 ¹

183 1898 187 1903 -
213 1858 289 1924 dem
312 1857 381 1920 ritu
400 1856 506 1920 fieret.
525 1858 572 1921 Et
595 1857 675 1922 binc
694 1859 785 1922 dicta
805 1869 856 1922 est
869 1875 1113 1940 nuncnune,
1135 1858 1178 1922 de
1203 1861 1294 1945 cnjus
1312 1856 1470 1924 vocabuli

211 1989 271 2032 usn
292 1975 328 2030 ct
343 1965 586 2049 significatione
605 1965 918 2032 conserendiBarn.
936 1966 1080 2030 Brisson.
1097 1968 1138 2030 dc
1159 1968 1285 2032 Verbor.
1300 1967 1411 2051 siguff.
1435 1974 1470 2029 et

212 2076 267 2140 Jo.
282 2073 373 2140 Frid
388 2072 536 2138 Gronov.
553 2076 598 2138 ad
611 2074 721 2138 Senes,
737 2076 839 2158 Epsst.
857 2075 910 2140 45.
919 2098 954 2158 p.
967 2075 1021 2138 27.

802 2251 884 2334 §a

265 2367 490 2436 Βιεκιφιίίυώ
505 2368 601 2419 ceteris
618 2368 687 2420 ritu
702 2369 744 2436 d).
764 2367 856 2420 Testes
868 2377 1031 2436 praesentes.
1049 2365 1198 2436 strs‘pm.
1214 2368 1369 2420 Antestctus
1382 2367 1424 2434 θ).

299 2485 440 2563 Quoties
462 2507 544 2570 ergo
561 2486 663 2550 tiebat
689 2487 927 2570 emancipatio,
950 2487 1133 2551 adhibendi
1154 2495 1249 2551 erant
1269 2507 1336 2550 non
1361 2485 1469 2548 minus

216 2615 313 2680 quam
342 2594 490 2676 quinque
514 2600 616 2656 testes
640 2591 786 2658 Romani
808 2595 897 2658 cives
916 2598 965 2678 f),
990 2605 1024 2659 et
1043 2598 1206 2681 puberes,
1233 2602 1268 2657 et
1293 2602 1473 2679 praeterea

149 2774 153 2780 ,
216 2703 299 2768 alius
316 2702 463 2786 ejusdem
487 2701 705 2783 conditionis,
720 2703 777 2787 qui
794 2702 912 2768 libram
934 2711 1067 2768 teneret
1082 2726 1237 2786 aeneam,
1260 2702 1400 2766 undeet
1421 2720 1474 2764 ιι-

216 2825 358 2874 emenus
372 2807 614 2894 adpellabatur,
629 2830 692 2873 uec
709 2832 776 2874 non
792 2810 886 2894 alius,
908 2812 965 2896 qui
983 2827 1208 2876 summanus
1222 2811 1390 2875 audiebat.
1415 2811 1474 2874 Fit

218 2920 288 3003 ejus
307 2917 433 2979 mentio
459 2916 559 2979 etiam
581 2939 601 2980 a
621 2917 792 2983 Prisciano
810 2921 878 2981 Lib.
905 2921 994 2983 VIII.
1018 2919 1096 3006 [*c.
1114 2920 1167 3005 4]
1186 2921 1275 3003 upssd
1288 2919 1421 2981 Pntscls.
1440 2939 1473 3000 p.

216 3025 289 3088 792
305 3025 362 3087 ubi
380 3026 481 3088 verba
496 3025 602 3088 Livii:
624 3028 768 3109 hapsus
785 3045 962 3092 munimus
982 3050 1051 3092 esse
1071 3049 1134 3090 nou
1148 3037 1270 3110 potest,
1292 3047 1393 3108 neque
1409 3043 1474 3090 AN-

218 3149 381 3198 'rnsmls
402 3154 466 3197 nec
482 3156 549 3197 uon
565 3133 599 3198 in
618 3156 779 3198 marmore
802 3136 891 3222 apud
909 3136 1041 3201 Gmter.
1054 3159 1088 3219 p.
1107 3135 1298 3198 namt.
1316 3155 1348 3196 n.
1365 3134 1396 3196 L
1417 3133 1473 3196 nbi

218 3249 377 3324 narratur,
393 3239 606 3307 donationem
627 3252 662 3307 et
679 3245 956 3329 mancipationem
972 3246 1091 3310 tactam
1107 3259 1310 3307 mantuanos
1324 3257 1474 3304 casuum

219 3367 362 3429 unnsvo,
392 3366 596 3415 nuunsunuo
624 3368 793 3417 consumo
818 3371 972 3418 taurona.
1006 3355 1060 3416 Ex
1086 3371 1153 3436 quo
1179 3349 1294 3434 lapide
1321 3348 1472 3432 adparet,

101 3463 106 3470 '
220 3459 384 3523 diversum
397 3480 417 3521 a
428 3461 598 3540 conpone
608 3459 708 3523 finisse
722 3471 923 3525 antestatum.
935 3461 1046 3539 Quum
1060 3481 1142 3524 vero
1156 3474 1351 3523 nnunsunnt
1361 3455 1473 3538 fuerit,

220 3572 313 3632 tastis
334 3569 485 3630 cunculis
504 3570 640 3630 alterum
660 3579 769 3634 testem
791 3572 962 3640 advocare,
984 3578 1020 3631 et
1039 3569 1169 3633 dicere:
1184 3582 1360 3642 unnmo,
1381 3581 1474 3640 Quon

220 3693 265 3741 nu
282 3693 361 3738 unu
374 3692 412 3738 m
429 3691 510 3740 uns
525 3692 654 3740 caussa
674 3695 791 3742 ansus
808 3693 902 3742 mus:
918 3677 1037 3740 Horat
1055 3678 1155 3739 serni.
1176 3674 1251 3738 La.
1269 3693 1297 3736 v.
1310 3671 1364 3736 76.
1378 3679 1413 3734 ct
1428 3670 1475 3733 ibi

221 3783 335 3848 Acron
350 3791 386 3846 et
400 3782 562 3867 Porphyr.
577 3789 610 3846 in
629 3785 747 3860 δάιοι,
762 3785 856 3870 isque
868 3785 949 3847 ritus
964 3806 1033 3848 non
1051 3784 1156 3848 solum
1174 3783 1209 3845 in
1221 3783 1277 3867 jus
1295 3779 1475 3859 vocationi,

223 3893 281 3958 sed
305 3900 339 3955 et
359 3891 655 3974 mancipationibns
680 3894 860 3960 adcederet
874 3898 925 3974 ⁸)=
949 3913 1016 3955 non
1035 3895 1093 3956 abs
1114 3913 1167 3956 res
1189 3889 1395 3973 suspicantur
1414 3884 1477 3950 viri

222 4165 232 4172 -
295 4129 329 4195 d)
348 4129 548 4184 Untcrboluner
564 4147 620 4185 von
637 4131 690 4182 den
701 4130 819 4181 Formen
838 4128 886 4180 der
898 4127 1117 4195 Emancipation,
1134 4125 1163 4179 in
1175 4127 1202 4178 d
1215 4125 1379 4192 bibebas.
1391 4123 1478 4194 pesek.

226 4214 263 4266 R.
288 4215 328 4266 W.
349 4214 381 4266 T.
398 4215 438 4268 ΙΙ.
458 4218 507 4269 Nr.
528 4219 557 4270 V.
583 4214 672 4268 Haud.

293 4300 325 4366 e)
345 4300 488 4356 (lactem
505 4303 641 4370 genuinus
658 4298 745 4364 Gajns
762 4313 899 4367 nusquam
916 4299 1042 4352 meminit
1058 4299 1189 4352 salutati.
1216 4293 1303 4347 nfitt

302 4386 329 4449 l')
348 4385 390 4435 Ita
405 4385 490 4454 Gajus
502 4388 577 4453 apud
596 4385 693 4437 Boetb.
708 4384 851 4437 Commeat.
865 4386 901 4437 ad
918 4385 983 4452 Top.
999 4385 1053 4437 Cic.
1063 4390 1089 4438 5.
1101 4385 1150 4436 sed
1161 4389 1252 4434 tamen
1266 4385 1293 4431 et
1306 4381 1417 4434 latinos
1428 4379 1478 4430 Je-

226 4469 320 4521 ss'csos
330 4475 412 4522 testes
423 4471 529 4523 admitti
540 4469 725 4534 consuevisse,
736 4471 817 4522 docet
827 4470 936 4536 Ulpian.
948 4472 1058 4538 Frapm.
1073 4470 1145 4522 XX.
1156 4473 1182 4521 a
1199 4466 1280 4518 Heia.

297 4557 330 4624 g)
351 4556 431 4609 Certe
453 4553 535 4607 ctiam
560 4554 790 4620 intestamentis,
809 4571 880 4624 quae
898 4555 998 4609 fiebant
1015 4571 1077 4608 serc
1093 4560 1121 4608 ct
1138 4551 1378 4617 {amadutius
1394 4548 1477 4604 tuisse
