3062 5164
231 413 304 480 346
393 445 397 456 ·
421 353 425 360 ι
505 351 508 372 ¹
707 407 780 474 Lm.
807 407 850 474 ll.
875 405 955 475 Tm.
981 407 1006 474 1.

226 586 371 668 wllrcac
384 587 417 665 11)
423 629 433 659 ,
451 586 681 658 commitam,
699 593 734 647 et
754 605 839 668 qnae
856 585 921 648 κατ’
947 583 1057 668 ἐξοχὴν
1073 585 1193 646 meldim
1210 601 1283 646 eece
1299 581 1469 648 dicebatur.

191 776 193 780 Ι
220 693 398 757 -hereditao
413 692 540 776 jacens.

805 827 833 909 §.
856 825 906 890 13.

462 943 519 995 ller
537 960 685 996 communes
703 941 737 1013 (e.
756 945 902 996 communia
921 942 1047 1010 omnium)
1066 943 1109 994 uel
1120 941 1252 1012 publicae.

316 1044 508 1108 Communes
531 1046 734 1129 (omnium),
747 1046 914 1109 veteribus
934 1043 1042 1107 dictae
1060 1045 1159 1108 etium
1183 1059 1359 1122 Poenicum,
1375 1041 1470 1106 habe-

234 1154 363 1236 bantur,
387 1174 521 1237 quarum
547 1152 726 1217 dominium
752 1159 850 1217 nenio
879 1152 926 1216 ita
949 1161 1082 1237 poterat
1106 1173 1287 1237 occupare,
1307 1161 1343 1214 ut
1368 1149 1470 1212 exciu-

233 1262 328 1326 deret
348 1260 440 1324 alios.
463 1259 563 1323 Tales
580 1270 674 1325 erant
693 1283 764 1343 aer,
791 1285 877 1347 aqua
899 1261 1083 1345 profluens,
1103 1281 1193 1326 mare
1215 1262 1351 1345 ejusque
1373 1259 1469 1322 litora.

232 1369 332 1434 Unde
347 1368 467 1453 virgil.
483 1371 614 1432 Aeneid.
636 1369 704 1432 VII.
720 1393 746 1432 o.
761 1371 832 1434 229.
848 1391 892 1452 sq.

358 1513 398 1524 -
482 1505 523 1523 -·-
607 1513 648 1525 -
732 1515 752 1526 -
856 1481 992 1560 litusque
1013 1499 1162 1560 rogamus

357 1587 545 1657 Innocuam,
569 1593 601 1646 et
621 1593 738 1649 cuncus
761 1589 939 1668 undamque
960 1607 1133 1668 auramque
1149 1595 1319 1667 patentem.

233 1696 276 1756 Et
291 1692 451 1755 Prudent.
468 1693 536 1753 ado.
556 1693 773 1773 Symmachum
791 1697 832 1756 ΙΙ.
849 1717 875 1757 u.
890 1693 963 1756 798.

358 1817 454 1877 Nunc
476 1818 593 1878 aderrat
615 1820 730 1879 domini
748 1820 825 1880 elata
849 1839 981 1880 munera
1003 1803 1123 1899 legibue
1143 1818 1256 1889 isdem,

362 1925 457 2000 Queie
478 1943 623 1988 concessa
644 1928 754 1986 semel:
767 1926 846 2003 sorra
868 1929 1007 2007 liquitur,
1030 1929 1130 1986 amuis
1151 1926 1297 1995 inuadat.

363 2032 394 2094 V
391 2033 531 2093 eliuolum
552 2035 672 2096 ratibus
694 2055 783 2096 mere
793 2035 947 2112 finditur,
970 2036 1075 2110 influit
1095 2035 1200 2107 imber,

359 2142 453 2201 Aura
474 2143 556 2202 volat
578 2145 695 2212 lenum,
718 2151 883 2222 vegetatur
905 2143 1020 2204 mobilis
1043 2163 1108 2202 aer.

358 2249 403 2310 Et
424 2269 476 2309 reo
497 2257 616 2310 maturo
628 2249 677 2326 sit
696 2270 842 2312 nunnae
858 2259 1046 2333 promtoque
1067 2253 1198 2324 cunctae,

359 2357 444 2417 Dum
466 2366 594 2418 cervant
617 2359 767 2418 elerneata
789 2379 880 2420 cuum
892 2359 1091 2435 famulantia
1113 2375 1249 2416 curcum.

316 2480 410 2544 Idem
427 2478 677 2544 existimandum
695 2481 738 2543 de
754 2477 952 2562 fluminibus,
971 2481 1139 2564 portubus,
1153 2480 1244 2565 ripis,
1262 2499 1352 2565 quae
1369 2485 1401 2540 et
1416 2477 1469 2560 ipsa
1516 2469 1517 2551 i

236 2597 372 2651 eatenus
388 2589 572 2652 communia
587 2588 642 2652 vel
664 2590 798 2673 publica
811 2587 1034 2670 habebantur,
1053 2596 1089 2651 ut
1103 2588 1222 2652 liceret
1241 2588 1275 2651 in
1297 2588 1339 2651 iis
1360 2585 1467 2672 piscari,

235 2694 385 2778 adligare
400 2716 512 2776 naves,
534 2695 666 2780 aliaque
682 2697 868 2784 hujusmodi
880 2697 1000 2760 facere.
1020 2695 1089 2758 Sed
1106 2717 1147 2760 ea
1161 2697 1272 2760 omnia
1288 2695 1332 2761 de
1350 2692 1465 2758 innoxio

235 2827 294 2868 usu
314 2803 552 2887 intelligenda,
575 2826 684 2890 neque
708 2827 749 2868 eo
766 2804 980 2869 extendenda
1000 2814 1091 2887 sunt,
1108 2814 1145 2869 ut
1162 2805 1198 2868 in
1212 2825 1320 2886 mere,
1344 2801 1469 2876 flumina,

235 2922 359 2997 portus,
376 2910 500 2976 nullum
517 2915 615 2978 fuisse
631 2914 821 2998 Principum
838 2913 892 2978 vel
907 2912 1112 2997 reipublicae
1128 2912 1300 2997 imperium
1318 2912 1470 2975 existime

236 3043 314 3084 mus.
337 3019 416 3083 Alia
442 3023 553 3086 omnia
577 3023 755 3086 ostendunt
773 3022 976 3110 [Boeclerus
998 3020 1032 3083 in
1051 3022 1135 3083 Dice.
1150 3023 1254 3086 Minoe
1273 3026 1375 3083 marie
1395 3021 1470 3082 ‹lorri-
1515 3101 1516 3106 η

235 3151 306 3203 mus,
325 3125 380 3214 el]
398 3129 468 3193 lac.
488 3130 713 3195 Gothofredus
730 3133 864 3192 Dissert
883 3133 921 3193 de
939 3111 1066 3213 imperio
1084 3133 1195 3203 mario,
1216 3151 1302 3214 quae
1322 3150 1395 3192 cum
1414 3124 1469 3190 aliis

237 3237 306 3324 ejus
330 3238 495 3323 opusculis
505 3239 675 3326 juridicis,
697 3238 841 3324 politicis
849 3286 859 3321 ‚
882 3237 1062 3318 historiciS,
1082 3237 1202 3300 criticis
1224 3237 1355 3321 prodiit
1376 3237 1467 3296 Genea.

236 3345 328 3409 1654.
347 3348 377 3408 4.
399 3345 490 3412 Nota
508 3347 567 3411 illa
586 3346 731 3433 Oppiani
750 3344 1183 3426 Haiaemt.111.v.4.sq.ubi
1202 3353 1304 3429 poeta
1323 3343 1368 3408 ad
1381 3343 1466 3405 Anto-

237 3453 347 3517 ninum
368 3453 588 3519 Caracallum:

427 3601 452 3612 ·-
510 3602 533 3614 -
594 3571 668 3641 Σοῑς
689 3564 742 3646 μὲν
765 3562 819 3648 yolo
840 3561 901 3628 ind
924 3561 1105 3646 σκήπτροισι
1128 3560 1277 3626 θάλασσα

467 3673 606 3738 Eli-cicae
628 3675 680 3736 καὶ
701 3678 781 3754 φῦλα
804 3669 1022 3744 Ποσειδάωνος
1039 3668 1183 3734 ἐναύλων.

406 3801 451 3824 ‘—
510 3816 535 3827 -
598 3779 671 3842 luis
694 3784 774 3842 enim
796 3781 853 3842 oud
875 3783 1003 3861 sceptris
1024 3798 1112 3839 mare

474 3887 614 3950 Volvitur·
635 3897 666 3949 et
686 3909 801 3970 greges
823 3888 969 3968 Neptuni
987 3888 1176 3948 incolarum.¹

307 4097 340 4162 u)
362 4093 543 4147 Tribonianus
557 4095 645 4162 princ.
660 4095 726 4148 Imt.
740 4094 764 4147 lc
777 4103 794 4146 t.
815 4109 857 4146 res
876 4108 1034 4145 communes
1053 4107 1070 4144 a
1087 4089 1204 4156 publicis
1223 4090 1352 4157 sejungit
1372 4091 1474 4154 Quium

237 4186 359 4234 veterum
376 4181 630 4232 iureconsultorum
648 4180 803 4234 communia
821 4184 848 4231 et
866 4179 975 4244 publica
993 4191 1043 4243 pro
1061 4176 1159 4228 iisdem
1177 4175 1327 4239 habebunt,
1346 4184 1377 4229 ut
1396 4178 1436 4228 vel
1451 4189 1475 4224 ex

238 4265 381 4320 Marciano
399 4267 431 4318 L.
448 4271 472 4318 2.
485 4265 520 4318 D.
539 4266 571 4316 de
584 4267 687 4318 Rarum
707 4267 781 4318 diois.
798 4270 880 4330 patet,
895 4265 943 4317 ubi
961 4279 1004 4316 res
1018 4260 1142 4329 publicae
1153 4261 1324 4314 omittuntur.
1342 4262 1475 4330 Parique

239 4369 394 4420 quoscum
416 4358 520 4406 veteres
544 4368 587 4405 res
605 4365 762 4406 communes
784 4357 811 4403 et
828 4350 951 4416 publicae
975 4363 1105 4412 vomsse,
1123 4348 1272 4400 luculenter
1289 4348 1411 4400 ostendit
1427 4347 1476 4398 Gn.

238 4439 333 4492 Noodt
352 4438 489 4492 Probalil.
508 4438 531 4491 Ι.
549 4443 574 4491 7.
588 4457 619 4506 p.
641 4442 681 4490 10.
699 4454 736 4505 sq.
765 4437 864 4493 Liceat¹
881 4436 974 4502 itaque
990 4433 1050 4498 hic,
1067 4431 1116 4484 ubi
1136 4433 1323 4500 antiquitates
1346 4431 1475 4484 tradimus

237 4522 562 4590 inquinamentum,
581 4523 681 4575 sentire
698 4521 766 4573 alies
783 4538 845 4574 eum
864 4519 1034 4584 lastiniano,
1049 4519 1128 4586 cajus
1149 4518 1300 4571 docuinam
1318 4517 1384 4569 alibi
1403 4517 1475 4568 fusius

239 4614 323 4676 atque
340 4607 494 4660 adcuratius
513 4608 699 4674 exposuimus.
718 4607 799 4659 Heia.
817 4604 988 4660 Marcianum
1006 4621 1055 4658 m
1068 4619 1226 4658 commum
1244 4620 1260 4656 a
1275 4604 1357 4657 rebus
1375 4599 1475 4668 publicis
