3040 5164
287 383 342 452 Du
368 383 474 453 Senv.
501 385 609 455 ltusr.
636 387 760 472 Arous
785 387 876 456 Una.
903 389 1036 458 Panno.
1213 397 1285 462 365

42 560 272 644 jungebantur:
296 562 332 622 L.
350 559 402 622 99.
419 581 467 642 pr.
486 562 527 631 Ι).
550 563 589 624 de
610 563 724 646 Legat.
741 564 771 626 3.
793 565 828 626 L.
853 563 924 626 166.
941 586 993 646 pr.
1012 567 1052 626 D.
1072 565 1111 628 de
1131 565 1166 626 V.
1186 565 1218 626 S.
1241 565 1286 628 Et

46 667 150 729 Labeo
175 668 418 750 supellectilem
433 677 468 732 et
487 689 607 753 penum
622 675 775 733 rusticam
789 691 856 734 non
879 670 967 752 loco,
989 673 1046 736 sed
1068 693 1190 756 genere
1212 693 1285 736 usus

47 774 301 858 distinguendam
324 783 432 860 putata
453 777 491 838 L.
506 777 536 838 4.
552 778 581 858 §.
596 778 625 838 5.
641 778 683 840 D.
703 779 742 840 de
758 780 851 840 Pena
865 781 926 861 leg.
940 780 978 841 L.
994 780 1044 841 12.
1060 781 1101 842 D.
1116 781 1155 842 dc
1170 781 1285 862 Supell.

46 884 129 962 tegat.
151 881 224 946 lmo
241 865 276 946 et
293 893 418 966 vestes,
434 883 551 968 quibus
570 884 637 946 ruri
660 887 848 968 utebantur,
864 884 905 948 ab
928 907 987 949 usu
1002 892 1147 960 rusticas,
1169 887 1286 972 quibus

48 989 74 1050 in
88 987 180 1069 urbe,
194 991 333 1052 urbanos
349 997 483 1055 vocatas
500 1011 583 1073 esse,
601 1013 644 1054 ex
661 991 739 1055 loco
755 971 910 1076 elegante
927 994 1068 1058 Titinnii
1085 995 1287 1058 demonstrat

47 1095 158 1156 Merill.
179 1097 353 1160 Observata
369 1100 429 1164 III.
444 1100 473 1160 5.
496 1098 574 1161 Non
590 1118 671 1184 ergo
687 1107 779 1162 recte
795 1100 967 1164 discrimen
980 1102 1173 1166 servitutum
1189 1105 1287 1166 rusti-

48 1223 144 1266 corum
167 1203 432 1290 urbanorumque
455 1205 666 1290 praediorum
690 1184 931 1270 desumiturex
952 1209 990 1272 L.
1005 1210 1035 1273 3.
1056 1211 1096 1272 D.
1114 1211 1153 1271 de
1173 1211 1286 1272 Servii.

49 1311 93 1372 nbi
106 1310 231 1374 Paulus
253 1319 419 1376 serortutes
438 1315 641 1394 praecinerem
662 1317 742 1377 ah'as
764 1319 797 1376 in
818 1333 902 1388 sono,
926 1319 1005 1378 olias
1026 1321 1058 1377 r'rr
1073 1336 1287 1380 sannarum

49 1424 203 1482 consistere
227 1419 282 1482 ait.
305 1418 463 1496 Quamvis
485 1420 572 1484 enim
594 1421 630 1484 id
652 1441 764 1484 verum
788 1421 846 1502 sit,
869 1432 1068 1487 nontamen
1091 1423 1138 1487 ibi
1160 1423 1193 1486 id
1218 1425 1288 1508 agit

50 1525 302 1608 Jureconsultus‚
330 1534 365 1592 ut
386 1527 560 1592 discrimen
588 1529 778 1593 servitutum
804 1530 997 1593 rusticorum
1021 1532 1286 1616 urbanorumque

52 1635 245 1716 praediorum
264 1616 425 1698 ostendat.
447 1635 630 1698 Praeterea
644 1633 728 1698 illud
744 1636 918 1701 discrimen
933 1659 999 1701 non
1016 1638 1058 1700 ad
1073 1639 1210 1721 praedia
1226 1641 1289 1704 do-

53 1743 193 1806 minantia
204 1744 369 1826 pertinet,
385 1767 406 1808 a
420 1743 538 1827 quibus
561 1741 710 1826 alioquin
726 1744 899 1810 servitutes
915 1743 1077 1808 diversam
1093 1746 1288 1812 denomina-

30 1876 32 1880 ·
57 1849 158 1912 tionem
175 1851 368 1929 sortiuntur,
384 1850 441 1913 sed
465 1851 506 1914 ad
523 1849 710 1914 servientia.
726 1851 798 1914 lmo
810 1873 852 1914 ne
868 1851 1001 1936 probari
1018 1853 1150 1936 quidem
1167 1861 1286 1938 potest,

54 1958 209 2021 servitutes
231 1957 662 2042 urbanorumpraediorum
684 1966 808 2024 tautum
826 1960 859 2021 in
882 1960 1071 2042 superficie;
1093 1961 1287 2025 rusticorum

53 2073 161 2130 tanturn
190 2049 224 2128 in
248 2065 321 2129 solo
344 2065 535 2129 consistere.
558 2066 645 2130 Sane
667 2065 754 2128 enim
777 2065 939 2149 Ulpianus
962 2069 998 2132 L.
1021 2069 1071 2130 11.
1093 2069 1121 2148 §.
1137 2070 1166 2132 1.
1190 2071 1230 2130 D.
1250 2069 1288 2130 de

53 2173 157 2237 Public.
179 2177 212 2235 irs
236 2195 303 2236 rem
326 2180 445 2238 actibus
470 2174 659 2236 servitutem
679 2173 795 2236 urbani
817 2174 946 2256 praedii
966 2195 1037 2237 esse
1058 2175 1156 2256 dicit,
1178 2176 1205 2238 si
1228 2197 1289 2258 per

52 2280 169 2344 domurn
189 2282 260 2366 quis
281 2302 369 2345 suam
390 2303 502 2367 passus
526 2282 567 2344 sit
590 2263 831 2365 aquaeductum
854 2281 1036 2344 transduci:
1062 2290 1096 2344 et
1116 2303 1156 2344 ea
1177 2290 1288 2344 tamen

50 2389 179 2452 servitus
199 2389 232 2452 in
256 2388 329 2452 solo
351 2389 509 2453 consistit.
532 2389 657 2452 Contra
676 2387 702 2450 si
725 2390 797 2472 quis
812 2387 909 2452 horto
926 2387 1062 2452 olitorio
1079 2388 1213 2452 alterius
1230 2389 1290 2452 de-

51 2499 140 2560 beret
155 2497 341 2586 servitutem
365 2495 462 2561 altius
477 2517 544 2560 non
559 2496 719 2577 tollendi,
736 2516 776 2558 ea
790 2494 907 2580 procul
923 2495 1024 2560 dubio
1048 2497 1136 2560 foret
1151 2496 1289 2560 servitus

53 2604 167 2685 praedii
183 2604 306 2688 rustici,
325 2625 422 2688 quum
440 2611 549 2666 tamen
566 2605 723 2668 consistat
738 2603 772 2665 in
789 2603 972 2689 superficie,
985 2611 1021 2668 ut
1034 2613 1126 2668 recte
1144 2604 1289 2668 animad-

54 2713 138 2776 vertit
152 2711 277 2776 Merill.
298 2713 369 2774 Oba.
384 2713 409 2773 Ι.
422 2711 473 2774 32.
495 2711 570 2774 Nec
583 2713 685 2797 magis
707 2731 774 2774 rem
798 2710 953 2774 videntur
973 2733 1033 2775 acu
1049 2712 1216 2796 tetigisse,
1233 2712 1289 2797 qui

58 2811 175 2899 praedia
197 2820 320 2882 rustica
334 2839 447 2882 omnes
471 2820 589 2884 fundos
606 2828 640 2883 et
657 2839 766 2894 areas3
789 2818 915 2882 urbana
931 2821 1042 2884 omnia
1064 2820 1216 2884 aedilicia
1231 2841 1289 2882 ex·

56 2925 193 2990 intimant.
216 2943 355 2992 unarum
371 2928 456 2990 enim
475 2936 569 2992 erant
585 2937 620 2992 et
634 2927 734 2992 tundi
750 2926 929 3009 voluptatis
945 2947 1058 2992 caussa
1074 2927 1168 3009 culti,
1185 2927 1289 2991 veluti

56 3032 142 3116 horti,
157 3034 259 3098 modo
282 3055 395 3098 eorum
417 3035 556 3120 plurima
579 3055 652 3119 pars
675 3048 741 3098 non
765 3042 852 3098 esset
873 3032 907 3094 in
929 3033 1056 3116 reditu,
1079 3037 1193 3120 quales
1216 3043 1290 3100 sunt

57 3139 131 3204 horti
144 3144 284 3206 vinearii
300 3150 335 3206 et
356 3143 498 3206 olitorii:
514 3143 552 3203 L.
569 3143 639 3206 198.
655 3145 695 3204 D.
712 3145 752 3204 de
772 3143 806 3203 V.
823 3143 855 3204 S.
879 3150 912 3204 et
934 3142 1044 3203 omnia
1060 3143 1211 3206 aedificia
1231 3144 1291 3207 ha-

57 3249 193 3314 bitationi
218 3251 400 3331 destinata,
417 3251 544 3317 etiamsi
566 3252 600 3313 in
623 3250 711 3314 villis
737 3257 918 3313 exstructa:
940 3252 969 3331 §.
984 3250 1013 3312 1.
1028 3251 1106 3312 [nst.
1122 3251 1161 3311 de
1178 3250 1290 3312 Servat.

55 3356 83 3416 L.
96 3359 121 3419 1.
135 3361 177 3418 D.
196 3360 355 3419 Commeat.
370 3360 481 3438 praed.
498 3359 536 3420 L.
552 3356 622 3421 198.
639 3361 679 3419 Ι).
700 3359 738 3420 de
758 3357 883 3419 Verior.
905 3362 1010 3440 arguis.
1032 3359 1175 3422 Veteres
1196 3357 1291 3420 nimi-

53 3485 111 3526 rum
125 3466 238 3529 villam
254 3465 450 3550 plerumque
470 3467 503 3528 in
520 3474 586 3528 tres
609 3463 805 3528 dividebant
820 3473 947 3548 partes,
964 3488 1098 3550 quarum
1123 3487 1217 3530 unam
1236 3487 1291 3528 ur-

54 3572 166 3648 banam,
189 3573 326 3636 alteram
344 3576 503 3646 rouretum,
518 3575 648 3637 tertiam
658 3574 878 3651 fructuarium
895 3573 1118 3656 adpellabant.
1146 3575 1293 3636 Urbanas

54 3677 236 3745 dicebantur
257 3681 358 3744 aedes
381 3681 436 3744 vel
458 3681 689 3762 habitationis,
713 3679 768 3743 vel
788 3680 968 3762 voluptatis
992 3702 1104 3744 caussa
1125 3681 1290 3763 conditae,

54 3787 237 3874 ubicumque
254 3789 351 3865 sitae3
372 3793 510 3850 rusticae
525 3789 831 3873 complectebantur
847 3795 935 3850 tecta
957 3786 1068 3851 villico
1093 3797 1127 3852 et
1141 3789 1291 3872 reliquae

54 3893 197 3980 familiae,
213 3905 250 3960 ut
267 3905 300 3960 et
312 3897 465 3959 armentis
482 3905 516 3959 et
528 3897 620 3982 equis
643 3895 823 3960 destinata:
830 3895 1036 3971 fructuariae
1052 3895 1196 3979 deniqne
1213 3917 1292 3958 con-

57 4005 169 4068 stabant
184 4005 313 4068 horreis
331 4014 364 4068 et
381 4003 487 4086 cellis,
508 4005 625 4088 quibus
649 3993 792 4067 omnium
816 4022 973 4088 generum
993 4002 1115 4066 fructus
1131 4001 1292 4065 reconde-

55 4105 175 4174 bantur:
200 4113 310 4176 Varro
333 4115 372 4173 de
393 4131 429 4172 re
451 4123 531 4174 rust.
556 4112 594 4173 L.
618 4113 643 4174 L
665 4133 691 4172 c.
710 4110 759 4173 13.
783 4108 970 4172 Columella
991 4112 1030 4172 de
1052 4133 1088 4172 re
1112 4119 1191 4172 rust.
1214 4110 1291 4192 [¹6.

52 4212 209 4282 Urbanum
225 4219 260 4282 in
276 4219 364 4283 villis
381 4219 565 4296 aedificium
582 4219 680 4282 etiam
697 4217 898 4302 praetorium
916 4217 1035 4278 dicitur
1050 4217 1138 4300 apud
1162 4216 1292 4280 Pallad.
1370 4219 1373 4226 “

52 4321 112 4384 18.
130 4325 265 4390 Sueton.
285 4327 384 4409 Calr‘g.
401 4349 425 4389 c.
438 4327 488 4390 37.
504 4328 542 4388 L.
557 4327 586 4389 2.
606 4329 643 4388 Ι).
660 4327 698 4387 de
712 4327 800 4387 Serv.
815 4325 926 4406 praed.
943 4329 1049 4386 rustic.
1064 4325 1100 4386 L.
1116 4323 1187 4386 198.
1200 4327 1241 4386 Ι).
1255 4327 1293 4386 de

55 4428 136 4492 Vero.
154 4437 258 4515 sr'gnff.
280 4425 324 4496 Et
343 4456 443 4504 exeo
461 4434 531 4518 jam
554 4434 630 4496 satis
646 4431 852 4495 manifestum
878 4437 944 4510 est,
962 4431 1113 4496 aedilicia
1136 4432 1234 4496 etiam
1251 4435 1291 4496 ab
1410 4469 1413 4476 =

52 4555 101 4598 usu
118 4539 149 4602 in
167 4540 301 4623 praedia
318 4546 437 4602 rustica
453 4563 490 4604 ac
506 4543 628 4604 sardana
645 4539 748 4602 dividi
764 4539 862 4603 solita
879 4560 959 4600 esse.
