3030 5160
278 393 334 463 lla
358 393 577 464 Frumeormr.
603 393 775 465 Urrrsns.
799 394 855 464 Er
878 393 1021 467 &naum
1047 407 1115 468 etc.
1214 395 1222 406 '
1255 405 1324 474 ddi

64 571 229 657 exempla
244 571 420 655 probitatis
436 578 471 634 et
485 570 646 654 perfidiae
668 569 903 656 fluctuaverat,
918 579 954 636 et
969 573 1125 659 exemplo
1151 583 1186 640 et
1205 576 1330 640 severi-

63 688 141 744 tate
154 679 319 744 stabilivit
329 678 507 764 Augustus.
529 679 583 743 De
600 699 666 763 quo
681 677 755 763 ipse
768 680 954 764 Imperator
966 693 1080 746 noster
1096 683 1125 764 §.
1141 682 1170 744 l.
1183 685 1260 746 Imt.
1268 686 1298 746 b.
1306 694 1328 748 t.

64 789 193 850 Postea
211 787 252 848 D.
269 789 439 870 Augustrts
454 789 575 870 minus
595 789 692 848 semel
708 793 893 870 uterumque,
912 793 1020 870 ςναιία
1036 809 1247 871 personarum
1265 813 1329 856 mc·

64 905 130 968 tus,
151 897 207 958 ael
225 896 261 956 ab
276 897 429 976 insignem
444 894 649 975 quorumdam
659 897 941 977 perfidrbm‚jauit
961 898 1144 960 Concubitus
1160 903 1330 962 auctorita·
1428 971 1431 979 1

64 1013 131 1068 tem
153 1023 248 1066 suana
267 1006 472 1084 detumuere.
498 1001 589 1077 Quod
606 1005 680 1081 quia
696 1004 822 1083 justum
838 1004 1011 1077 uidebatur,
1028 1013 1061 1066 et
1077 1009 1234 1088 populare
1250 1015 1330 1083 erat,

60 1114 241 1193 paullatim
258 1129 440 1174 ammarum
457 1117 506 1172 est
521 1113 554 1172 ὄπ
574 1109 741 1172 adsiduam
752 1111 1019 1191 jurisdictionem,
1037 1121 1206 1194 manesque
1223 1135 1331 1178 eorum

57 1220 166 1297 savar
179 1218 292 1296 sactus
316 1227 380 1291 est,
404 1225 439 1280 ut
456 1217 623 1298 paullatim
646 1220 739 1278 etiam
762 1218 900 1280 Praetor
915 1221 1065 1300 proprs'us
1085 1226 1334 1304 crematumque·

66 1329 105 1390 de
130 1326 384 1409 fideicmmm‘ssis
400 1326 460 1407 jur
485 1325 617 1397 deberet,
643 1343 733 1404 quem
761 1333 1133 1390 rrnrreonurssmrau
1160 1329 1330 1409 adpellant.

65 1435 123 1498 Ex
151 1433 217 1496 boc
240 1453 322 1516 ergo
343 1432 420 1496 loco
443 1437 536 1515 patet
550 1431 576 1494 I.
595 1431 734 1514 primum
753 1431 938 1516 Augustum
961 1432 1041 1496 fidei
1060 1453 1138 1498 suae
1160 1435 1332 1500 commissa

67 1542 281 1626 praestitisse
305 1541 412 1624 gratia
434 1559 647 1624 personarum
670 1545 802 1602 motum.
825 1539 994 1604 Personae
1010 1563 1090 1606 vero
1112 1539 1192 1606 illae
1215 1543 1331 1626 procul

70 1650 181 1714 dubio
199 1649 332 1712 fuerunt
346 1648 385 1711 L.
405 1645 584 1728 Lentulus,
600 1655 635 1710 et
650 1645 719 1730 ejus
734 1647 830 1710 heres
845 1647 1172 1714 fideicommissarius.
1194 1650 1279 1714 Nam
1294 1673 1332 1714 ea

69 1763 160 1822 s‘llr‘us
178 1777 317 1840 persana
337 1759 431 1818 etiam
446 1755 688 1837 fideicommissa
707 1760 841 1836 cccps'ese
858 1735 1025 1820 dicuntur:
1044 1778 1097 1838 pr.
1115 1757 1192 1820 Inst.
1212 1759 1252 1820 de
1273 1759 1332 1821 Co·

71 1868 169 1930 dr‘cs‘ll.
193 1863 357 1928 Discimus
378 1861 501 1950 deiude
522 1861 567 1926 11.
584 1861 769 1946 Augustum
794 1864 963 1947 negotium
985 1864 1114 1930 dedisse
1132 1863 1331 1931 Consulibus

71 1971 306 2059 cognoscendi
323 1970 366 2035 de
382 1968 651 2050 fideicommissis,
664 1969 917 2055 nominatosque
936 1969 1077 2036 heredes
1094 1971 1138 2036 ad
1154 1973 1332 2038 restituen-

71 2084 136 2148 das
157 2081 362 2146 hereditates
389 2075 622 2162 compellendi.
653 2076 750 2154 Quae
765 2077 953 2162 jurisdictio
974 2076 1065 2142 Coss.
1086 2085 1211 2144 tantum
1237 2080 1332 2144 dele·

74 2197 161 2274 gata
175 2197 244 2253 erat
256 2212 275 2252 a
286 2187 454 2270 Principe,
465 2206 527 2248 nec
541 2185 583 2250 ad
597 2184 783 2269 provincias
798 2183 999 2269 pertinebat,
1010 2186 1067 2272 ubi
1079 2187 1333 2254 'fideicommissa

74 2297 355 2382 exsequutionem
376 2294 501 2358 nullam
523 2292 711 2372 habebant,
727 2297 902 2374 autequam
927 2291 1084 2356 Claudius
1103 2293 1138 2356 id
1160 2298 1330 2379 negotium

73 2406 292 2471 Praesidibus
311 2403 419 2467 daret:
435 2401 612 2466 Suetonius
631 2399 741 2462 Claud.
757 2420 782 2460 c.
795 2398 847 2462 23.
869 2399 1052 2464 Praeterea
1068 2422 1111 2463 ex
1126 2421 1168 2464 eo
1183 2401 1260 2467 loco
1281 2403 1333 2468 in-

73 2515 261 2600 telligimus
276 2513 339 2576 111.
350 2512 543 2576 Praetorem
559 2506 893 2586 fideicommissarium
909 2511 938 2588 ⁰)
955 2507 1033 2570 ideo
1047 2516 1164 2594 postea
1175 2518 1332 2595 creatum,
1418 2489 1421 2496 ¹

74 2632 112 2688 ut
134 2629 233 2687 tanto
255 2618 439 2686 adcuratius
463 2618 505 2680 dc
528 2614 785 2679 fideicommissis
800 2614 856 2698 jus
879 2615 1053 2679 diceretur.
1074 2616 1115 2681 In
1136 2639 1202 2701 quo
1220 2629 1331 2682 tamen
1431 2683 1434 2690 Δ

75 2729 192 2795 nescio
209 2751 250 2792 an
264 2729 450 2812 Imperator
464 2721 605 2788 fallatur.
622 2723 761 2787 Constat
777 2724 864 2786 enim
879 2723 985 2808 primo
998 2745 1040 2786 ex
1056 2724 1207 2789 Suetonii
1221 2727 1332 2789 Claud.

75 2863 101 2903 c.
115 2838 170 2902 23.
187 2835 361 2901 Claudium
376 2836 614 2924 Imperatorem
630 2852 697 2894 non
714 2850 823 2912 unum,
838 2831 896 2894 scd
912 2830 993 2894 duos
1009 2833 1215 2897 constituisse
1227 2834 1333 2896 Prae·

73 2956 168 3012 tores
184 2941 519 3022 fideicommissarios,
539 2939 595 3023 qui
611 2945 883 3022 praetermorem
909 2959 976 3000 non
992 2938 1108 3004 darent
1124 2941 1256 3026 judices
1271 2962 1332 3026 pe-

77 3055 215 3135 daneos,
236 3052 293 3116 sed
310 3053 371 3137 ipsi
389 3053 639 3135 cognoscerent,
648 3042 690 3110 ‘et
706 3048 831 3111 ferrent
846 3046 1036 3124 sententias,
1052 3050 1198 3132 quamvis
1214 3059 1331 3134 postea

77 3184 177 3226 unum
194 3161 309 3224 horum
325 3161 521 3224 Praetorum
534 3154 717 3220 detraxerit
733 3155 911 3240 Trajanus:
926 3155 964 3218 1..
979 3155 1008 3217 2.
1024 3157 1052 3240 §
1068 3155 1118 3219 32.
1135 3159 1175 3218 Ι).
1189 3160 1227 3220 da
1243 3160 1331 3242 Orr'g.

68 3275 140 3354 jur.
163 3269 298 3333 Deinde
320 3279 353 3331 et
376 3266 563 3332 constitutis
579 3265 650 3349 jam
665 3264 878 3327 Praetoribus
899 3262 1224 3346 fideicommissariis,
1241 3263 1332 3328 Cou-

76 3377 167 3442 sules
195 3385 443 3440 concurrentem
469 3371 735 3458 jurisdictionem
769 3393 840 3435 cum
873 3372 912 3436 iis
942 3373 1161 3436 exercebantr
1193 3371 1331 3458 Ulpiani

76 3489 212 3568 magns.
228 3486 333 3547 XXV.
349 3483 398 3546 12.
414 3483 460 3546 ita
476 3480 678 3566 quidem,'ut
691 3478 778 3561 apud
794 3479 953 3543 Consules
974 3480 1016 3543 dc
1031 3479 1227 3565 majoribus,
1243 3477 1331 3563 apud

77 3594 258 3658 Praetores
281 3587 600 3656 fideicommissarios
621 3585 662 3647 de
680 3587 858 3650 minoribus
880 3587 1009 3650 summis
1032 3597 1200 3672 ageretur:
1225 3587 1331 3665 Quin·
1396 3577 1402 3598 “

79 3702 234 3766 ctilianus
251 3701 341 3762 Instt.
361 3700 462 3760 Orati.
479 3698 538 3758 III.
553 3696 583 3760 6.
610 3695 660 3759 Cf.
677 3694 828 3779 Cujacius
849 3697 1020 3758 Observata.
1036 3697 1125 3757 XXI.
1140 3694 1192 3758 34.
1214 3672 1346 3759 Meril?

77 3810 142 3874 lius
163 3805 476 3871 asservamus.
497 3804 568 3868 Imo
585 3824 827 3888 nonnumquam
848 3803 912 3887 ipsi
932 3803 1153 3888 Imperatores
1173 3802 1215 3866 de
1235 3785 1332 3867 fidei-

80 3917 260 3982 commissis
276 3911 536 3997 cognoscebant:
553 3911 652 3996 quale
669 3908 807 3994 quid-dc
820 3909 1002 3973 Commodo
1013 3911 1217 3995 Imperatore
1228 3909 1332 3975 refert

79 4025 285 4112 Papinianus
300 4023 337 4084 J..
351 4021 403 4084 26.
419 4022 460 4081 1).
476 4020 514 4094 de
531 4019 660 4080 Probat.

150 4281 181 4347 e)
202 4227 324 4330 Vocatur
342 4280 370 4328 et
388 4289 427 4328 ra
451 4288 485 4325 or.
509 4284 590 4325 aruer.
608 4283 733 4323 couurss.
757 4269 787 4324 in
811 4269 920 4324 Grutcri
938 4270 1073 4338 Inrumpit.
1095 4287 1125 4338 p.
1146 4269 1332 4327 CCCXCIII.

78 4383 104 4419 n.
122 4370 149 4419 6.
169 4363 250 4416 Heia.
270 4363 310 4414 cf.
330 4360 391 4427 st.
412 4359 448 4412 ΙΙ.
461 4358 483 4426 §.
495 4361 555 4411 278.
574 4353 661 4410 Mitt.
