<?xml version="1.0" encoding="UTF-8"?>
<!DOCTYPE html PUBLIC "-//W3C//DTD XHTML 1.0 Transitional//EN"
    "http://www.w3.org/TR/xhtml1/DTD/xhtml1-transitional.dtd">
<html xmlns="http://www.w3.org/1999/xhtml" xml:lang="en" lang="en">
 <head>
  <title>
</title>
<meta http-equiv="Content-Type" content="text/html;charset=utf-8" />
  <meta name='ocr-system' content='tesseract 3.04.00' />
  <meta name='ocr-capabilities' content='ocr_page ocr_carea ocr_par ocr_line ocrx_word'/>
</head>
<body>
  <div class='ocr_page' id='page_1' title='image "./jogottliebheine00haubgoog_0269.png"; bbox 0 0 3062 5156; ppageno 0'>
   <div class='ocr_carea' id='block_1_1' title="bbox 221 402 1096 482">
    <p class='ocr_par' dir='ltr' id='par_1_1' title="bbox 221 402 1096 482">
     <span class='ocr_line' id='line_1_1' title="bbox 221 402 1096 482; baseline -0.017 1"><span class='ocrx_word' id='word_1_1' title='bbox 221 417 294 482; x_wconf 77' lang='lat'>228</span> <span class='ocrx_word' id='word_1_2' title='bbox 598 407 781 472; x_wconf 79' lang='lat' dir='ltr'>Arearum</span> <span class='ocrx_word' id='word_1_3' title='bbox 806 404 882 470; x_wconf 87' lang='lat' dir='ltr'>Lm.</span> <span class='ocrx_word' id='word_1_4' title='bbox 902 403 931 470; x_wconf 89' lang='lat'><strong>1.</strong></span> <span class='ocrx_word' id='word_1_5' title='bbox 956 402 1043 471; x_wconf 79' lang='lat' dir='ltr'>Car.</span> <span class='ocrx_word' id='word_1_6' title='bbox 1070 403 1096 469; x_wconf 94' lang='grc'>1.</span> 
     </span>
    </p>
   </div>
   <div class='ocr_carea' id='block_1_2' title="bbox 180 579 1479 1822">
    <p class='ocr_par' dir='ltr' id='par_1_2' title="bbox 227 579 1479 846">
     <span class='ocr_line' id='line_1_2' title="bbox 806 579 887 660; baseline -0.037 -19"><span class='ocrx_word' id='word_1_7' title='bbox 806 581 836 660; x_wconf 56' lang='grc'><strong>9</strong></span> <span class='ocrx_word' id='word_1_8' title='bbox 856 579 887 641; x_wconf 87' lang='grc'>8.</span> 
     </span>
     <span class='ocr_line' id='line_1_3' title="bbox 227 695 1479 768; baseline -0.004 -15"><span class='ocrx_word' id='word_1_9' title='bbox 227 699 362 754; x_wconf 68' lang='lat' dir='ltr'>annom</span> <span class='ocrx_word' id='word_1_10' title='bbox 386 695 684 768; x_wconf 74' lang='lat' dir='ltr'>qnoque‘ianpetnbcxt</span> <span class='ocrx_word' id='word_1_11' title='bbox 706 696 851 755; x_wconf 52' lang='lat' dir='ltr'>Lutiniar&#39;</span> <span class='ocrx_word' id='word_1_12' title='bbox 874 695 984 762; x_wconf 71' lang='lat' dir='ltr'>stirpen</span> <span class='ocrx_word' id='word_1_13' title='bbox 1007 695 1083 746; x_wconf 74' lang='lat' dir='ltr'>dorsi</span> <span class='ocrx_word' id='word_1_14' title='bbox 1097 695 1277 762; x_wconf 74' lang='lat' dir='ltr'>reliqm&#39;raeat,</span> <span class='ocrx_word' id='word_1_15' title='bbox 1296 705 1344 748; x_wconf 78' lang='lat' dir='ltr'>cut</span> <span class='ocrx_word' id='word_1_16' title='bbox 1368 696 1479 765; x_wconf 72' lang='lat' dir='ltr'>aliquem</span> 
     </span>
     <span class='ocr_line' id='line_1_4' title="bbox 645 779 1048 846; baseline -0.002 -14"><span class='ocrx_word' id='word_1_17' title='bbox 645 781 814 832; x_wconf 58' lang='lat' dir='ltr'>ammaum</span> <span class='ocrx_word' id='word_1_18' title='bbox 831 779 1048 846; x_wconf 64' lang='lat' dir='ltr'>apstrudam.</span> 
     </span>
    </p>

    <p class='ocr_par' dir='ltr' id='par_1_3' title="bbox 306 878 1479 965">
     <span class='ocr_line' id='line_1_5' title="bbox 306 878 1479 965; baseline -0.003 -19"><span class='ocrx_word' id='word_1_19' title='bbox 306 882 487 946; x_wconf 89' lang='lat' dir='ltr'>Postremis</span> <span class='ocrx_word' id='word_1_20' title='bbox 504 880 710 965; x_wconf 90' lang='lat' dir='ltr'>reipublicae</span> <span class='ocrx_word' id='word_1_21' title='bbox 731 879 937 962; x_wconf 86' lang='lat' dir='ltr'><strong>temporibus</strong></span> <span class='ocrx_word' id='word_1_22' title='bbox 951 878 1050 942; x_wconf 87' lang='lat' dir='ltr'>latius</span> <span class='ocrx_word' id='word_1_23' title='bbox 1067 879 1239 962; x_wconf 83' lang='lat' dir='ltr'><strong>paullatim</strong></span> <span class='ocrx_word' id='word_1_24' title='bbox 1257 881 1415 944; x_wconf 82' lang='lat' dir='ltr'>diffusum</span> <span class='ocrx_word' id='word_1_25' title='bbox 1434 887 1479 942; x_wconf 90' lang='lat' dir='ltr'>est</span> 
     </span>
    </p>

    <p class='ocr_par' dir='ltr' id='par_1_4' title="bbox 180 985 1479 1822">
     <span class='ocr_line' id='line_1_6' title="bbox 180 985 1479 1072; baseline -0.005 -16"><span class='ocrx_word' id='word_1_26' title='bbox 180 1012 184 1020; x_wconf 91' lang='grc'>’</span> <span class='ocrx_word' id='word_1_27' title='bbox 223 992 306 1056; x_wconf 93' lang='lat' dir='ltr'>illud</span> <span class='ocrx_word' id='word_1_28' title='bbox 330 989 504 1054; x_wconf 81' lang='lat' dir='ltr'><strong>Romanae</strong></span> <span class='ocrx_word' id='word_1_29' title='bbox 527 988 670 1052; x_wconf 87' lang='lat' dir='ltr'>civitatis</span> <span class='ocrx_word' id='word_1_30' title='bbox 692 987 900 1072; x_wconf 79' lang='lat' dir='ltr'>beneficium.</span> <span class='ocrx_word' id='word_1_31' title='bbox 923 985 1032 1062; x_wconf 83' lang='lat' dir='ltr'>Quum</span> <span class='ocrx_word' id='word_1_32' title='bbox 1056 987 1142 1050; x_wconf 89' lang='lat' dir='ltr'>enim</span> <span class='ocrx_word' id='word_1_33' title='bbox 1164 987 1280 1070; x_wconf 91' lang='lat' dir='ltr'>paullo</span> <span class='ocrx_word' id='word_1_34' title='bbox 1301 997 1383 1052; x_wconf 89' lang='lat' dir='ltr'>ante</span> <span class='ocrx_word' id='word_1_35' title='bbox 1409 986 1479 1070; x_wconf 90' lang='lat' dir='ltr'>qui·</span> 
     </span>
     <span class='ocr_line' id='line_1_7' title="bbox 224 1093 1479 1178; baseline -0.004 -18"><span class='ocrx_word' id='word_1_36' title='bbox 224 1098 361 1162; x_wconf 89' lang='lat' dir='ltr'>busdam</span> <span class='ocrx_word' id='word_1_37' title='bbox 387 1102 513 1160; x_wconf 90' lang='lat' dir='ltr'>tantum</span> <span class='ocrx_word' id='word_1_38' title='bbox 540 1096 629 1161; x_wconf 88' lang='lat' dir='ltr'>Latii</span> <span class='ocrx_word' id='word_1_39' title='bbox 649 1097 784 1159; x_wconf 84' lang='lat' dir='ltr'>urbibus</span> <span class='ocrx_word' id='word_1_40' title='bbox 803 1095 860 1178; x_wconf 86' lang='lat' dir='ltr'>jus</span> <span class='ocrx_word' id='word_1_41' title='bbox 885 1094 1030 1158; x_wconf 82' lang='lat' dir='ltr'>civitatis</span> <span class='ocrx_word' id='word_1_42' title='bbox 1047 1093 1221 1158; x_wconf 83' lang='lat' dir='ltr'>Romanae</span> <span class='ocrx_word' id='word_1_43' title='bbox 1239 1095 1357 1158; x_wconf 90' lang='lat' dir='ltr'>summi</span> <span class='ocrx_word' id='word_1_44' title='bbox 1377 1095 1479 1156; x_wconf 91' lang='lat' dir='ltr'>bene-</span> 
     </span>
     <span class='ocr_line' id='line_1_8' title="bbox 223 1200 1478 1282; baseline -0.006 -14"><span class='ocrx_word' id='word_1_45' title='bbox 223 1205 291 1269; x_wconf 89' lang='lat' dir='ltr'>ficii</span> <span class='ocrx_word' id='word_1_46' title='bbox 309 1203 385 1266; x_wconf 94' lang='lat' dir='ltr'>loco</span> <span class='ocrx_word' id='word_1_47' title='bbox 408 1201 662 1266; x_wconf 81' lang='lat' dir='ltr'>concederetur:</span> <span class='ocrx_word' id='word_1_48' title='bbox 684 1200 755 1267; x_wconf 90' lang='lat' dir='ltr'>lata</span> <span class='ocrx_word' id='word_1_49' title='bbox 779 1201 902 1264; x_wconf 88' lang='lat' dir='ltr'>deinde</span> <span class='ocrx_word' id='word_1_50' title='bbox 925 1201 984 1264; x_wconf 85' lang='lat' dir='ltr'>lex</span> <span class='ocrx_word' id='word_1_51' title='bbox 1006 1209 1074 1282; x_wconf 87' lang='lat' dir='ltr'>est,</span> <span class='ocrx_word' id='word_1_52' title='bbox 1099 1209 1136 1264; x_wconf 93' lang='lat' dir='ltr'>ut</span> <span class='ocrx_word' id='word_1_53' title='bbox 1155 1221 1174 1262; x_wconf 89' lang='lat' dir='ltr'>e</span> <span class='ocrx_word' id='word_1_54' title='bbox 1194 1203 1292 1266; x_wconf 87' lang='lat' dir='ltr'>sociis</span> <span class='ocrx_word' id='word_1_55' title='bbox 1310 1224 1351 1264; x_wconf 85' lang='lat' dir='ltr'>ac</span> <span class='ocrx_word' id='word_1_56' title='bbox 1369 1201 1478 1264; x_wconf 91' lang='lat' dir='ltr'>Latini</span> 
     </span>
     <span class='ocr_line' id='line_1_9' title="bbox 224 1307 1478 1392; baseline -0.003 -16"><span class='ocrx_word' id='word_1_57' title='bbox 224 1310 365 1376; x_wconf 86' lang='lat' dir='ltr'>nominis</span> <span class='ocrx_word' id='word_1_58' title='bbox 379 1309 583 1392; x_wconf 89' lang='lat' dir='ltr'>promiscue,</span> <span class='ocrx_word' id='word_1_59' title='bbox 604 1308 662 1392; x_wconf 92' lang='lat' dir='ltr'>qni</span> <span class='ocrx_word' id='word_1_60' title='bbox 683 1308 819 1390; x_wconf 81' lang='lat' dir='ltr'>stirpem</span> <span class='ocrx_word' id='word_1_61' title='bbox 835 1328 879 1370; x_wconf 81' lang='lat' dir='ltr'>ex</span> <span class='ocrx_word' id='word_1_62' title='bbox 897 1329 932 1370; x_wconf 89' lang='lat' dir='ltr'>se</span> <span class='ocrx_word' id='word_1_63' title='bbox 953 1309 1044 1370; x_wconf 92' lang='lat' dir='ltr'>domi</span> <span class='ocrx_word' id='word_1_64' title='bbox 1061 1307 1284 1391; x_wconf 83' lang='lat' dir='ltr'>reliquerant,</span> <span class='ocrx_word' id='word_1_65' title='bbox 1300 1311 1396 1374; x_wconf 87' lang='lat' dir='ltr'>cives</span> <span class='ocrx_word' id='word_1_66' title='bbox 1411 1309 1478 1372; x_wconf 84' lang='lat' dir='ltr'>Rc-</span> 
     </span>
     <span class='ocr_line' id='line_1_10' title="bbox 224 1414 1478 1494; baseline -0.005 -12"><span class='ocrx_word' id='word_1_67' title='bbox 224 1417 312 1482; x_wconf 93' lang='lat' dir='ltr'>mani</span> <span class='ocrx_word' id='word_1_68' title='bbox 334 1417 465 1479; x_wconf 86' lang='lat' dir='ltr'>fierent:</span> <span class='ocrx_word' id='word_1_69' title='bbox 488 1415 560 1478; x_wconf 89' lang='lat' dir='ltr'><strong>Liv.</strong></span> <span class='ocrx_word' id='word_1_70' title='bbox 579 1415 668 1476; x_wconf 85' lang='lat' dir='ltr'><strong>XLI.</strong></span> <span class='ocrx_word' id='word_1_71' title='bbox 685 1414 716 1476; x_wconf 89' lang='lat'>8.</span> <span class='ocrx_word' id='word_1_72' title='bbox 730 1419 776 1494; x_wconf 76' lang='grc' dir='ltr'>ε).</span> <span class='ocrx_word' id='word_1_73' title='bbox 804 1414 961 1478; x_wconf 88' lang='lat' dir='ltr'>Adcessit</span> <span class='ocrx_word' id='word_1_74' title='bbox 983 1415 1090 1478; x_wconf 88' lang='lat' dir='ltr'>altera</span> <span class='ocrx_word' id='word_1_75' title='bbox 1112 1415 1171 1478; x_wconf 85' lang='lat' dir='ltr'>lex</span> <span class='ocrx_word' id='word_1_76' title='bbox 1192 1414 1280 1480; x_wconf 82' lang='lat' dir='ltr'>anno</span> <span class='ocrx_word' id='word_1_77' title='bbox 1299 1434 1478 1494; x_wconf 68' lang='lat' dir='ltr'>nomina</span> 
     </span>
     <span class='ocr_line' id='line_1_11' title="bbox 225 1520 1478 1608; baseline -0.003 -20"><span class='ocrx_word' id='word_1_78' title='bbox 225 1522 369 1590; x_wconf 89' lang='lat' dir='ltr'>Servilio</span> <span class='ocrx_word' id='word_1_79' title='bbox 389 1520 544 1598; x_wconf 87' lang='lat' dir='ltr'>Glaucia,</span> <span class='ocrx_word' id='word_1_80' title='bbox 565 1521 608 1584; x_wconf 90' lang='lat' dir='ltr'>de</span> <span class='ocrx_word' id='word_1_81' title='bbox 627 1520 821 1605; x_wconf 81' lang='lat' dir='ltr'>repetundis</span> <span class='ocrx_word' id='word_1_82' title='bbox 843 1523 928 1602; x_wconf 91' lang='lat' dir='ltr'>lata,</span> <span class='ocrx_word' id='word_1_83' title='bbox 946 1530 984 1584; x_wconf 90' lang='lat' dir='ltr'>nt</span> <span class='ocrx_word' id='word_1_84' title='bbox 1004 1523 1133 1586; x_wconf 87' lang='lat' dir='ltr'>Latinis</span> <span class='ocrx_word' id='word_1_85' title='bbox 1155 1533 1243 1587; x_wconf 89' lang='lat' dir='ltr'>esset</span> <span class='ocrx_word' id='word_1_86' title='bbox 1259 1525 1315 1608; x_wconf 91' lang='lat' dir='ltr'>jus</span> <span class='ocrx_word' id='word_1_87' title='bbox 1336 1523 1478 1588; x_wconf 87' lang='lat' dir='ltr'>civitatis</span> 
     </span>
     <span class='ocr_line' id='line_1_12' title="bbox 225 1627 1477 1714; baseline -0.006 -17"><span class='ocrx_word' id='word_1_88' title='bbox 225 1628 479 1714; x_wconf 90' lang='lat' dir='ltr'>consequendae</span> <span class='ocrx_word' id='word_1_89' title='bbox 498 1628 533 1689; x_wconf 94' lang='lat' dir='ltr'>in</span> <span class='ocrx_word' id='word_1_90' title='bbox 550 1627 639 1690; x_wconf 92' lang='lat' dir='ltr'>illius</span> <span class='ocrx_word' id='word_1_91' title='bbox 660 1629 740 1692; x_wconf 87' lang='lat' dir='ltr'>civis</span> <span class='ocrx_word' id='word_1_92' title='bbox 759 1651 818 1692; x_wconf 88' lang='lat' dir='ltr'>seu</span> <span class='ocrx_word' id='word_1_93' title='bbox 839 1629 1011 1692; x_wconf 76' lang='lat' dir='ltr'>Senatorio</span> <span class='ocrx_word' id='word_1_94' title='bbox 1028 1629 1149 1711; x_wconf 87' lang='lat' dir='ltr'>locum,</span> <span class='ocrx_word' id='word_1_95' title='bbox 1166 1631 1224 1714; x_wconf 92' lang='lat' dir='ltr'>qui</span> <span class='ocrx_word' id='word_1_96' title='bbox 1243 1631 1422 1695; x_wconf 88' lang='lat' dir='ltr'>adcusatus</span> <span class='ocrx_word' id='word_1_97' title='bbox 1440 1630 1477 1691; x_wconf 89' lang='lat' dir='ltr'>ab</span> 
     </span>
     <span class='ocr_line' id='line_1_13' title="bbox 224 1733 1476 1822; baseline -0.003 -18"><span class='ocrx_word' id='word_1_98' title='bbox 224 1741 264 1804; x_wconf 85' lang='lat' dir='ltr'>iis</span> <span class='ocrx_word' id='word_1_99' title='bbox 280 1736 546 1822; x_wconf 87' lang='lat' dir='ltr'>repetundarum,</span> <span class='ocrx_word' id='word_1_100' title='bbox 556 1757 577 1796; x_wconf 90' lang='lat' dir='ltr'>a</span> <span class='ocrx_word' id='word_1_101' title='bbox 588 1733 749 1798; x_wconf 89' lang='lat' dir='ltr'>Romanis</span> <span class='ocrx_word' id='word_1_102' title='bbox 764 1734 881 1799; x_wconf 88' lang='lat' dir='ltr'>fuisset</span> <span class='ocrx_word' id='word_1_103' title='bbox 892 1735 1205 1800; x_wconf 75' lang='lat' dir='ltr'>damnatnszcicero</span> <span class='ocrx_word' id='word_1_104' title='bbox 1216 1738 1476 1820; x_wconf 56' lang='lat' dir='ltr'>pcholdch</span> 
     </span>
    </p>
   </div>
   <div class='ocr_carea' id='block_1_3' title="bbox 224 1887 1478 2941">
    <p class='ocr_par' dir='ltr' id='par_1_5' title="bbox 281 1887 1431 2072">
     <span class='ocr_line' id='line_1_14' title="bbox 810 1887 890 1968; baseline 0.025 -20"><span class='ocrx_word' id='word_1_105' title='bbox 810 1888 840 1968; x_wconf 75' lang='lat'>§-</span> <span class='ocrx_word' id='word_1_106' title='bbox 858 1887 890 1950; x_wconf 92' lang='grc'>9.</span> 
     </span>
     <span class='ocr_line' id='line_1_15' title="bbox 281 2001 1431 2072; baseline -0.003 -13"><span class='ocrx_word' id='word_1_107' title='bbox 281 2007 378 2060; x_wconf 75' lang='lat' dir='ltr'>Civitas</span> <span class='ocrx_word' id='word_1_108' title='bbox 391 2021 453 2056; x_wconf 77' lang='lat' dir='ltr'>cum</span> <span class='ocrx_word' id='word_1_109' title='bbox 472 2002 590 2054; x_wconf 75' lang='lat' dir='ltr'>omnibus</span> <span class='ocrx_word' id='word_1_110' title='bbox 606 2003 710 2054; x_wconf 69' lang='lat' dir='ltr'>latinia</span> <span class='ocrx_word' id='word_1_111' title='bbox 727 2011 754 2052; x_wconf 86' lang='lat' dir='ltr'>et</span> <span class='ocrx_word' id='word_1_112' title='bbox 770 2001 848 2054; x_wconf 77' lang='lat' dir='ltr'>Italia</span> <span class='ocrx_word' id='word_1_113' title='bbox 865 2005 1056 2056; x_wconf 80' lang='lat' dir='ltr'>communicato</span> <span class='ocrx_word' id='word_1_114' title='bbox 1074 2003 1173 2072; x_wconf 72' lang='lat' dir='ltr'>lepidus</span> <span class='ocrx_word' id='word_1_115' title='bbox 1189 2005 1265 2058; x_wconf 79' lang='lat' dir='ltr'>Julia</span> <span class='ocrx_word' id='word_1_116' title='bbox 1282 2015 1309 2056; x_wconf 80' lang='lat' dir='ltr'>et</span> <span class='ocrx_word' id='word_1_117' title='bbox 1326 2005 1431 2059; x_wconf 83' lang='lat' dir='ltr'>Plotia.</span> 
     </span>
    </p>

    <p class='ocr_par' dir='ltr' id='par_1_6' title="bbox 224 2079 1478 2941">
     <span class='ocr_line' id='line_1_16' title="bbox 307 2079 1476 2191; baseline -0.001 -22"><span class='ocrx_word' id='word_1_118' title='bbox 307 2107 437 2169; x_wconf 89' lang='lat' dir='ltr'>Primus</span> <span class='ocrx_word' id='word_1_119' title='bbox 455 2105 492 2165; x_wconf 93' lang='lat' dir='ltr'>L.</span> <span class='ocrx_word' id='word_1_120' title='bbox 514 2102 622 2166; x_wconf 83' lang='lat' dir='ltr'>Julius</span> <span class='ocrx_word' id='word_1_121' title='bbox 643 2101 767 2165; x_wconf 84' lang='lat' dir='ltr'>Caesar</span> <span class='ocrx_word' id='word_1_122' title='bbox 780 2103 828 2185; x_wconf 86' lang='lat'>¹¹),</span> <span class='ocrx_word' id='word_1_123' title='bbox 847 2103 957 2166; x_wconf 90' lang='lat' dir='ltr'>occiso</span> <span class='ocrx_word' id='word_1_124' title='bbox 970 2079 1058 2188; x_wconf 82' lang='lat' dir='ltr'>jam,</span> <span class='ocrx_word' id='word_1_125' title='bbox 1078 2111 1113 2167; x_wconf 93' lang='lat' dir='ltr'>nt</span> <span class='ocrx_word' id='word_1_126' title='bbox 1131 2102 1273 2187; x_wconf 87' lang='lat' dir='ltr'>videtur,</span> <span class='ocrx_word' id='word_1_127' title='bbox 1293 2105 1429 2191; x_wconf 83' lang='lat' dir='ltr'>collega</span> <span class='ocrx_word' id='word_1_128' title='bbox 1443 2107 1476 2168; x_wconf 90' lang='lat' dir='ltr'>P.</span> 
     </span>
     <span class='ocr_line' id='line_1_17' title="bbox 226 2209 1476 2296; baseline -0.003 -18"><span class='ocrx_word' id='word_1_129' title='bbox 226 2213 354 2278; x_wconf 87' lang='lat' dir='ltr'>Rutilio</span> <span class='ocrx_word' id='word_1_130' title='bbox 373 2213 486 2295; x_wconf 87' lang='lat' dir='ltr'>Lupo,</span> <span class='ocrx_word' id='word_1_131' title='bbox 508 2232 596 2272; x_wconf 88' lang='lat' dir='ltr'>anno</span> <span class='ocrx_word' id='word_1_132' title='bbox 612 2210 654 2272; x_wconf 90' lang='lat' dir='ltr'>U.</span> <span class='ocrx_word' id='word_1_133' title='bbox 673 2209 710 2272; x_wconf 87' lang='lat' dir='ltr'>C.</span> <span class='ocrx_word' id='word_1_134' title='bbox 729 2228 869 2274; x_wconf 81' lang='lat' dir='ltr'>ocnxru.</span> <span class='ocrx_word' id='word_1_135' title='bbox 886 2212 955 2274; x_wconf 89' lang='lat' dir='ltr'>lata</span> <span class='ocrx_word' id='word_1_136' title='bbox 973 2210 1051 2296; x_wconf 84' lang='lat' dir='ltr'>lege</span> <span class='ocrx_word' id='word_1_137' title='bbox 1070 2213 1179 2295; x_wconf 78' lang='lat' dir='ltr'>lolia,</span> <span class='ocrx_word' id='word_1_138' title='bbox 1196 2215 1365 2277; x_wconf 85' lang='lat' dir='ltr'>civitatem</span> <span class='ocrx_word' id='word_1_139' title='bbox 1383 2213 1476 2275; x_wconf 91' lang='lat' dir='ltr'>sociis</span> 
     </span>
     <span class='ocr_line' id='line_1_18' title="bbox 226 2317 1477 2402; baseline -0.002 -16"><span class='ocrx_word' id='word_1_140' title='bbox 226 2345 265 2387; x_wconf 87' lang='lat' dir='ltr'>ac</span> <span class='ocrx_word' id='word_1_141' title='bbox 284 2320 395 2385; x_wconf 89' lang='lat' dir='ltr'>Latini</span> <span class='ocrx_word' id='word_1_142' title='bbox 415 2318 556 2380; x_wconf 90' lang='lat' dir='ltr'>nominis</span> <span class='ocrx_word' id='word_1_143' title='bbox 580 2317 689 2400; x_wconf 88' lang='lat' dir='ltr'>dedit,</span> <span class='ocrx_word' id='word_1_144' title='bbox 716 2319 772 2402; x_wconf 91' lang='lat' dir='ltr'>qui</span> <span class='ocrx_word' id='word_1_145' title='bbox 795 2317 956 2400; x_wconf 87' lang='lat' dir='ltr'>flagrante</span> <span class='ocrx_word' id='word_1_146' title='bbox 982 2318 1074 2381; x_wconf 90' lang='lat' dir='ltr'>bello</span> <span class='ocrx_word' id='word_1_147' title='bbox 1095 2321 1214 2383; x_wconf 91' lang='lat' dir='ltr'>Italico</span> <span class='ocrx_word' id='word_1_148' title='bbox 1239 2320 1273 2383; x_wconf 95' lang='lat' dir='ltr'>in</span> <span class='ocrx_word' id='word_1_149' title='bbox 1298 2321 1366 2383; x_wconf 89' lang='lat' dir='ltr'>fide</span> <span class='ocrx_word' id='word_1_150' title='bbox 1388 2343 1477 2383; x_wconf 90' lang='lat' dir='ltr'>man-</span> 
     </span>
     <span class='ocr_line' id='line_1_19' title="bbox 225 2425 1477 2510; baseline -0.006 -16"><span class='ocrx_word' id='word_1_151' title='bbox 225 2436 352 2494; x_wconf 84' lang='lat' dir='ltr'>serant:</span> <span class='ocrx_word' id='word_1_152' title='bbox 368 2426 512 2510; x_wconf 90' lang='lat' dir='ltr'>Appian.</span> <span class='ocrx_word' id='word_1_153' title='bbox 530 2426 610 2488; x_wconf 87' lang='lat' dir='ltr'>Bell.</span> <span class='ocrx_word' id='word_1_154' title='bbox 625 2430 680 2487; x_wconf 74' lang='lat' dir='ltr'>cab.</span> <span class='ocrx_word' id='word_1_155' title='bbox 696 2427 721 2486; x_wconf 91' lang='grc' dir='ltr'><strong>Ι.</strong></span> <span class='ocrx_word' id='word_1_156' title='bbox 737 2425 788 2486; x_wconf 90' lang='grc'>49.</span> <span class='ocrx_word' id='word_1_157' title='bbox 805 2426 923 2489; x_wconf 89' lang='lat' dir='ltr'>Cicero</span> <span class='ocrx_word' id='word_1_158' title='bbox 937 2447 999 2507; x_wconf 89' lang='lat' dir='ltr'>pro</span> <span class='ocrx_word' id='word_1_159' title='bbox 1017 2428 1116 2488; x_wconf 85' lang='lat' dir='ltr'>Bolbe</span> <span class='ocrx_word' id='word_1_160' title='bbox 1130 2449 1156 2488; x_wconf 90' lang='lat' dir='ltr'>c.</span> <span class='ocrx_word' id='word_1_161' title='bbox 1174 2426 1224 2488; x_wconf 80' lang='lat'><strong>12.</strong></span> <span class='ocrx_word' id='word_1_162' title='bbox 1241 2426 1332 2491; x_wconf 88' lang='lat' dir='ltr'>Vell.</span> <span class='ocrx_word' id='word_1_163' title='bbox 1347 2428 1477 2490; x_wconf 90' lang='lat' dir='ltr'>Patere.</span> 
     </span>
     <span class='ocr_line' id='line_1_20' title="bbox 224 2531 1476 2615; baseline -0.004 -15"><span class='ocrx_word' id='word_1_164' title='bbox 224 2533 403 2600; x_wconf 85' lang='lat'><strong>11.16.17.</strong></span> <span class='ocrx_word' id='word_1_165' title='bbox 426 2533 551 2596; x_wconf 83' lang='lat' dir='ltr'>Postea</span> <span class='ocrx_word' id='word_1_166' title='bbox 574 2531 727 2595; x_wconf 87' lang='lat' dir='ltr'>confecto</span> <span class='ocrx_word' id='word_1_167' title='bbox 746 2533 832 2596; x_wconf 85' lang='lat' dir='ltr'>tristi</span> <span class='ocrx_word' id='word_1_168' title='bbox 854 2534 915 2597; x_wconf 95' lang='lat' dir='ltr'>illo</span> <span class='ocrx_word' id='word_1_169' title='bbox 940 2533 1031 2595; x_wconf 91' lang='lat' dir='ltr'>bello</span> <span class='ocrx_word' id='word_1_170' title='bbox 1052 2533 1182 2615; x_wconf 90' lang='lat' dir='ltr'>sociali,</span> <span class='ocrx_word' id='word_1_171' title='bbox 1197 2534 1250 2596; x_wconf 82' lang='lat' dir='ltr'>vel</span> <span class='ocrx_word' id='word_1_172' title='bbox 1276 2556 1364 2598; x_wconf 91' lang='lat' dir='ltr'>anno</span> <span class='ocrx_word' id='word_1_173' title='bbox 1382 2535 1426 2598; x_wconf 89' lang='lat' dir='ltr'><strong>U.</strong></span> <span class='ocrx_word' id='word_1_174' title='bbox 1442 2535 1476 2598; x_wconf 89' lang='lat' dir='ltr'>C.</span> 
     </span>
     <span class='ocr_line' id='line_1_21' title="bbox 225 2639 1478 2723; baseline -0.002 -16"><span class='ocrx_word' id='word_1_175' title='bbox 225 2657 346 2708; x_wconf 71' lang='lat' dir='ltr'>nom.</span> <span class='ocrx_word' id='word_1_176' title='bbox 364 2639 423 2702; x_wconf 83' lang='lat' dir='ltr'>Cn.</span> <span class='ocrx_word' id='word_1_177' title='bbox 442 2639 605 2723; x_wconf 89' lang='lat' dir='ltr'>Pompejo</span> <span class='ocrx_word' id='word_1_178' title='bbox 626 2640 789 2704; x_wconf 87' lang='lat' dir='ltr'>Strabone</span> <span class='ocrx_word' id='word_1_179' title='bbox 807 2649 841 2703; x_wconf 90' lang='lat' dir='ltr'>et</span> <span class='ocrx_word' id='word_1_180' title='bbox 859 2642 898 2703; x_wconf 88' lang='lat' dir='ltr'><strong>L.</strong></span> <span class='ocrx_word' id='word_1_181' title='bbox 917 2641 1038 2704; x_wconf 87' lang='lat' dir='ltr'>Porcio</span> <span class='ocrx_word' id='word_1_182' title='bbox 1059 2640 1189 2703; x_wconf 87' lang='lat' dir='ltr'>Catone</span> <span class='ocrx_word' id='word_1_183' title='bbox 1210 2640 1426 2720; x_wconf 83' lang='lat' dir='ltr'>Consulibus,</span> <span class='ocrx_word' id='word_1_184' title='bbox 1444 2649 1478 2705; x_wconf 87' lang='lat' dir='ltr'>ut</span> 
     </span>
     <span class='ocr_line' id='line_1_22' title="bbox 225 2746 1475 2836; baseline -0.002 -24"><span class='ocrx_word' id='word_1_185' title='bbox 225 2757 319 2836; x_wconf 90' lang='lat' dir='ltr'>patet</span> <span class='ocrx_word' id='word_1_186' title='bbox 340 2769 383 2809; x_wconf 89' lang='lat' dir='ltr'>ex</span> <span class='ocrx_word' id='word_1_187' title='bbox 403 2746 524 2809; x_wconf 87' lang='lat' dir='ltr'>Ascon.</span> <span class='ocrx_word' id='word_1_188' title='bbox 546 2746 684 2810; x_wconf 92' lang='lat' dir='ltr'>Pedian.</span> <span class='ocrx_word' id='word_1_189' title='bbox 700 2751 745 2811; x_wconf 85' lang='lat' dir='ltr'>ad</span> <span class='ocrx_word' id='word_1_190' title='bbox 766 2750 854 2811; x_wconf 84' lang='lat' dir='ltr'>Orat.</span> <span class='ocrx_word' id='word_1_191' title='bbox 876 2749 936 2812; x_wconf 79' lang='lat' dir='ltr'>Cr‘c.</span> <span class='ocrx_word' id='word_1_192' title='bbox 957 2769 1019 2830; x_wconf 87' lang='lat' dir='ltr'>pro</span> <span class='ocrx_word' id='word_1_193' title='bbox 1043 2751 1074 2810; x_wconf 86' lang='lat' dir='ltr'>C.</span> <span class='ocrx_word' id='word_1_194' title='bbox 1097 2750 1217 2811; x_wconf 84' lang='lat' dir='ltr'>Cornel.</span> <span class='ocrx_word' id='word_1_195' title='bbox 1236 2747 1293 2812; x_wconf 87' lang='lat' dir='ltr'>vel</span> <span class='ocrx_word' id='word_1_196' title='bbox 1318 2757 1475 2834; x_wconf 89' lang='lat' dir='ltr'>sequente</span> 
     </span>
     <span class='ocr_line' id='line_1_23' title="bbox 225 2853 1475 2941; baseline -0.001 -21"><span class='ocrx_word' id='word_1_197' title='bbox 225 2877 312 2920; x_wconf 90' lang='lat' dir='ltr'>anno</span> <span class='ocrx_word' id='word_1_198' title='bbox 330 2871 466 2918; x_wconf 80' lang='lat' dir='ltr'>ncnxvr.</span> <span class='ocrx_word' id='word_1_199' title='bbox 482 2854 520 2916; x_wconf 92' lang='lat' dir='ltr'>L.</span> <span class='ocrx_word' id='word_1_200' title='bbox 539 2853 698 2919; x_wconf 88' lang='lat' dir='ltr'>Cornelio</span> <span class='ocrx_word' id='word_1_201' title='bbox 719 2856 814 2920; x_wconf 89' lang='lat' dir='ltr'>Sulla</span> <span class='ocrx_word' id='word_1_202' title='bbox 832 2866 867 2919; x_wconf 89' lang='lat' dir='ltr'>et</span> <span class='ocrx_word' id='word_1_203' title='bbox 886 2857 928 2934; x_wconf 86' lang='lat' dir='ltr'><strong>Q.</strong></span> <span class='ocrx_word' id='word_1_204' title='bbox 951 2857 1116 2941; x_wconf 90' lang='lat' dir='ltr'>Pompejo</span> <span class='ocrx_word' id='word_1_205' title='bbox 1138 2855 1230 2920; x_wconf 84' lang='lat' dir='ltr'>Rufo</span> <span class='ocrx_word' id='word_1_206' title='bbox 1251 2856 1341 2919; x_wconf 90' lang='lat' dir='ltr'>Coss.</span> <span class='ocrx_word' id='word_1_207' title='bbox 1362 2858 1388 2939; x_wconf 73' lang='lat' dir='ltr'>i)</span> <span class='ocrx_word' id='word_1_208' title='bbox 1410 2858 1475 2921; x_wconf 87' lang='lat' dir='ltr'>lata</span> 
     </span>
    </p>
   </div>
   <div class='ocr_carea' id='block_1_4' title="bbox 148 3041 1528 4638">
    <p class='ocr_par' dir='ltr' id='par_1_7' title="bbox 224 3041 1528 3351">
     <span class='ocr_line' id='line_1_24' title="bbox 294 3041 1528 3112; baseline -0.003 -15"><span class='ocrx_word' id='word_1_209' title='bbox 294 3045 327 3112; x_wconf 79' lang='lat' dir='ltr'>g)</span> <span class='ocrx_word' id='word_1_210' title='bbox 346 3042 448 3111; x_wconf 81' lang='lat' dir='ltr'>Stirpis</span> <span class='ocrx_word' id='word_1_211' title='bbox 472 3043 548 3110; x_wconf 85' lang='lat' dir='ltr'>domi</span> <span class='ocrx_word' id='word_1_212' title='bbox 565 3044 760 3112; x_wconf 78' lang='lat' dir='ltr'>relinquendae</span> <span class='ocrx_word' id='word_1_213' title='bbox 778 3045 926 3096; x_wconf 82' lang='lat' dir='ltr'>necessitas</span> <span class='ocrx_word' id='word_1_214' title='bbox 944 3044 1084 3112; x_wconf 88' lang='lat' dir='ltr'>quomodo</span> <span class='ocrx_word' id='word_1_215' title='bbox 1102 3043 1139 3096; x_wconf 83' lang='lat' dir='ltr'>sit</span> <span class='ocrx_word' id='word_1_216' title='bbox 1157 3044 1347 3111; x_wconf 79' lang='lat' dir='ltr'>intelligenda,</span> <span class='ocrx_word' id='word_1_217' title='bbox 1375 3041 1474 3111; x_wconf 88' lang='lat' dir='ltr'>disqoi·</span> <span class='ocrx_word' id='word_1_218' title='bbox 1527 3085 1528 3092; x_wconf 72' lang='grc'>,</span> 
     </span>
     <span class='ocr_line' id='line_1_25' title="bbox 225 3127 1528 3197; baseline -0.005 -13"><span class='ocrx_word' id='word_1_219' title='bbox 225 3131 289 3185; x_wconf 83' lang='lat' dir='ltr'>sivit</span> <span class='ocrx_word' id='word_1_220' title='bbox 305 3131 435 3183; x_wconf 87' lang='lat' dir='ltr'>Dukerus</span> <span class='ocrx_word' id='word_1_221' title='bbox 453 3129 490 3180; x_wconf 81' lang='lat' dir='ltr'>od</span> <span class='ocrx_word' id='word_1_222' title='bbox 506 3130 563 3181; x_wconf 83' lang='lat' dir='ltr'><strong>Liv.</strong></span> <span class='ocrx_word' id='word_1_223' title='bbox 578 3130 654 3181; x_wconf 89' lang='lat' dir='ltr'><strong>XLI.</strong></span> <span class='ocrx_word' id='word_1_224' title='bbox 669 3144 693 3180; x_wconf 91' lang='lat' dir='ltr'>c.</span> <span class='ocrx_word' id='word_1_225' title='bbox 711 3131 738 3178; x_wconf 88' lang='lat'><strong>8.</strong></span> <span class='ocrx_word' id='word_1_226' title='bbox 759 3127 780 3192; x_wconf 63' lang='grc' dir='ltr'>ξ.</span> <span class='ocrx_word' id='word_1_227' title='bbox 799 3131 824 3179; x_wconf 90' lang='grc'>9.</span> <span class='ocrx_word' id='word_1_228' title='bbox 846 3133 885 3181; x_wconf 91' lang='grc'>10.</span> <span class='ocrx_word' id='word_1_229' title='bbox 904 3131 935 3181; x_wconf 85' lang='grc' dir='ltr'>Τ.</span> <span class='ocrx_word' id='word_1_230' title='bbox 950 3129 984 3180; x_wconf 88' lang='lat' dir='ltr'><strong>V.</strong></span> <span class='ocrx_word' id='word_1_231' title='bbox 998 3146 1024 3195; x_wconf 92' lang='lat' dir='ltr'>p.</span> <span class='ocrx_word' id='word_1_232' title='bbox 1035 3135 1096 3183; x_wconf 84' lang='grc'><strong>567.</strong></span> <span class='ocrx_word' id='word_1_233' title='bbox 1111 3145 1152 3197; x_wconf 83' lang='lat' dir='ltr'>aq.</span> <span class='ocrx_word' id='word_1_234' title='bbox 1164 3129 1252 3182; x_wconf 79' lang='lat' dir='ltr'>Haud.</span> <span class='ocrx_word' id='word_1_235' title='bbox 1264 3129 1336 3182; x_wconf 91' lang='lat' dir='ltr'>Add.</span> <span class='ocrx_word' id='word_1_236' title='bbox 1348 3130 1475 3182; x_wconf 78' lang='lat' dir='ltr'>Huschke</span> <span class='ocrx_word' id='word_1_237' title='bbox 1527 3165 1528 3188; x_wconf 61' lang='grc'><strong>.</strong></span> 
     </span>
     <span class='ocr_line' id='line_1_26' title="bbox 232 3212 1528 3283; baseline -0.003 -15"><span class='ocrx_word' id='word_1_238' title='bbox 232 3216 305 3283; x_wconf 82' lang='lat' dir='ltr'>Verf.</span> <span class='ocrx_word' id='word_1_239' title='bbox 323 3216 348 3267; x_wconf 79' lang='lat' dir='ltr'>d.</span> <span class='ocrx_word' id='word_1_240' title='bbox 369 3215 444 3266; x_wconf 81' lang='lat' dir='ltr'>Serv.</span> <span class='ocrx_word' id='word_1_241' title='bbox 467 3212 535 3266; x_wconf 81' lang='lat' dir='ltr'>Tell.</span> <span class='ocrx_word' id='word_1_242' title='bbox 555 3230 581 3280; x_wconf 92' lang='lat' dir='ltr'>p.</span> <span class='ocrx_word' id='word_1_243' title='bbox 599 3217 660 3266; x_wconf 74' lang='lat'><strong>629.</strong></span> <span class='ocrx_word' id='word_1_244' title='bbox 678 3228 720 3279; x_wconf 83' lang='lat' dir='ltr'>aq.</span> <span class='ocrx_word' id='word_1_245' title='bbox 739 3217 821 3280; x_wconf 90' lang='lat' dir='ltr'>atque</span> <span class='ocrx_word' id='word_1_246' title='bbox 843 3213 883 3265; x_wconf 92' lang='lat' dir='ltr'>ibi</span> <span class='ocrx_word' id='word_1_247' title='bbox 902 3214 942 3264; x_wconf 83' lang='lat' dir='ltr'>vel</span> <span class='ocrx_word' id='word_1_248' title='bbox 967 3213 1085 3266; x_wconf 80' lang='lat' dir='ltr'>maxime</span> <span class='ocrx_word' id='word_1_249' title='bbox 1104 3216 1138 3267; x_wconf 91' lang='lat' dir='ltr'>de</span> <span class='ocrx_word' id='word_1_250' title='bbox 1160 3215 1214 3267; x_wconf 90' lang='lat' dir='ltr'>loci</span> <span class='ocrx_word' id='word_1_251' title='bbox 1231 3214 1341 3267; x_wconf 84' lang='lat' dir='ltr'>Liviani</span> <span class='ocrx_word' id='word_1_252' title='bbox 1363 3213 1475 3267; x_wconf 87' lang='lat' dir='ltr'>lectione</span> <span class='ocrx_word' id='word_1_253' title='bbox 1527 3251 1528 3264; x_wconf 68' lang='lat'><strong>.</strong></span> 
     </span>
     <span class='ocr_line' id='line_1_27' title="bbox 224 3295 1343 3351; baseline -0.004 0"><span class='ocrx_word' id='word_1_254' title='bbox 224 3304 279 3351; x_wconf 88' lang='lat' dir='ltr'>not.</span> <span class='ocrx_word' id='word_1_255' title='bbox 297 3303 340 3351; x_wconf 81' lang='lat'><strong>24.</strong></span> <span class='ocrx_word' id='word_1_256' title='bbox 360 3295 445 3350; x_wconf 71' lang='lat' dir='ltr'>Mill.</span> <span class='ocrx_word' id='word_1_257' title='bbox 1339 3341 1343 3346; x_wconf 88' lang='lat'><strong>.</strong></span> 
     </span>
    </p>

    <p class='ocr_par' dir='ltr' id='par_1_8' title="bbox 224 3381 1474 3533">
     <span class='ocr_line' id='line_1_28' title="bbox 292 3381 1474 3450; baseline -0.002 -15"><span class='ocrx_word' id='word_1_258' title='bbox 292 3385 325 3450; x_wconf 87' lang='lat' dir='ltr'>h)</span> <span class='ocrx_word' id='word_1_259' title='bbox 346 3383 409 3434; x_wconf 89' lang='lat' dir='ltr'>Non</span> <span class='ocrx_word' id='word_1_260' title='bbox 427 3382 521 3437; x_wconf 88' lang='lat' dir='ltr'>leviter</span> <span class='ocrx_word' id='word_1_261' title='bbox 539 3388 610 3435; x_wconf 88' lang='lat' dir='ltr'>errat</span> <span class='ocrx_word' id='word_1_262' title='bbox 629 3382 717 3434; x_wconf 81' lang='lat' dir='ltr'>editor</span> <span class='ocrx_word' id='word_1_263' title='bbox 735 3381 876 3436; x_wconf 79' lang='lat' dir='ltr'>Ciceronis</span> <span class='ocrx_word' id='word_1_264' title='bbox 891 3384 1047 3437; x_wconf 87' lang='lat' dir='ltr'>orationum</span> <span class='ocrx_word' id='word_1_265' title='bbox 1061 3385 1225 3439; x_wconf 88' lang='lat' dir='ltr'>Parisiensis</span> <span class='ocrx_word' id='word_1_266' title='bbox 1240 3383 1415 3446; x_wconf 79' lang='lat' dir='ltr'>novissimus,</span> <span class='ocrx_word' id='word_1_267' title='bbox 1430 3381 1474 3450; x_wconf 91' lang='lat' dir='ltr'>qni</span> 
     </span>
     <span class='ocr_line' id='line_1_29' title="bbox 224 3467 1473 3533; baseline -0.002 -12"><span class='ocrx_word' id='word_1_268' title='bbox 224 3470 293 3521; x_wconf 88' lang='lat' dir='ltr'>hanc</span> <span class='ocrx_word' id='word_1_269' title='bbox 311 3469 397 3532; x_wconf 81' lang='lat' dir='ltr'>legem</span> <span class='ocrx_word' id='word_1_270' title='bbox 412 3467 517 3519; x_wconf 76' lang='lat' dir='ltr'>duliam</span> <span class='ocrx_word' id='word_1_271' title='bbox 535 3469 616 3519; x_wconf 89' lang='lat' dir='ltr'>latam</span> <span class='ocrx_word' id='word_1_272' title='bbox 635 3471 744 3532; x_wconf 87' lang='lat' dir='ltr'>putata</span> <span class='ocrx_word' id='word_1_273' title='bbox 762 3470 825 3521; x_wconf 89' lang='lat' dir='ltr'>Sex.</span> <span class='ocrx_word' id='word_1_274' title='bbox 843 3469 860 3520; x_wconf 87' lang='lat' dir='ltr'>J</span> <span class='ocrx_word' id='word_1_275' title='bbox 864 3468 919 3521; x_wconf 92' lang='lat' dir='ltr'>nlio</span> <span class='ocrx_word' id='word_1_276' title='bbox 938 3471 1062 3533; x_wconf 81' lang='lat' dir='ltr'>Caesare,</span> <span class='ocrx_word' id='word_1_277' title='bbox 1082 3471 1203 3524; x_wconf 85' lang='lat' dir='ltr'>Consule</span> <span class='ocrx_word' id='word_1_278' title='bbox 1221 3473 1253 3524; x_wconf 90' lang='lat' dir='ltr'>A.</span> <span class='ocrx_word' id='word_1_279' title='bbox 1271 3471 1305 3523; x_wconf 91' lang='lat' dir='ltr'><strong>U.</strong></span> <span class='ocrx_word' id='word_1_280' title='bbox 1325 3470 1356 3522; x_wconf 95' lang='lat' dir='ltr'>C.</span> <span class='ocrx_word' id='word_1_281' title='bbox 1376 3483 1473 3522; x_wconf 80' lang='lat' dir='ltr'>ncnxn.</span> 
     </span>
    </p>

    <p class='ocr_par' dir='ltr' id='par_1_9' title="bbox 148 3549 1473 3876">
     <span class='ocr_line' id='line_1_30' title="bbox 148 3549 1472 3625; baseline -0.005 -17"><span class='ocrx_word' id='word_1_282' title='bbox 148 3601 151 3608; x_wconf 91' lang='lat'><strong>.</strong></span> <span class='ocrx_word' id='word_1_283' title='bbox 225 3553 371 3620; x_wconf 87' lang='lat' dir='ltr'>Multoque</span> <span class='ocrx_word' id='word_1_284' title='bbox 390 3549 498 3617; x_wconf 75' lang='lat' dir='ltr'>gravior</span> <span class='ocrx_word' id='word_1_285' title='bbox 516 3567 592 3604; x_wconf 88' lang='lat' dir='ltr'>error</span> <span class='ocrx_word' id='word_1_286' title='bbox 609 3558 651 3604; x_wconf 88' lang='lat' dir='ltr'>est</span> <span class='ocrx_word' id='word_1_287' title='bbox 663 3553 725 3603; x_wconf 81' lang='lat' dir='ltr'>Ant</span> <span class='ocrx_word' id='word_1_288' title='bbox 743 3553 890 3619; x_wconf 79' lang='lat' dir='ltr'>Augustini</span> <span class='ocrx_word' id='word_1_289' title='bbox 908 3554 939 3604; x_wconf 85' lang='lat' dir='ltr'>de</span> <span class='ocrx_word' id='word_1_290' title='bbox 952 3556 1034 3623; x_wconf 70' lang='lat' dir='ltr'>Aepy.</span> <span class='ocrx_word' id='word_1_291' title='bbox 1053 3563 1079 3606; x_wconf 79' lang='lat' dir='ltr'>et</span> <span class='ocrx_word' id='word_1_292' title='bbox 1097 3556 1174 3608; x_wconf 85' lang='lat' dir='ltr'>SCC.</span> <span class='ocrx_word' id='word_1_293' title='bbox 1188 3575 1219 3625; x_wconf 86' lang='lat' dir='ltr'>p.</span> <span class='ocrx_word' id='word_1_294' title='bbox 1239 3559 1297 3607; x_wconf 80' lang='lat'><strong>120.</strong></span> <span class='ocrx_word' id='word_1_295' title='bbox 1315 3554 1384 3607; x_wconf 88' lang='grc' dir='ltr'><strong>Τ.Ι.</strong></span> <span class='ocrx_word' id='word_1_296' title='bbox 1402 3553 1472 3605; x_wconf 72' lang='lat' dir='ltr'>Thea</span> 
     </span>
     <span class='ocr_line' id='line_1_31' title="bbox 224 3633 1473 3708; baseline 0 -19"><span class='ocrx_word' id='word_1_297' title='bbox 224 3637 288 3690; x_wconf 83' lang='lat' dir='ltr'>Ant.</span> <span class='ocrx_word' id='word_1_298' title='bbox 308 3635 387 3687; x_wconf 85' lang='lat' dir='ltr'>Rom.</span> <span class='ocrx_word' id='word_1_299' title='bbox 407 3633 455 3701; x_wconf 91' lang='lat' dir='ltr'>qni</span> <span class='ocrx_word' id='word_1_300' title='bbox 473 3635 617 3687; x_wconf 87' lang='lat' dir='ltr'>Caesarem</span> <span class='ocrx_word' id='word_1_301' title='bbox 631 3636 799 3690; x_wconf 78' lang='lat' dir='ltr'>Dictaturam</span> <span class='ocrx_word' id='word_1_302' title='bbox 811 3639 892 3706; x_wconf 84' lang='lat' dir='ltr'>hujus</span> <span class='ocrx_word' id='word_1_303' title='bbox 908 3637 974 3704; x_wconf 78' lang='lat' dir='ltr'>legis</span> <span class='ocrx_word' id='word_1_304' title='bbox 993 3644 1130 3708; x_wconf 84' lang='lat' dir='ltr'>auctorem</span> <span class='ocrx_word' id='word_1_305' title='bbox 1143 3641 1228 3707; x_wconf 76' lang='lat' dir='ltr'>tingit.</span> <span class='ocrx_word' id='word_1_306' title='bbox 1241 3641 1305 3692; x_wconf 86' lang='lat' dir='ltr'>Sex.</span> <span class='ocrx_word' id='word_1_307' title='bbox 1318 3639 1395 3691; x_wconf 87' lang='lat' dir='ltr'>Julio</span> <span class='ocrx_word' id='word_1_308' title='bbox 1410 3639 1473 3690; x_wconf 84' lang='lat' dir='ltr'>Cae·</span> 
     </span>
     <span class='ocr_line' id='line_1_32' title="bbox 225 3717 1473 3792; baseline -0.001 -19"><span class='ocrx_word' id='word_1_309' title='bbox 225 3721 281 3774; x_wconf 86' lang='lat' dir='ltr'>sari</span> <span class='ocrx_word' id='word_1_310' title='bbox 298 3720 415 3771; x_wconf 86' lang='lat' dir='ltr'>tribuere</span> <span class='ocrx_word' id='word_1_311' title='bbox 433 3717 539 3771; x_wconf 86' lang='lat' dir='ltr'>videtur</span> <span class='ocrx_word' id='word_1_312' title='bbox 556 3721 699 3785; x_wconf 79' lang='lat' dir='ltr'>Appianas</span> <span class='ocrx_word' id='word_1_313' title='bbox 718 3722 749 3774; x_wconf 85' lang='lat' dir='ltr'>de</span> <span class='ocrx_word' id='word_1_314' title='bbox 762 3724 834 3776; x_wconf 84' lang='lat' dir='ltr'>Bell.</span> <span class='ocrx_word' id='word_1_315' title='bbox 851 3723 905 3776; x_wconf 81' lang='lat' dir='ltr'>Cic.</span> <span class='ocrx_word' id='word_1_316' title='bbox 924 3723 949 3775; x_wconf 87' lang='lat'><strong>1.</strong></span> <span class='ocrx_word' id='word_1_317' title='bbox 967 3727 1012 3775; x_wconf 80' lang='grc'><strong>49.</strong></span> <span class='ocrx_word' id='word_1_318' title='bbox 1028 3725 1082 3777; x_wconf 89' lang='lat' dir='ltr'>Sed</span> <span class='ocrx_word' id='word_1_319' title='bbox 1096 3741 1180 3792; x_wconf 88' lang='lat' dir='ltr'>quom</span> <span class='ocrx_word' id='word_1_320' title='bbox 1193 3727 1256 3778; x_wconf 92' lang='lat' dir='ltr'>Sex.</span> <span class='ocrx_word' id='word_1_321' title='bbox 1270 3723 1364 3776; x_wconf 80' lang='lat' dir='ltr'>Julius</span> <span class='ocrx_word' id='word_1_322' title='bbox 1378 3725 1473 3776; x_wconf 83' lang='lat' dir='ltr'>Caesar</span> 
     </span>
     <span class='ocr_line' id='line_1_33' title="bbox 223 3795 1473 3876; baseline -0.002 -17"><span class='ocrx_word' id='word_1_323' title='bbox 223 3807 256 3859; x_wconf 89' lang='lat' dir='ltr'>A.</span> <span class='ocrx_word' id='word_1_324' title='bbox 275 3805 308 3858; x_wconf 94' lang='lat' dir='ltr'><strong>U.</strong></span> <span class='ocrx_word' id='word_1_325' title='bbox 325 3804 357 3856; x_wconf 93' lang='lat' dir='ltr'>C.</span> <span class='ocrx_word' id='word_1_326' title='bbox 377 3819 470 3856; x_wconf 82' lang='lat' dir='ltr'>onxnr.</span> <span class='ocrx_word' id='word_1_327' title='bbox 487 3821 550 3856; x_wconf 92' lang='lat' dir='ltr'>cum</span> <span class='ocrx_word' id='word_1_328' title='bbox 568 3806 600 3857; x_wconf 89' lang='lat' dir='ltr'><strong>L.</strong></span> <span class='ocrx_word' id='word_1_329' title='bbox 613 3806 720 3860; x_wconf 85' lang='lat' dir='ltr'>Marcio</span> <span class='ocrx_word' id='word_1_330' title='bbox 740 3795 884 3874; x_wconf 84' lang='lat' dir='ltr'>Philippo;</span> <span class='ocrx_word' id='word_1_331' title='bbox 903 3809 935 3859; x_wconf 88' lang='lat' dir='ltr'><strong>L.</strong></span> <span class='ocrx_word' id='word_1_332' title='bbox 954 3807 1046 3860; x_wconf 86' lang='lat' dir='ltr'>Julius</span> <span class='ocrx_word' id='word_1_333' title='bbox 1059 3808 1161 3859; x_wconf 89' lang='lat' dir='ltr'>Caesar</span> <span class='ocrx_word' id='word_1_334' title='bbox 1178 3823 1243 3859; x_wconf 85' lang='lat' dir='ltr'>vero</span> <span class='ocrx_word' id='word_1_335' title='bbox 1261 3822 1336 3862; x_wconf 85' lang='lat' dir='ltr'>anno</span> <span class='ocrx_word' id='word_1_336' title='bbox 1349 3811 1473 3876; x_wconf 84' lang='lat' dir='ltr'>sequente</span> 
     </span>
    </p>

    <p class='ocr_par' dir='ltr' id='par_1_10' title="bbox 195 3888 1527 4214">
     <span class='ocr_line' id='line_1_34' title="bbox 195 3888 1472 3959; baseline 0 -18"><span class='ocrx_word' id='word_1_337' title='bbox 195 3907 203 3914; x_wconf 71' lang='grc'><strong>’</strong></span> <span class='ocrx_word' id='word_1_338' title='bbox 221 3906 285 3942; x_wconf 86' lang='lat' dir='ltr'>cum</span> <span class='ocrx_word' id='word_1_339' title='bbox 303 3891 336 3941; x_wconf 92' lang='lat' dir='ltr'><strong>P.</strong></span> <span class='ocrx_word' id='word_1_340' title='bbox 353 3888 458 3941; x_wconf 90' lang='lat' dir='ltr'>Rutilio</span> <span class='ocrx_word' id='word_1_341' title='bbox 476 3889 556 3955; x_wconf 88' lang='lat' dir='ltr'>Lupo</span> <span class='ocrx_word' id='word_1_342' title='bbox 576 3891 758 3944; x_wconf 86' lang='lat' dir='ltr'>Consulatum</span> <span class='ocrx_word' id='word_1_343' title='bbox 774 3893 903 3959; x_wconf 78' lang='lat' dir='ltr'>gesserit:</span> <span class='ocrx_word' id='word_1_344' title='bbox 921 3892 1103 3944; x_wconf 86' lang='lat' dir='ltr'>verosimilius</span> <span class='ocrx_word' id='word_1_345' title='bbox 1122 3898 1172 3954; x_wconf 91' lang='lat' dir='ltr'>est,</span> <span class='ocrx_word' id='word_1_346' title='bbox 1188 3894 1259 3944; x_wconf 87' lang='lat' dir='ltr'>hunc</span> <span class='ocrx_word' id='word_1_347' title='bbox 1272 3893 1359 3959; x_wconf 81' lang='lat' dir='ltr'>legem</span> <span class='ocrx_word' id='word_1_348' title='bbox 1374 3892 1472 3952; x_wconf 88' lang='lat' dir='ltr'>tulisse,</span> 
     </span>
     <span class='ocr_line' id='line_1_35' title="bbox 223 3973 1471 4043; baseline -0.002 -16"><span class='ocrx_word' id='word_1_349' title='bbox 223 3981 251 4027; x_wconf 91' lang='lat' dir='ltr'>et</span> <span class='ocrx_word' id='word_1_350' title='bbox 268 3974 377 4042; x_wconf 89' lang='lat' dir='ltr'>quidem</span> <span class='ocrx_word' id='word_1_351' title='bbox 395 3975 499 4038; x_wconf 81' lang='lat' dir='ltr'>collega</span> <span class='ocrx_word' id='word_1_352' title='bbox 516 3973 621 4027; x_wconf 90' lang='lat' dir='ltr'>Rutilio</span> <span class='ocrx_word' id='word_1_353' title='bbox 641 3977 701 4042; x_wconf 87' lang='lat' dir='ltr'>jam</span> <span class='ocrx_word' id='word_1_354' title='bbox 718 3977 817 4040; x_wconf 85' lang='lat' dir='ltr'>occiso.</span> <span class='ocrx_word' id='word_1_355' title='bbox 842 3978 923 4030; x_wconf 90' lang='lat' dir='ltr'>Unde</span> <span class='ocrx_word' id='word_1_356' title='bbox 937 3979 1018 4030; x_wconf 87' lang='lat' dir='ltr'>simul</span> <span class='ocrx_word' id='word_1_357' title='bbox 1037 3981 1126 4043; x_wconf 89' lang='lat' dir='ltr'>patet,</span> <span class='ocrx_word' id='word_1_358' title='bbox 1153 3993 1235 4028; x_wconf 91' lang='lat' dir='ltr'>cura</span> <span class='ocrx_word' id='word_1_359' title='bbox 1258 3979 1319 4029; x_wconf 89' lang='lat' dir='ltr'>solo</span> <span class='ocrx_word' id='word_1_360' title='bbox 1338 3978 1412 4030; x_wconf 87' lang='lat' dir='ltr'>Julio</span> <span class='ocrx_word' id='word_1_361' title='bbox 1429 3978 1471 4028; x_wconf 85' lang='lat' dir='ltr'>lex</span> 
     </span>
     <span class='ocr_line' id='line_1_36' title="bbox 224 4057 1527 4130; baseline 0.002 -19"><span class='ocrx_word' id='word_1_362' title='bbox 224 4075 324 4112; x_wconf 88' lang='lat' dir='ltr'>nomen</span> <span class='ocrx_word' id='word_1_363' title='bbox 342 4057 484 4124; x_wconf 88' lang='lat' dir='ltr'>acceperit,</span> <span class='ocrx_word' id='word_1_364' title='bbox 502 4060 577 4113; x_wconf 87' lang='lat' dir='ltr'>nulla</span> <span class='ocrx_word' id='word_1_365' title='bbox 595 4062 714 4130; x_wconf 81' lang='lat' dir='ltr'>collegae</span> <span class='ocrx_word' id='word_1_366' title='bbox 733 4065 803 4115; x_wconf 83' lang='lat' dir='ltr'>sacta</span> <span class='ocrx_word' id='word_1_367' title='bbox 820 4061 966 4114; x_wconf 87' lang='lat' dir='ltr'>mentione.</span> <span class='ocrx_word' id='word_1_368' title='bbox 981 4061 1043 4113; x_wconf 80' lang='lat' dir='ltr'>vio.</span> <span class='ocrx_word' id='word_1_369' title='bbox 1057 4063 1191 4114; x_wconf 85' lang='lat' dir='ltr'>Schwarz.</span> <span class='ocrx_word' id='word_1_370' title='bbox 1210 4063 1319 4130; x_wconf 79' lang='lat' dir='ltr'>dejure</span> <span class='ocrx_word' id='word_1_371' title='bbox 1338 4063 1400 4114; x_wconf 80' lang='lat' dir='ltr'>Ital.</span> <span class='ocrx_word' id='word_1_372' title='bbox 1414 4062 1431 4128; x_wconf 64' lang='grc' dir='ltr'><strong>ξ.</strong></span> <span class='ocrx_word' id='word_1_373' title='bbox 1447 4063 1470 4110; x_wconf 80' lang='grc'>3.</span> <span class='ocrx_word' id='word_1_374' title='bbox 1526 4111 1527 4114; x_wconf 76' lang='grc'>,</span> 
     </span>
     <span class='ocr_line' id='line_1_37' title="bbox 223 4143 1022 4214; baseline 0.005 -19"><span class='ocrx_word' id='word_1_375' title='bbox 223 4143 322 4195; x_wconf 77' lang='lat' dir='ltr'>Erech.</span> <span class='ocrx_word' id='word_1_376' title='bbox 342 4143 486 4207; x_wconf 86' lang='lat' dir='ltr'>Spanhem.</span> <span class='ocrx_word' id='word_1_377' title='bbox 509 4144 573 4197; x_wconf 85' lang='lat' dir='ltr'>Orb.</span> <span class='ocrx_word' id='word_1_378' title='bbox 595 4147 674 4197; x_wconf 83' lang='lat' dir='ltr'>Rom.</span> <span class='ocrx_word' id='word_1_379' title='bbox 692 4145 716 4198; x_wconf 88' lang='lat'><strong>1.</strong></span> <span class='ocrx_word' id='word_1_380' title='bbox 737 4153 759 4198; x_wconf 94' lang='lat' dir='ltr'>l.</span> <span class='ocrx_word' id='word_1_381' title='bbox 781 4149 820 4197; x_wconf 80' lang='grc'>13.</span> <span class='ocrx_word' id='word_1_382' title='bbox 834 4165 864 4214; x_wconf 86' lang='lat' dir='ltr'>p.</span> <span class='ocrx_word' id='word_1_383' title='bbox 882 4150 925 4199; x_wconf 83' lang='lat'><strong>³0.</strong></span> <span class='ocrx_word' id='word_1_384' title='bbox 943 4147 1022 4199; x_wconf 73' lang='lat' dir='ltr'>Heln.</span> 
     </span>
    </p>

    <p class='ocr_par' dir='ltr' id='par_1_11' title="bbox 221 4227 1527 4638">
     <span class='ocr_line' id='line_1_38' title="bbox 294 4227 1527 4300; baseline -0.002 -19"><span class='ocrx_word' id='word_1_385' title='bbox 294 4229 318 4294; x_wconf 90' lang='lat' dir='ltr'>i)</span> <span class='ocrx_word' id='word_1_386' title='bbox 339 4227 455 4281; x_wconf 88' lang='lat' dir='ltr'>Minime</span> <span class='ocrx_word' id='word_1_387' title='bbox 474 4246 537 4282; x_wconf 87' lang='lat' dir='ltr'>vero</span> <span class='ocrx_word' id='word_1_388' title='bbox 562 4231 745 4298; x_wconf 81' lang='lat' dir='ltr'>subsequente</span> <span class='ocrx_word' id='word_1_389' title='bbox 763 4231 867 4284; x_wconf 87' lang='lat' dir='ltr'>Cinnae</span> <span class='ocrx_word' id='word_1_390' title='bbox 886 4233 1049 4297; x_wconf 81' lang='lat' dir='ltr'>Consulatu,</span> <span class='ocrx_word' id='word_1_391' title='bbox 1074 4236 1105 4284; x_wconf 90' lang='lat' dir='ltr'>ut</span> <span class='ocrx_word' id='word_1_392' title='bbox 1127 4231 1210 4284; x_wconf 89' lang='lat' dir='ltr'>tradit</span> <span class='ocrx_word' id='word_1_393' title='bbox 1232 4232 1305 4284; x_wconf 84' lang='lat' dir='ltr'>Flor.</span> <span class='ocrx_word' id='word_1_394' title='bbox 1330 4233 1401 4300; x_wconf 72' lang='lat' dir='ltr'>Epir.</span> <span class='ocrx_word' id='word_1_395' title='bbox 1417 4229 1471 4281; x_wconf 70' lang='grc'>10.</span> <span class='ocrx_word' id='word_1_396' title='bbox 1526 4253 1527 4262; x_wconf 68' lang='lat'><strong>.</strong></span> 
     </span>
     <span class='ocr_line' id='line_1_39' title="bbox 222 4301 1527 4383; baseline 0 -18"><span class='ocrx_word' id='word_1_397' title='bbox 222 4310 280 4365; x_wconf 84' lang='lat' dir='ltr'>Lr&#39;b.</span> <span class='ocrx_word' id='word_1_398' title='bbox 297 4303 429 4366; x_wconf 82' lang='lat' dir='ltr'><strong>L‘XXX.</strong></span> <span class='ocrx_word' id='word_1_399' title='bbox 447 4314 527 4366; x_wconf 82' lang='lat' dir='ltr'>Heia.</span> <span class='ocrx_word' id='word_1_400' title='bbox 545 4316 576 4366; x_wconf 91' lang='lat' dir='ltr'>In</span> <span class='ocrx_word' id='word_1_401' title='bbox 595 4321 684 4366; x_wconf 87' lang='lat' dir='ltr'>aetate</span> <span class='ocrx_word' id='word_1_402' title='bbox 702 4321 729 4366; x_wconf 87' lang='lat' dir='ltr'>et</span> <span class='ocrx_word' id='word_1_403' title='bbox 747 4316 882 4368; x_wconf 83' lang='lat' dir='ltr'>sententia</span> <span class='ocrx_word' id='word_1_404' title='bbox 899 4317 966 4383; x_wconf 77' lang='lat' dir='ltr'>legis</span> <span class='ocrx_word' id='word_1_405' title='bbox 984 4317 1140 4369; x_wconf 89' lang='lat' dir='ltr'>Plautiaea</span> <span class='ocrx_word' id='word_1_406' title='bbox 1157 4321 1252 4370; x_wconf 85' lang='lat' dir='ltr'>nostro</span> <span class='ocrx_word' id='word_1_407' title='bbox 1271 4315 1398 4368; x_wconf 87' lang='lat' dir='ltr'>dissentit</span> <span class='ocrx_word' id='word_1_408' title='bbox 1412 4313 1469 4367; x_wconf 82' lang='lat' dir='ltr'>lla·</span> <span class='ocrx_word' id='word_1_409' title='bbox 1526 4301 1527 4348; x_wconf 77' lang='lat' dir='ltr'>l</span> 
     </span>
     <span class='ocr_line' id='line_1_40' title="bbox 222 4396 1468 4469; baseline 0.004 -23"><span class='ocrx_word' id='word_1_410' title='bbox 222 4396 334 4448; x_wconf 78' lang='lat' dir='ltr'>aochius</span> <span class='ocrx_word' id='word_1_411' title='bbox 352 4397 494 4450; x_wconf 78' lang='lat' dir='ltr'>Commeat.</span> <span class='ocrx_word' id='word_1_412' title='bbox 512 4401 539 4450; x_wconf 79' lang='lat' dir='ltr'>in</span> <span class='ocrx_word' id='word_1_413' title='bbox 558 4396 625 4450; x_wconf 78' lang='lat' dir='ltr'>tabl.</span> <span class='ocrx_word' id='word_1_414' title='bbox 646 4399 838 4452; x_wconf 74' lang='lat' dir='ltr'>Heras-lecuras</span> <span class='ocrx_word' id='word_1_415' title='bbox 857 4403 889 4453; x_wconf 94' lang='lat' dir='ltr'><strong>P.</strong></span> <span class='ocrx_word' id='word_1_416' title='bbox 912 4402 947 4452; x_wconf 92' lang='lat' dir='ltr'><strong>II.</strong></span> <span class='ocrx_word' id='word_1_417' title='bbox 967 4418 993 4467; x_wconf 93' lang='lat' dir='ltr'>p.</span> <span class='ocrx_word' id='word_1_418' title='bbox 1010 4405 1070 4454; x_wconf 78' lang='lat'><strong>489.</strong></span> <span class='ocrx_word' id='word_1_419' title='bbox 1096 4409 1152 4454; x_wconf 93' lang='lat' dir='ltr'>not.</span> <span class='ocrx_word' id='word_1_420' title='bbox 1174 4407 1231 4456; x_wconf 88' lang='grc'><strong>170.</strong></span> <span class='ocrx_word' id='word_1_421' title='bbox 1250 4418 1291 4469; x_wconf 84' lang='lat' dir='ltr'>sq.</span> <span class='ocrx_word' id='word_1_422' title='bbox 1317 4401 1365 4453; x_wconf 89' lang='lat' dir='ltr'>ubi</span> <span class='ocrx_word' id='word_1_423' title='bbox 1386 4401 1411 4453; x_wconf 96' lang='lat' dir='ltr'>in</span> <span class='ocrx_word' id='word_1_424' title='bbox 1436 4413 1468 4450; x_wconf 85' lang='lat' dir='ltr'>eo</span> 
     </span>
     <span class='ocr_line' id='line_1_41' title="bbox 221 4480 1467 4554; baseline 0.003 -23"><span class='ocrx_word' id='word_1_425' title='bbox 221 4480 377 4542; x_wconf 88' lang='lat' dir='ltr'>elaboravit,</span> <span class='ocrx_word' id='word_1_426' title='bbox 395 4487 427 4532; x_wconf 91' lang='lat' dir='ltr'>nt</span> <span class='ocrx_word' id='word_1_427' title='bbox 444 4484 606 4548; x_wconf 79' lang='lat' dir='ltr'>ostenderet,</span> <span class='ocrx_word' id='word_1_428' title='bbox 627 4485 714 4549; x_wconf 78' lang='lat' dir='ltr'>legem</span> <span class='ocrx_word' id='word_1_429' title='bbox 727 4486 759 4536; x_wconf 88' lang='lat' dir='ltr'>A.</span> <span class='ocrx_word' id='word_1_430' title='bbox 778 4485 811 4536; x_wconf 92' lang='lat' dir='ltr'><strong>U.</strong></span> <span class='ocrx_word' id='word_1_431' title='bbox 830 4489 890 4536; x_wconf 78' lang='lat'><strong>664.</strong></span> <span class='ocrx_word' id='word_1_432' title='bbox 911 4485 1074 4552; x_wconf 86' lang='lat' dir='ltr'>(secundnm</span> <span class='ocrx_word' id='word_1_433' title='bbox 1092 4504 1183 4541; x_wconf 86' lang='lat' dir='ltr'>aeram</span> <span class='ocrx_word' id='word_1_434' title='bbox 1195 4487 1393 4554; x_wconf 87' lang='lat' dir='ltr'>Capitolinam)</span> <span class='ocrx_word' id='word_1_435' title='bbox 1406 4499 1467 4536; x_wconf 87' lang='lat' dir='ltr'>con-</span> 
     </span>
     <span class='ocr_line' id='line_1_42' title="bbox 221 4557 1467 4638; baseline 0.002 -21"><span class='ocrx_word' id='word_1_436' title='bbox 221 4566 304 4618; x_wconf 88' lang='lat' dir='ltr'>ditam</span> <span class='ocrx_word' id='word_1_437' title='bbox 315 4557 452 4632; x_wconf 86' lang='lat' dir='ltr'>spectasse</span> <span class='ocrx_word' id='word_1_438' title='bbox 466 4582 521 4618; x_wconf 92' lang='lat' dir='ltr'>non</span> <span class='ocrx_word' id='word_1_439' title='bbox 534 4568 569 4619; x_wconf 92' lang='lat' dir='ltr'>ad</span> <span class='ocrx_word' id='word_1_440' title='bbox 583 4581 678 4619; x_wconf 90' lang='lat' dir='ltr'>omncs</span> <span class='ocrx_word' id='word_1_441' title='bbox 690 4569 789 4633; x_wconf 86' lang='lat' dir='ltr'>socios,</span> <span class='ocrx_word' id='word_1_442' title='bbox 802 4571 851 4622; x_wconf 86' lang='lat' dir='ltr'>sed</span> <span class='ocrx_word' id='word_1_443' title='bbox 863 4569 897 4621; x_wconf 90' lang='lat' dir='ltr'>ad</span> <span class='ocrx_word' id='word_1_444' title='bbox 908 4571 1072 4637; x_wconf 82' lang='lat' dir='ltr'>peregrinos,</span> <span class='ocrx_word' id='word_1_445' title='bbox 1086 4572 1134 4638; x_wconf 91' lang='lat' dir='ltr'>qni</span> <span class='ocrx_word' id='word_1_446' title='bbox 1145 4571 1197 4638; x_wconf 77' lang='lat' dir='ltr'>legi</span> <span class='ocrx_word' id='word_1_447' title='bbox 1211 4572 1372 4637; x_wconf 85' lang='lat' dir='ltr'>paruissent</span> <span class='ocrx_word' id='word_1_448' title='bbox 1383 4566 1467 4623; x_wconf 77' lang='lat' dir='ltr'>Haud.</span> 
     </span>
    </p>
   </div>
   <div class='ocr_carea' id='block_1_5' title="bbox 0 0 1536 5156">
    <p class='ocr_par' dir='ltr' id='par_1_12' title="bbox 0 0 1536 5156">
     <span class='ocr_line' id='line_1_43' title="bbox 0 0 1536 5156; baseline 0 1"><span class='ocrx_word' id='word_1_449' title='bbox 0 0 1536 5156; x_wconf 95' lang='lat' dir='ltr'> </span> 
     </span>
    </p>
   </div>
  </div>
 </body>
</html>
