3040 5164
233 702 237 710 ¹
381 624 468 689 mn.
488 623 533 688 11.
556 623 648 689 mr.
669 625 933 691 xx-xxn.

641 811 677 850 DE

31 961 285 1056 inauris,
313 959 610 1059 nonumque
637 961 973 1054 annuamus,
998 961 1068 1038 aa
1093 941 1286 1044 ranna-

252 1080 505 1172 unrionn
531 1082 600 1158 nr
627 1081 773 1160 unes
798 1082 1067 1160 nnuman.

106 1275 285 1338 Hactenus
308 1273 494 1357 Imperator
508 1270 812 1340 deuniversalibus
835 1275 1109 1360 adquisitionibus
1131 1279 1218 1364 egit,
1242 1281 1284 1345 ad

35 1405 148 1468 easque
173 1384 276 1446 etiam
294 1379 421 1466 plures,
443 1379 500 1464 qui
520 1379 606 1444 infra
622 1391 818 1467 sequentur,
841 1383 930 1446 tituli
955 1385 1133 1468 pertinent.
1154 1387 1285 1453 Placuit

36 1499 134 1554 tamen
158 1489 236 1573 illi,
256 1490 454 1552 interserere
477 1486 531 1549 hic
554 1489 754 1574 singularum
777 1511 883 1553 rerum
909 1491 1181 1580 adquisitionem,
1198 1519 1284 1582 quae

37 1619 88 1680 per
105 1597 226 1682 legata
248 1597 294 1659 fit.
315 1595 370 1660 An
392 1596 469 1660 satis
489 1598 672 1679 concinne,
694 1596 752 1662 alii
774 1597 918 1662 videant.
940 1599 1011 1665 Nos
1032 1622 1137 1685 pauca
1160 1604 1201 1668 ad
1225 1604 1284 1668 hos

40 1727 161 1791 quoque
175 1705 301 1768 'titulos
322 1703 548 1768 delibabimus.

616 1881 645 1961 g.
666 1880 696 1942 1.

548 1997 676 2067 Lepcim
693 1996 775 2066 quid?

111 2115 287 2178 Lnonruu
306 2117 356 2176 est
372 2112 519 2195 donatio,
540 2135 626 2199 quae
646 2111 732 2198 legis
747 2114 858 2196 modo,
873 2114 908 2178 id
924 2121 992 2197 est,
1007 2114 1219 2200 imperative,
1236 2127 1287 2183 te-

41 2229 197 2286 stamento
217 2220 430 2304 relinquitur:
451 2221 589 2305 Ulpiani
607 2223 739 2302 Fragor.
756 2221 880 2284 XXIV.
897 2222 928 2284 1.
949 2223 1047 2305 Legis
1062 2225 1160 2296 modo,
1181 2224 1288 2309 inquit

42 2328 208 2412 Ulpianus,
229 2329 307 2413 quia
321 2328 426 2391 veluti
442 2328 552 2413 legem
572 2333 712 2392 testator
734 2328 815 2393 dicit
831 2328 959 2409 heredi,
976 2329 1056 2415 quid
1074 2330 1115 2392 ab
1133 2351 1175 2392 eo
1191 2353 1287 2414 prae-

42 2437 116 2498 stari
130 2437 220 2518 velit,
234 2436 328 2520 *unde
346 2445 380 2499 et
395 2435 535 2502 Graecis
557 2435 671 2520 legare
691 2444 741 2498 est
759 2442 942 2518 νομοθετεῖν
957 2442 987 2517 ⁸)
1008 2437 1129 2499 Novell.
1141 2438 1288 2503 mna

42 2543 92 2605 Jo.
109 2543 273 2628 chrysost.
291 2545 445 2606 Homnr.
464 2547 508 2606 ad
524 2547 594 2606 Act.
608 2545 717 2627 Apoat.
730 2565 765 2626 p.
780 2543 852 2606 615.
874 2543 963 2622 Quin
981 2554 1015 2607 et
1030 2545 1135 2628 ipsum
1151 2550 1287 2612 verbum

45 2668 168 2716 unauna
186 2651 270 2714 nihil
285 2651 447 2736 significat
462 2650 570 2733 aliud,
587 2673 683 2736 quam
700 2633 855 2716 mandare
873 2661 907 2716 et
921 2651 1026 2716 veluti
1041 2651 1152 2738 legem
1168 2655 1288 2720 dicero.

47 2757 90 2820 lta
101 2758 241 2822 Plautus
260 2757 376 2822 Casina
389 2762 459 2822 Act.
475 2762 500 2822 Ι.
515 2780 543 2822 o.
558 2759 609 2822 12.
625 2779 688 2840 sqq.

212 2883 294 2958 Quin
312 2887 426 2966 potins,
450 2884 532 2964 quod
551 2903 711 2944 necarunt
733 2853 797 2944 ner
817 2884 873 2945 troo·
891 2887 1060 2966 negotium,

210 2991 250 3050 Id
268 2997 389 3051 curas?
430 3023 972 3038 -----

49 3109 125 3174 Hinc
143 3127 269 3178 nudari
289 3113 441 3176 dicuntur
456 3113 634 3196 elegendo,
657 3111 734 3198 quia
749 3135 819 3177 cum
844 3113 1004 3177 mandatis
1019 3115 1202 3196 mittuntur,
1222 3136 1289 3178 non
1320 3167 1324 3174 .

49 3220 115 3301 quia
135 3219 272 3304 publice
292 3220 457 3304 leguntur,
482 3230 517 3285 ut
540 3221 675 3306 conjicit
691 3221 797 3286 Varro
818 3222 856 3284 de
877 3225 988 3304 lingua
1006 3225 1060 3284 lat.
1081 3221 1133 3282 VI.
1149 3221 1198 3283 16.
1213 3243 1245 3284 n.
1259 3217 1290 3281 7.

48 3323 109 3388 Nec
125 3327 224 3390 aliam
241 3329 284 3391 ob
302 3351 444 3392 caussam
460 3345 629 3392 nannonrr
650 3327 870 3413 adpellantur,
886 3351 982 3414 quam
999 3329 1076 3414 quia
1094 3313 1185 3411 lege)
1196 3351 1216 3390 a
1230 3333 1300 3412 p0-'

48 3435 116 3515 pulo
138 3436 195 3499 vel
220 3436 370 3520 principe
384 3436 482 3519 lata,
509 3437 644 3500 civitate
660 3446 783 3500 ,exesse
802 3438 972 3521 jubentur.
999 3438 1186 3519 Imperotivo
1209 3455 1291 3520 ergo

49 3540 108 3605 fieri
131 3542 280 3607 debebat
294 3545 376 3608 haec
395 3544 542 3626 donatio,
565 3542 599 3606 id
617 3552 684 3625 est,
699 3547 799 3608 verbis
822 3547 964 3608 directio:
990 3547 1026 3607 L.
1044 3543 1074 3607 2.
1091 3545 1123 3605 0.
1141 3565 1291 3606 commun.

49 3649 79 3708 de
98 3651 210 3732 Legat.
228 3650 266 3712 L.
286 3652 335 3714 15.
355 3653 386 3714 0.
409 3655 448 3715 de
471 3654 603 3714 Tectam.
627 3651 800 3717 Scholiast.
824 3654 941 3716 Horat.
966 3653 1009 3716 ad
1029 3652 1125 3715 Satir.
1147 3654 1190 3715 II.
1211 3653 1240 3715 1.
1261 3651 1291 3714 9.

49 3753 155 3820 Verba
178 3758 265 3820 enim
288 3761 436 3842 precaria
460 3781 527 3822 non
551 3768 645 3822 erant
664 3760 775 3825 valida
791 3782 834 3823 cx
855 3760 987 3844 legibus
1002 3759 1076 3824 ΧΠ
1096 3760 1291 3844 tabularum,

50 3865 97 3928 sed
114 3886 157 3928 ex
172 3865 344 3930 voluntate
357 3876 482 3931 tontum
498 3868 655 3932 heredum
668 3869 924 3933 descendebant.
937 3867 1092 3953 Denique
1109 3875 1292 3930 testamento

49 3971 262 4056 relinquenda
280 3985 373 4038 erant
388 3975 517 4060 legata,
533 3995 599 4038 non
616 3976 783 4058 codicillo,
800 3986 975 4059 antequam
991 3975 1117 4040 scilicet
1133 3975 1293 4038 Justinia-

50 4098 102 4140 nus
117 4075 302 4174 legatorum
319 4091 354 4146 et
369 4083 690 4148 fideicommissorum
706 4094 854 4149 naturam
871 4089 1096 4168 exaequasset.

113 4340 143 4406 a)
164 4338 237 4392 Hinc
255 4343 397 4394 testatores
415 4344 496 4408 plane
513 4357 589 4395 moro
605 4342 792 4409 legislatorum
808 4342 997 4410 loquebantur.
1016 4339 1054 4392 Hi
1071 4335 1160 4391 verbis
1179 4335 1294 4401 impera·
1411 4339 1416 4360 '

52 4419 108 4474 tiris
130 4422 170 4475 uti
195 4423 331 4478 solebant:
349 4425 446 4480 iisdem
463 4427 607 4479 utebantur
625 4429 781 4482 testatores:
806 4439 969 4490 sinemuro,
987 4437 1087 4478 sonmo
1105 4428 1156 4475 etc.
1174 4421 1295 4487 Leg‘isla-

41 4505 134 4560 'torum
152 4509 269 4562 formula
289 4514 346 4561 erat
364 4525 472 4564 nunnus
491 4511 572 4565 asro:
590 4513 621 4564 L.
639 4517 665 4565 2.
679 4531 725 4581 pr.
737 4513 769 4566 Ι..
786 4517 828 4567 27.
846 4513 867 4579 ᾖ.
885 4518 910 4566 5.
929 4513 965 4566 D.
978 4512 1014 4565 od
1030 4512 1062 4564 L.
1075 4507 1178 4579 Aquili:
1192 4506 1295 4558 Eadem

54 4603 111 4643 vero
128 4594 208 4646 etiam
227 4595 405 4678 testatoribus
421 4595 559 4652 sollemnis
577 4603 641 4649 erat
662 4599 741 4652 Heio.

1038 4625 1135 4776 .29ἢ
