3040 5164
477 402 532 470 Da
557 401 830 473 Dosnmoninns.
1211 409 1284 476 396

30 561 222 659 maumas),
241 595 380 662 quorum
401 559 525 643 mentio
543 579 581 642 lit
599 579 688 662 apud
701 580 725 644 J
727 577 969 644 ureconsultos:
988 579 1027 642 I..
1046 578 1076 640 1.
1092 579 1121 662 9
1139 581 1169 642 5.
1189 581 1230 642 Ι).
1245 581 1285 642 ds

33 689 96 750 lat.
116 695 150 747 et
166 697 228 748 rot.
249 687 379 748 mitrati.
393 687 432 748 L.
447 686 498 749 13.
513 687 541 768 §.
555 687 586 749 2.
602 687 644 748 D.
662 689 701 749 de
716 689 901 752 Adnnisistr.
922 695 981 750 tat.
1002 685 1098 763 Quae
1115 693 1180 749 tam
1200 709 1285 750 non-

30 815 206 877 numquam
221 815 342 878 magna
364 802 470 875 erant,
487 803 521 858 ut
541 813 681 877 sponsae
700 795 755 858 vel
773 795 815 858 ad
832 795 944 858 dotem
962 793 1156 858 sufficerent.
1178 792 1286 871 Quin-

33 901 154 964 ctiliani
176 921 257 964 sane
278 899 367 965 filiae
390 890 503 965 Nonio
527 903 640 965 Celeri
663 903 802 999 nubenti
824 903 852 965 L
872 903 976 968 millia
994 922 1126 966 numum
1144 901 1296 966 contulit·

33 1008 173 1071 Plinius:
189 1009 270 1073 Vid.
289 1011 391 1094 Epist.
414 1012 467 1074 VI.
484 1009 536 1073 32.

613 1163 641 1243 §-
665 1161 696 1224 9.

260 1279 350 1332 Xenis
368 1275 511 1347 hospitibus
528 1279 608 1330 missa
626 1278 730 1347 aliaque
749 1277 914 1332 liberalitatis
931 1279 1060 1348 exempla.

106 1378 365 1443 Liberalitatem
391 1401 468 1452 non,
484 1379 643 1442 minorem
667 1381 934 1444 ostentabantin
958 1380 1120 1444 donandis
1146 1380 1286 1464 hospiti-

37 1488 96 1551 bus.
116 1488 182 1551 His
196 1486 293 1550 missa
312 1507 448 1550 munera
462 1503 569 1552 xenia
582 1488 649 1552 κατ’
667 1488 776 1574 ἐξοχήν
790 1487 961 1572 adpellata
975 1498 1066 1552 sunt:
1080 1487 1168 1550 Plin.
1183 1489 1285 1569 θρῖα.

44 1596 89 1656 VI.
104 1595 153 1658 31.
185 1596 316 1658 Sammo
339 1597 402 1668 dis,
426 1597 607 1658 emunitus
634 1595 720 1658 nolis
743 1601 934 1659 seniorunt
958 1601 1063 1658 missa.
1094 1595 1161 1660 Sed
1184 1615 1285 1678 saepe

41 1703 145 1766 divites
171 1725 212 1766 ac
238 1703 421 1787 potentiam
447 1703 668 1784 adfectantes,
696 1703 792 1765 donis
815 1702 914 1787 plane
937 1704 1140 1787 privatorum
1163 1711 1285 1766 sortem

42 1812 259 1896 transgressis,
277 1811 486 1896 plebejorum
511 1811 653 1892 animos,
673 1810 950 1896 liberalitatisque
969 1811 1102 1876 laudem
1124 1813 1187 1876 sibi
1206 1833 1286 1874 con·-

42 1919 140 1984 ciliare
166 1920 358 1984 studebant.
378 1919 545 2002 Exemplo
567 1941 638 1982 esse
660 1928 771 2004 potest
791 1918 935 1999 Plinius,
952 1919 1008 2003 qui
1025 1920 1181 2002 Curiano,
1201 1919 1286 1984 Gra-

42 2026 120 2091 tillae
139 2028 226 2110 filio,
241 2028 390 2112 legatum
412 2026 555 2109 remisit:
571 2027 658 2090 Plin.
676 2029 777 2110 IIpist.
801 2028 836 2091 V.
850 2028 879 2090 l.
901 2028 1059 2091 Voconio
1076 2029 1187 2091 Firmo
1208 2047 1287 2090 cen-

41 2156 97 2198 sum
113 2144 302 2222 equestrem
319 2134 501 2220 supplevit:
513 2135 607 2199 Idem
622 2137 721 2217 Epist.
737 2135 762 2196 I.
778 2133 828 2197 19.
850 2135 1036 2198 Martialem
1051 2136 1172 2199 viatico
1181 2133 1286 2219 juvit:

39 2243 123 2306 Idem
138 2247 241 2326 Epist.
255 2246 315 2306 III.
324 2244 376 2306 21.
390 2243 607 2308 Artemidoro
623 2242 825 2326 philosopho
842 2243 924 2306 urbe
941 2241 1106 2306 excedere
1116 2244 1209 2327 jusso
1225 2242 1285 2306 sub

38 2351 236 2433 Domitiano,
252 2351 443 2436 pecuniam,
460 2375 525 2436 qua
541 2371 622 2435 opus
638 2359 727 2432 erat,
743 2375 763 2414 a
782 2351 1005 2434 locupletibus
1023 2359 1193 2436 negatam,
1215 2351 1286 2434 ipse

38 2468 215 2540 mutuatus,
230 2461 402 2544 gratuitam
426 2459 533 2523 dedit:
549 2459 643 2523 Idem
660 2461 762 2541 Epist.
778 2460 838 2520 III.
853 2459 904 2521 ll.
927 2457 1087 2522 Calvinae
1108 2458 1210 2540 patris
1227 2458 1287 2520 de-

40 2568 102 2631 bita
121 2569 263 2634 remisit:
290 2568 342 2632 Id.
357 2567 458 2650 lipr'st.
478 2570 521 2630 ΙΙ.
537 2567 567 2631 4.
590 2575 626 2632 ut
647 2566 713 2631 alia
739 2568 900 2651 stupenda
923 2589 1054 2652 prorsus
1077 2564 1286 2630 liberalitatis

44 2677 186 2762 exempla
201 2676 511 2761 praetermittamus.

609 2827 637 2910 §-
659 2828 710 2892 10.

262 2947 341 3014 lepis
362 2945 467 2999 Cinciae
486 2946 517 2998 de
536 2946 610 3000 donis
629 2951 655 2996 et
672 2943 823 2998 maneribus
840 2953 919 3013 caput
933 2946 1059 3014 primum.

116 3049 160 3112 Et
176 3045 258 3110 olim
274 3048 406 3133 quidem
424 3047 530 3110 libere
547 3045 686 3129 quisque
702 3047 827 3110 donare
843 3055 986 3129 poterat,
1003 3053 1156 3129 quantum
1174 3045 1287 3109 vellet.

47 3153 88 3217 At
105 3164 220 3238 postea
241 3155 284 3218 A.
300 3156 342 3220 U.
359 3154 396 3218 C.
417 3171 535 3220 Dxmx.
554 3157 594 3234 (s.
610 3158 681 3234 m..)
701 3177 721 3218 a
736 3153 781 3218 M.
798 3154 914 3218 Cincio
933 3152 1118 3233 Alimento,
1135 3151 1287 3215 Tribuno

46 3261 153 3346 plebis,
168 3263 239 3328 lata
255 3270 305 3326 est
314 3245 379 3327 ⁴len
394 3279 517 3338 omem,
534 3283 631 3346 quam
651 3272 684 3325 et
702 3279 914 3328 menesatem
931 3270 1029 3326 vocat
1047 3259 1185 3326 Plautus
1200 3259 1288 3342 apud

46 3371 168 3436 Festum
192 3372 252 3436 sub
276 3392 358 3434 voce
382 3375 553 3434 muneratis
570 3393 604 3453 p.
619 3370 692 3435 323.
714 3372 794 3456 Ejus
818 3371 923 3454 primo
945 3370 1054 3455 capite
1077 3377 1223 3448 cautum,
1246 3387 1288 3429 ne

47 3481 107 3562 quis
123 3480 170 3544 ob
186 3501 331 3544 caussam
347 3480 505 3543 orandam
528 3479 650 3542 donum
667 3497 823 3541 munusve
842 3487 987 3562 caperet.
1010 3477 1089 3541 Vid.
1105 3475 1173 3540 Cic.
1188 3477 1289 3558 Epist.
1414 3537 1422 3552 ,

48 3589 190 3651 odAttr‘o.
208 3591 232 3650 I.
251 3589 307 3650 ult.
334 3589 428 3648 Tacit.
452 3588 569 3648 Annol.
590 3585 646 3648 XI.
661 3585 691 3648 5.
714 3587 804 3647 XIII.
825 3587 875 3649 42.
898 3582 1007 3664 Quum
1030 3586 1115 3649 enim
1137 3583 1289 3648 instituto

43 3695 106 3778 jure
119 3705 324 3782 patronatus,
340 3696 382 3759 de
399 3717 464 3780 quo
481 3716 579 3779 supra
594 3694 660 3757 Lib.
677 3693 700 3756 I
720 3693 776 3756 Tit.
796 3696 837 3756 II.
853 3697 882 3778 §-
897 3695 947 3756 29.
963 3695 1094 3778 patroni
1109 3715 1169 3778 pro
1186 3691 1290 3756 clien-

48 3803 123 3868 tibus
141 3805 244 3890 gratis
260 3803 481 3888 postularent:
502 3803 537 3866 hi
560 3811 688 3888 gratum
711 3805 852 3866 animum
875 3805 1037 3867 ostensuri
1054 3800 1201 3886 patronis
1218 3799 1290 3862 Ka·
1388 3843 1389 3846 κ

48 3908 146 3977 lendis
159 3911 346 3993 Ianuariis,
362 3911 603 3993 Saturnalibus,
628 3910 805 3990 natalibus,
826 3912 918 3974 varia
941 3909 1096 3992 xeniola,
1112 3917 1235 3973 strenas
1256 3914 1290 3969 et

52 4019 229 4084 munuscula
244 4017 447 4101 offerebant,
465 4041 551 4104 quae
567 4019 688 4083 deinde
706 4043 724 4082 a
743 4017 867 4116 rabulis
883 4019 916 4082 in
933 4017 1038 4082 debiti
1061 4015 1289 4079 necessitatem

49 4130 269 4193 transformata
282 4127 366 4191 adeo
379 4127 511 4212 plebem
527 4113 732 4210 premebant,
745 4138 780 4192 ut
791 4129 945 4192 Patriciis
957 4127 1062 4192 veluti
1077 4122 1290 4212 stipendiaria

48 4263 335 4280 m

108 4337 141 4402 g)
160 4337 229 4387 item
247 4353 359 4388 munera
375 4334 529 4404 nuptialieia
545 4337 578 4388 L.
595 4340 651 4389 194.
665 4337 700 4390 D.
716 4339 747 4388 de
767 4336 873 4389 Verbor.
885 4338 950 4406 ripn.
969 4337 1050 4402 Apud
1064 4336 1222 4389 Ciceronem
1237 4351 1290 4404 pro

49 4419 78 4470 A.
97 4421 213 4486 Qlaeatio
233 4438 255 4472 e.
272 4424 298 4472 6.
316 4424 341 4472 9.
360 4424 388 4471 ct
404 4421 552 4487 Apulejum
571 4423 607 4473 de‘
621 4424 694 4474 asino
712 4437 794 4472 aureo
811 4421 870 4474 Lib.
892 4423 936 4475 VI.
955 4422 992 4494 [¹⁵
1004 4441 1031 4491 p.
1043 4425 1103 4475 992.
1121 4422 1161 4471 ed.
1183 4419 1290 4470 Ortdea-

49 4501 129 4575 dorp.]
147 4502 281 4570 nuptialia
306 4505 377 4558 dona
395 4507 488 4572 paullo
506 4506 584 4558 aliter
601 4506 771 4572 aocipinntnr
794 4521 845 4573 pro
869 4507 1026 4560 muneribus
1032 4545 1039 4572 ,
1058 4519 1128 4574 quae
1145 4509 1207 4556 ante
1224 4519 1289 4556 con·

50 4589 140 4642 bacas
157 4591 267 4658 nuptias
284 4589 393 4643 mulien
413 4592 504 4645 aviro
521 4593 711 4646 offerebantur.
729 4591 808 4646 Heia.
