3062 5164
221 387 293 454 aas
554 353 588 448 .’
693 375 839 446 nau.
863 374 944 444 un.
969 375 995 442 1.

223 566 317 642 patet
333 577 377 620 ex
392 555 581 638 fragmento
601 552 772 618 Ciceronis
787 551 875 635 apud
892 551 1038 616 Nonium
1054 547 1206 614 Mmaeit
1223 549 1266 610 E
1279 545 1353 612 iffi.
1362 571 1402 630 p.
1413 547 1484 612 582

224 666 323 732 Unde
337 664 438 730 etiam
456 671 588 724 sanctae
599 659 781 745 aliquando
796 659 960 740 dicuntur,
978 667 1145 742 tamquam
1163 657 1335 722 sanctione
1346 680 1379 720 -a
1393 656 1485 718 Pon-

223 774 366 840 tificibus
387 771 548 834 munitae:
567 767 658 832 Gell.
678 769 785 832 It'cctt.
807 771 875 830 Att.
892 766 951 828 IV.
968 765 999 828 9.
1021 765 1139 830 Statim
1158 765 1353 830 verolamia
1380 760 1484 828 tiebat

224 880 411 965 religiosus,
428 878 455 942 si
477 879 551 962 quis
570 885 733 940 mortuum
754 874 916 940 inlocum
934 895 1026 938 suum
1040 874 1225 940 intulisset:
1241 873 1282 934 L.
1297 871 1331 934 6.
1346 872 1381 952 5.
1395 871 1428 932 4.
1446 872 1483 934 B.

222 992 254 1058 b.
269 1001 290 1054 t.
306 991 337 1070 ¹¹)
356 988 426 1052 sive
447 986 483 1050 id
502 985 603 1049 liberi
622 982 764 1048 hominis
787 989 874 1046 essct
894 980 1047 1062 cadaver,
1071 983 1141 1062 sive
1154 979 1257 1044 servi:
1280 979 1320 1042 Ia.
1335 978 1371 1042 2.
1389 979 1435 1039 D.
1448 979 1483 1039 dc

223 1100 325 1180 licltg.
335 1106 366 1160 ct
378 1095 550 1172 somtsun.
562 1092 663 1156 Unde
676 1091 798 1154 etDivi
808 1091 942 1154 Fratres
953 1089 1187 1172 cenotaphium
1197 1086 1399 1170 religiosum
1416 1106 1480 1150 esse

223 1213 364 1290 negant:
379 1205 416 1266 It.
430 1202 461 1264 7.
475 1203 517 1261 D.
533 1202 573 1261 de
585 1201 663 1264 Iter.
677 1201 765 1262 aaa.
785 1197 933 1283 quamvis
952 1195 1044 1260 aliud
1062 1197 1164 1260 viarm
1188 1195 1291 1260 fuerit
1305 1195 1480 1260 Marciano

223 1313 258 1380 in
281 1313 320 1374 Ιι.
332 1310 364 1372 6.
385 1310 415 1391 fi.
438 1311 493 1372 att
509 1309 551 1370 D.
571 1309 637 1370 aod.
658 1306 716 1370 ubi
740 1304 961 1369 conferendus
983 1303 1095 1388 Ampl.
1118 1303 1302 1388 Byulsersh.
1324 1303 1401 1366 ors.
1417 1303 1478 1362 ts

224 1420 315 1486 Ante
330 1418 523 1500 rescriptum
544 1414 629 1479 illud
646 1414 878 1498 cenotaphium
900 1412 1093 1497 religiosum
1107 1411 1255 1476 habitum
1277 1431 1373 1492 esse,
1391 1409 1478 1496 [quia

223 1536 260 1593 et
279 1526 367 1592 istud
388 1524 463 1589 Diis
484 1522 639 1586 Manibus
662 1521 811 1586 dedicari
829 1519 980 1586 solebat:
1002 1520 1109 1584 Henr.
1123 1521 1234 1584 Notis
1253 1522 1293 1582 dc
1311 1518 1473 1600 Gmotopt.

225 1637 335 1698 Prion.
350 1635 410 1696 111.
426 1632 457 1696 2
471 1629 533 1716 sp]
550 1630 606 1694 vel
621 1651 665 1694 ex
678 1629 745 1694 illis
760 1629 897 1713 Virgilii
913 1631 1043 1692 Aeacii.
1058 1630 1117 1692 nt
1131 1647 1159 1690 o.
1172 1627 1326 1709 dilam-
1341 1634 1451 1711 patet:

347 1777 391 1788 -
473 1775 515 1789 -
598 1772 640 1784 -··
722 1773 746 1785 —
847 1737 1016 1819 Manisque
1029 1737 1159 1798 mahat

349 1848 539 1908 Hectoreum
553 1847 799 1912 ad'rurrunurr:
813 1846 910 1906 viridi
922 1866 1012 1926 queat
1026 1848 1140 1924 coaps'tc
1154 1863 1313 1916 susurru,

347 1955 392 2014 Et
405 1958 556 2035 genesas,
570 1971 718 2014 canuam
731 1954 878 2027 boam,
892 1961 1078 2016 sacraverat
1093 1971 1169 2013 cros
1184 1952 1228 2031 ¹).

223 2061 398 2145 Religiosa
419 2061 580 2145 ejusmodi
594 2059 669 2123 loca
685 2077 816 2142 semper
833 2069 929 2122 crant
947 2067 1043 2122 extra
1062 2058 1176 2123 urbem
1191 2063 1247 2138 ΙΙ),
1272 2058 1308 2120 in
1323 2057 1420 2142 agris,
1437 2065 1469 2120 et

166 2189 171 2206 ’
223 2169 364 2235 maxime
383 2177 520 2253 propter
539 2168 607 2232 vias
626 2165 786 2250 publicas
806 2166 906 2230 Unde
926 2175 993 2230 tam
1009 2166 1165 2252 frequens
1179 2170 1339 2230 motarum
1355 2163 1469 2228 mentio

223 2279 261 2344 ht
275 2277 308 2342 in
326 2276 469 2361 antiquis
483 2273 713 2340 monumentis.

806 2384 838 2507 ξ.
859 2427 889 2488 4.

601 2543 699 2602 Qualia
718 2543 821 2594 Rornae
839 2542 962 2610 sepulcro
970 2539 1099 2608 suerint?

305 2645 494 2710 Rsucross
515 2641 723 2706 habebantur
745 2641 905 2728 sepulcra,
925 2643 1003 2726 quia
1017 2642 1172 2705 dedicata
1188 2651 1282 2706 eraut
1297 2645 1360 2705 Dia
1377 2643 1465 2704 Mort-

222 2755 289 2817 hus.
311 2753 409 2817 Haec
429 2750 540 2835 qualia
555 2751 643 2835 apud
662 2751 831 2815 Romanos
850 2749 991 2831 limrint,
1010 2751 1124 2834 paullo
1141 2749 1329 2814 adcuratius
1354 2759 1403 2814 est
1420 2771 1468 2810 cx-

222 2859 421 2948 plicaudum.
443 2859 677 2945 Unusquisque
700 2859 884 2944 sepulcrum
907 2859 969 2920 sibi
993 2859 1027 2922 iu
1055 2879 1113 2922 suo
1137 2857 1249 2942 aliquo
1271 2859 1380 2922 fundo
1397 2857 1468 2921 deli-

221 2993 302 3056 gere
317 2969 457 3034 solebat.
476 2959 573 3040 Bebe
591 2975 702 3031 tamen
722 2967 764 3030 de
781 2966 955 3052 republica
979 2967 1103 3031 meritis
1124 2967 1216 3030 locus
1234 2965 1372 3051 publice
1391 2965 1468 3030 dari:

220 3075 398 3142 Reiuesius
415 3077 575 3158 Inscrr'ptt.
592 3076 690 3138 Chasa.
712 3075 765 3136 VI.
774 3099 810 3160 p.
823 3073 895 3136 409.
906 3097 938 3136 n.
952 3075 1094 3168 XXXII.
1109 3076 1309 3160 pauperibus
1324 3083 1360 3138 et
1376 3076 1467 3137 minus

291 3286 324 3353 k)
345 3285 488 3337 Caeterum
506 3289 534 3337 et
550 3284 579 3337 in
596 3281 715 3336 alienum
734 3285 832 3347 locum,
850 3283 1014 3335 concedente
1029 3283 1140 3350 quidem
1158 3283 1397 3349 dominaturam
1409 3285 1460 3336 hrt·

221 3371 267 3437 hat
285 3375 435 3434 munuum,
454 3385 542 3438 eoque
564 3372 637 3422 tacto
654 3369 745 3420 locum
768 3370 856 3421 tacere
880 3369 1036 3435 religiosum
1057 3369 1105 3434 (L.
1122 3374 1147 3421 6.
1159 3371 1180 3437 §.
1198 3375 1223 3424 4.
1241 3371 1277 3424 D.
1296 3371 1323 3424 h.
1342 3372 1388 3438 t.),
1400 3369 1461 3421 uude

220 3455 383 3518 mirandum,
404 3469 488 3522 qnare
506 3453 643 3522 plerisque
660 3454 792 3520 placuerit
811 3456 944 3508 sententia
962 3453 1183 3520 existimantium,
1200 3456 1229 3508 in
1240 3455 1404 3522 provinciali
1414 3455 1464 3506 solo

220 3557 275 3594 non
294 3539 351 3592 deri
374 3541 464 3592 locum
481 3537 654 3605 religiosum,
670 3540 799 3608 quoniam
825 3539 853 3592 in
871 3555 905 3592 eo
928 3542 988 3592 solo
1006 3539 1157 3593 dominium
1180 3541 1276 3608 populi
1294 3541 1413 3594 Romani
1429 3538 1464 3597 sit,

221 3627 264 3679 rel
281 3625 415 3690 Caesaris,
434 3625 495 3692 Gaj.
513 3625 548 3677 ll.
567 3629 591 3677 7.
609 3623 657 3676 ubi
675 3629 764 3678 tamen
783 3625 901 3691 additur,
918 3626 1054 3694 ejusmodi
1072 3628 1162 3677 locum
1172 3643 1227 3694 pro
1238 3629 1362 3696 relipioso
1374 3625 1464 3683 haberi,

221 3709 238 3762 i.
257 3727 280 3762 c.
298 3710 394 3762 eodem
408 3710 472 3776 jure
489 3709 635 3774 aestimari,
653 3716 735 3778 atque
753 3711 777 3763 si
794 3712 905 3777 proprie
922 3713 1009 3764 factus
1028 3709 1065 3762 sit
1081 3711 1233 3778 religiosus.
1254 3711 1340 3766 Miill.

292 3795 317 3864 l)
336 3795 506 3862 Religiosnm
524 3795 646 3848 habiturn
664 3796 855 3862 cenotaphium
868 3797 992 3863 Virgilio,
1010 3812 1065 3848 non
1084 3811 1166 3849 sensu
1180 3795 1309 3865 juridice,
1322 3799 1372 3852 sed
1385 3813 1463 3866 grane

219 3880 327 3934 matico.
344 3881 441 3935 Latius
459 3881 503 3947 egi
523 3882 557 3933 de
576 3882 744 3947 cenotaphiis
763 3881 894 3949 singulari
912 3882 1015 3948 capite,
1028 3897 1083 3950 quo
1102 3883 1136 3934 de
1154 3881 1264 3935 illorum
1275 3884 1465 3951 religionedis·

219 3967 322 4034 putavi.
340 3966 370 4038 [⁹
382 3966 456 4022 Obrr.
465 3967 527 4037 jar.
545 3967 625 4023 Rom.
637 3968 696 4024 ΙΙΙ.
706 3967 747 4038 b]
765 3967 885 4022 Miratus
903 3983 974 4032 sum,
991 3968 1065 4020 haud
1082 3967 1121 4020 ita
1137 3967 1244 4033 pridem
1261 3968 1351 4021 vinno
1363 3971 1463 4022 doctum

137 4063 143 4072 '
218 4052 374 4120 cenotaphia
391 4068 452 4104 cum
471 4051 630 4120 cepotophir's
653 4053 825 4116 contudisse,
844 4070 914 4121 quae
932 4053 1039 4106 diversa
1064 4069 1125 4107 esse
1147 4060 1249 4106 nonant
1264 4069 1370 4108 omnes.
1390 4055 1463 4106 Cosa

218 4137 269 4189 Est
296 4151 361 4274 vppo
394 4137 586 4202 cepotaphium
619 4139 717 4192 hortus
742 4140 868 4204 sepulcro
894 4141 1038 4207 religiosus
1071 4141 1166 4192 iactua
1205 4140 1351 4193 Forccllini
1379 4139 1463 4192 hesic.

216 4222 242 4273 h.
259 4238 285 4274 v.
337 4221 390 4274 a'lrl.

286 4309 328 4376 m)
348 4309 412 4363 Non
429 4307 527 4362 licebat
544 4308 616 4362 enim
633 4325 682 4374 per
700 4311 788 4377 Leges
808 4309 868 4364 XII
886 4311 1052 4364 Tabularum
1069 4315 1208 4364 manuum
1226 4310 1297 4364 iutra
1316 4309 1411 4363 urbem
1425 4321 1462 4358 sc·

218 4394 316 4461 petire:
335 4393 431 4451 Cicero
448 4395 481 4446 de
498 4395 579 4464 Lsyp.
598 4395 639 4449 ΙΙ.
657 4399 699 4447 2³.
718 4397 808 4458 Quam
825 4396 913 4462 legem
931 4398 1072 4450 firmarunt
1091 4398 1249 4452 Hadrianus
1266 4397 1299 4447 L.
1312 4400 1339 4448 8.
1357 4397 1378 4463 ἕ.
1390 4399 1413 4448 ὁ.
1430 4393 1460 4442 D-

219 4478 250 4530 da
265 4479 385 4546 Sopater.
398 4480 457 4532 vict.
472 4486 500 4530 et
511 4480 700 4532 Diocletianus
713 4486 739 4534 ct
752 4479 940 4536 Maximianus
954 4484 1042 4549 sugg.
1057 4485 1087 4536 l..
1103 4487 1143 4536 12.
1159 4482 1188 4535 Ο.
1203 4484 1235 4534 ds
1249 4481 1375 4549 Retipios.
1388 4479 1459 4531 Hera

216 4563 246 4616 ln
267 4563 333 4615 urbe
353 4569 441 4616 tamen
460 4565 679 4648 honoratioribus
697 4581 778 4631 saepe
794 4569 922 4631 'sepulcra
939 4570 1084 4622 constituta
1103 4568 1188 4622 faisse
1205 4573 1320 4620 constat.
1341 4567 1419 4618 Casa.
