3080 5154
372 355 426 424 lla
450 355 545 424 June
570 354 661 424 Nur.
688 354 800 424 Gara.
826 377 872 424 nr
897 355 973 441 Crv.
1238 364 1299 430 -rt

52 547 111 602 tum
124 536 183 600 sub
196 530 470 618 Imperatoribus,
490 532 678 618 viguerunt
699 533 776 596 Jam
789 539 825 598 et
841 532 884 596 de
896 532 969 596 aliis
981 533 1174 618 quibusdam
1190 536 1300 617 rebus,

53 665 178 730 quarum
199 642 313 705 obiter
327 641 392 703 hoc
407 638 506 704 titulo
532 639 681 703 meminit
698 639 896 724 Imperator,
916 660 1071 726 quaeque
1094 663 1137 706 ex
1155 644 1301 728 antiqui·

53 754 163 818 tatibus
192 750 304 815 lucem
330 748 475 832 aliquam
498 748 699 828 desiderant,
721 749 834 832 paucis
855 748 1030 832 agendum.
1053 750 1183 814 Eodem
1212 752 1300 815 enim

53 862 75 943 ἓ.
88 860 116 923 6.
134 863 163 922 Ιι.
180 868 202 922 t.
220 879 288 943 quo
308 856 351 919 de
366 856 558 946 Principum
574 856 705 919 disserit
718 856 1018 940 constitutionibus,
1034 859 1133 924 etiam
1149 876 1301 922 Pnrvmu-

53 985 183 1050 stonum,
206 976 245 1031 ut
274 973 307 1028 et
323 981 420 1028 Lucis
443 980 579 1046 Russus,
601 986 666 1049 qua
683 964 825 1049 populus
846 965 1019 1050 imperium
1041 988 1139 1032 omne
1153 968 1187 1031 in
1202 968 1302 1031 Prin-

54 1077 146 1162 cipem
167 1072 388 1154 transtulerit,
407 1071 487 1135 facit
501 1073 713 1138 mentionem.
737 1071 793 1135 De
814 1073 961 1159 utrisque
981 1075 1142 1140 nonnulla
1164 1087 1300 1140 mone‘re

53 1205 163 1270 operae
184 1181 290 1246 fuerit
306 1181 457 1266 pretium.

553 1405 556 1412 .
623 1348 653 1430 9.
672 1347 724 1410 59.

386 1481 533 1550 Privilepio
552 1481 616 1552 quid
623 1479 751 1548 suamet?
774 1497 854 1550 qaum
873 1479 969 1535 odiosa.

121 1591 386 1676 Nonnumquam
402 1583 625 1675 Imperatores
645 1589 807 1674 quaedam
827 1592 1028 1675 statuebant,
1053 1614 1138 1678 quae
1160 1595 1202 1660 ad
1224 1618 1302 1681 per-

53 1721 152 1764 sonam
167 1697 376 1786 singularem
388 1691 612 1783 pertinebant,
626 1717 737 1782 neque
757 1697 918 1761 trahenda
933 1707 1029 1762 crant
1040 1700 1083 1763 ad
1103 1704 1302 1789 exemplum,

53 1829 136 1892 quae,
151 1810 228 1872 sive
246 1827 391 1892 poenam
404 1806 569 1871 duriorem
585 1806 784 1890 irrogarent,
800 1805 869 1869 sive
882 1807 961 1892 quid
977 1808 1076 1873 alicui
1089 1809 1303 1897 indulgerent

53 1917 88 1978 ob
103 1917 272 1999 meritum,
299 1931 490 1980 Pluvluuulu
506 1913 772 2000 adpellabantur,
795 1915 888 2000 quasi
903 1921 1017 1998 pristas
1034 1921 1128 2000 leges,
1147 1929 1184 1984 ut
1203 1923 1304 1986 tradit

54 2023 129 2088 Gell.
145 2025 258 2088 Noctt.
274 2025 343 2086 Art.
359 2021 460 2085 X.20.
475 2023 594 2086 Isidor.
614 2025 701 2106 Ore'g.
717 2023 752 2085 V.
763 2023 814 2085 18.
836 2024 881 2086 Et
894 2023 973 2087 olim
986 2024 1119 2110 quidem
1133 2029 1303 2115 privilegii

54 2134 244 2198 vocabulum
259 2132 331 2194 fere
351 2151 481 2217 semper
493 2131 526 2196 in
545 2132 746 2195 deteriorem
765 2139 892 2215 partem
909 2135 1081 2217 acceptum
1096 2133 1229 2200 videtur
1241 2160 1302 2223 pro

53 2263 150 2325 poena
165 2239 447 2323 extraordinaria,
472 2263 556 2326 quae
580 2247 690 2304 certae
710 2260 872 2324 personae
892 2248 1019 2303 tantum
1040 2248 1136 2306 extra
1153 2243 1303 2308 ordinem

55 2359 82 2413 et
93 2349 243 2434 exempli
266 2371 380 2413 caussa
395 2347 618 2433 infligebatur.
638 2349 712 2412 Lex
738 2367 816 2410 sane
837 2355 964 2410 sacrata
990 2370 1097 2434 aeque
1118 2371 1156 2413 ac
1172 2350 1306 2415 decem-

55 2459 165 2542 viralis,
192 2457 273 2522 dum
289 2459 481 2521 rmvinnsns
499 2454 800 2536 maoamrnetuit,
819 2475 945 2539 poenas
970 2457 1133 2542 ejusmodi
1154 2459 1304 2525 duriores

55 2568 243 2651 quibusdam
266 2565 453 2630 hominibus
475 2575 570 2629 extra
587 2565 738 2628 ordinem
766 2561 873 2648 infligi
891 2565 1073 2648 prohibuit,
1096 2587 1157 2631 ceu
1171 2569 1240 2632 ¹vel
1262 2591 1306 2634 ex

54 2677 150 2739 verbo
161 2691 331 2741 russonum
348 2675 498 2759 colligas,
519 2673 609 2758 quod
633 2673 674 2738 ad
701 2693 826 2758 poenas
854 2673 1022 2757 pertinere
1044 2695 1143 2740 nemo
1162 2677 1305 2761 ignorat.
1425 2725 1431 2734 .

54 2783 129 2848 Vid.
145 2783 226 2848 Ger.
236 2782 357 2848 Noodt
375 2785 419 2845 od
432 2785 587 2846 Pendeat.
602 2787 648 2846 nt.
663 2783 703 2844 de
714 2781 863 2864 Legibus,
877 2781 1042 2847 Senatum.
1057 2793 1087 2848 et
1102 2787 1186 2868 long.
1199 2807 1304 2850 consu

50 2913 80 2972 p.
93 2892 140 2956 18.
160 2891 338 2956 Enenckel
353 2892 392 2954 de
402 2893 506 2973 priori.
513 2893 584 2973 jur.
602 2895 658 2954 orb.
673 2892 698 2953 Ι.
715 2887 744 2952 1.
755 2888 786 2952 2.
804 2897 834 2950 et
847 2887 879 2951 3.
892 2891 924 2969 ⁸)
950 2891 1007 2974 qui
1023 2891 1122 2956 etiam
1138 2893 1305 2977 observat,

55 2999 248 3064 Ciceronem
269 3020 388 3068 vocem
416 3001 615 3082 prtmlegr‘um
636 2997 830 3083 plerumque
853 2996 888 3060 in
915 2994 1127 3083 deteriorem,
1153 3003 1256 3067 rarius
1271 3004 1305 3066 in

55 3109 223 3173 meliorem
248 3117 389 3192 partem,
413 3106 574 3190 accipere.
596 3106 645 3170 At
655 3107 726 3192 jam
749 3107 857 3170 libera
883 3105 1056 3188 republica
1078 3110 1207 3192 saepius
1221 3091 1306 3176 lianc

54 3215 158 3302 legem
173 3217 363 3301 migrabant
383 3214 525 3280 Tribuni
541 3214 662 3301 plebis,
678 3223 723 3297 et,
744 3215 941 3298 quicumque
958 3233 977 3276 e
995 3214 1121 3278 civibus
1140 3216 1184 3279 ad
1202 3218 1306 3300 majo-

55 3348 117 3390 rem
127 3327 317 3412 potentiam
330 3325 586 3409 adspiraverant
601 3323 641 3388 In
652 3322 790 3386 Milonis
805 3322 915 3386 odium
924 3322 1115 3408 Pompejus,
1126 3323 1160 3388 in
1170 3324 1308 3389 Cicero-

57 3436 99 3500 nis
118 3434 262 3500 Clodius
284 3431 387 3496 multa
403 3439 574 3514 statuerat,
598 3451 685 3515 quae
705 3453 724 3494 a
748 3429 879 3514 legibus
899 3431 1134 3515 abhorrebant,
1152 3454 1306 3520 quaeque

56 3544 120 3628 ipse
136 3543 260 3608 Cicero
275 3542 442 3623 priorlcgs‘o
461 3548 559 3602 vocat
576 3539 611 3601 in
632 3539 783 3602 oratione
805 3559 867 3621 pro
881 3541 979 3602 Pomo
991 3539 1043 3604 17.
1064 3541 1190 3606 Postea
1207 3567 1308 3629 saepe

58 3672 95 3714 eo
110 3653 188 3737 jure
223 3651 402 3714 utebantur
431 3648 529 3710 etiam
557 3647 790 3730 Imperatores,
818 3668 927 3732 eoque
953 3648 1099 3732 pertinet
1119 3652 1307 3744 exemplum

59 3759 228 3840 Hadriani,
244 3757 302 3843 qui
323 3757 424 3820 herae
446 3755 613 3841 cujusdam
631 3756 802 3820 saevitiam
824 3776 936 3839 poena
955 3756 1032 3820 satis
1050 3757 1159 3842 rigida
1175 3759 1308 3843 relega-
1424 3750 1425 3755 ¹

58 3868 151 3932 tionis
174 3868 211 3930 in
234 3865 375 3930 insulam
402 3863 600 3928 vindicavit:
619 3865 656 3926 L.
669 3863 699 3928 2.
721 3867 753 3926 in
761 3868 834 3946 flos
851 3865 894 3924 1).
911 3865 951 3926 de
973 3865 1044 3939 His,
1066 3870 1123 3948 qui
1138 3869 1192 3929 sui
1203 3869 1252 3928 vel
1268 3869 1309 3927 ol.

51 3977 116 4057 jur.
142 3976 185 4040 Id
211 3995 293 4039 vero
318 3994 386 4038 non
407 3973 523 4036 mirum
551 3973 585 4036 in
607 3971 706 4036 herili
725 3971 910 4058 imperandi
931 3973 1072 4036 ratione.
1099 3973 1308 4036 Theodosius

58 4091 163 4148 tamen
175 4084 333 4168 jusserat,
354 4089 400 4165 ut,
416 4081 442 4146 si
457 4079 808 4170 Imperator'odiosum
827 4082 988 4167 ejusmodi
1002 4079 1214 4165 privilegium
1226 4082 1309 4143 irro-
1327 4093 1335 4104 '

59 4201 166 4276 garet,
190 4211 305 4277 poena
329 4189 468 4274 triginta
491 4190 563 4254 dies
585 4189 789 4254 differretur:
820 4191 858 4252 L.
880 4189 931 4253 20.
957 4191 990 4251 G.
1010 4190 1048 4250 de
1069 4190 1167 4250 Poen.
1201 4188 1311 4266 Quam

58 4299 162 4386 legem
185 4307 324 4364 auctore
350 4290 539 4384 Ambrosio,
558 4299 733 4362 occasione
750 4298 916 4379 tumultus,
944 4295 977 4359 in
996 4295 1083 4358 ludis
1100 4294 1310 4362 Circensibus

124 4552 154 4618 g)
173 4551 243 4605 Add.
262 4543 391 4613 inprimis
409 4543 527 4598 Dirksen
546 4545 593 4598 civ.
611 4543 680 4598 Abit.
698 4547 719 4596 l.
738 4561 764 4611 p.
783 4547 944 4596 246-255.
966 4541 1052 4595 Miilrl.
