3062 5164
349 385 404 456 Du
431 388 530 457 Mun.
556 387 643 459 Con.
669 391 801 464 Pnnur.
828 393 905 464 Crv.
933 395 1044 468 feno.
1250 405 1321 473 327

63 561 319 636 quatuorer‘rem
344 565 505 629 Horatius
521 586 601 628 vero
620 567 720 630 Serm.
736 570 761 630 Ι.
777 573 805 631 5.
821 591 848 632 e.
867 571 917 634 34.
933 593 996 656 sqq.
1019 574 1191 637 Praetores
1207 576 1322 660 adpel-

56 668 124 750 lat,
141 668 199 731 ubi
217 669 260 732 de
277 672 484 755 praefectura
496 673 670 738 Fundana:

217 781 350 843 Fundos
364 783 495 861 Aesrilio
510 783 612 844 Lusco
626 785 783 846 Praetura
797 786 927 849 libenter

217 887 414 969 Linquimus,
429 893 537 951 ebrani
547 893 684 953 ridentes
694 898 839 973 praemio
853 897 982 970 scribae,

216 994 436 1070 Praetorium,
451 999 596 1061 ettotam
611 1000 741 1073 olerum,
752 1021 940 1085 prunaeque
954 1005 1102 1064 detritum.

60 1100 303 1165 Praefecturas
321 1103 527 1188 hujusmodi,
550 1107 584 1168 in
602 1128 681 1191 quas
703 1108 820 1192 populi
844 1110 1006 1196 suffragiis
1021 1107 1189 1174 Praefecti
1210 1113 1321 1176 mitte-

60 1213 205 1291 bantur,
227 1211 347 1274 Festus
369 1221 521 1276 recenset
542 1213 708 1300 Capuam,
731 1216 866 1299 Cumas,
890 1218 1088 1300 Casilinum,
1110 1218 1320 1301 Vulturnum,

61 1319 252 1401 Liternum,
269 1318 441 1403 Puteolos,
456 1321 614 1405 Acerras,
625 1323 822 1404 Suessulam,
837 1325 996 1408 Atellam,
1013 1326 1189 1391 Calatiams
1205 1336 1321 1392 contra

61 1427 209 1491 Praetor
224 1429 438 1512 Praefectos,
454 1437 539 1494 teste
556 1431 693 1514 eodem,
716 1433 869 1498 mittebat
884 1435 1033 1517 Fundos,
1050 1436 1216 1517 Formiae,
1233 1436 1320 1500 Cae-

62 1557 136 1619 ren,
145 1536 345 1619 Venafrum,
357 1521 494 1621 Allieas,
506 1541 711 1624 Privernum,
726 1540 924 1627 Anagniam,
936 1545 1164 1626 Frusinouem,
1175 1543 1319 1626 Reaten,

66 1645 263 1728 Saturniam,
275 1645 438 1730 Nursiam,
449 1647 627 1732 Arpinum:
644 1669 839 1735 quamquam
850 1652 1032 1738 pleraeque
1047 1653 1220 1737 postremis
1236 1661 1319 1716 tem-

68 1755 199 1838 poribus
219 1754 264 1818 ad
281 1753 484 1820 coloniarum
499 1758 555 1821 vel
570 1757 820 1842 municipiorum
846 1762 1069 1845 conditionem
1084 1767 1318 1845 pervenerunt.

68 1861 143 1925 Vid.
161 1862 233 1926 Car.
249 1861 365 1948 Sigon.
380 1865 420 1927 de
434 1874 499 1928 ent.
508 1867 586 1947 jure
600 1867 671 1950 fiel.
686 1868 798 1931 11.10.
814 1888 857 1950 sq.
872 1873 919 1952 ¹¹).

629 2053 657 2134 §.
680 2051 752 2116 133.

538 2167 661 2222 Civitates
672 2168 852 2236 foederatae?

145 2266 314 2352 Reliquae
332 2267 499 2351 civitates,
518 2290 602 2356 quae
618 2292 728 2355 neque
746 2271 935 2356 municipia,
951 2291 1060 2356 neque
1077 2271 1241 2352 coloniae,
1257 2293 1316 2335 ne·

59 2397 131 2459 que
157 2375 384 2458 praefecturae
409 2384 520 2460 erant,
548 2377 697 2442 civitates
725 2396 946 2442 rennuaarsn
977 2378 1181 2442 dicebantur.
1213 2379 1316 2442 Erant

62 2484 152 2546 euim
173 2481 320 2567 liberae,
343 2484 406 2550 nisi
433 2485 521 2570 quod
543 2507 585 2548 ex
608 2487 747 2550 foedere
771 2486 933 2572 quaedam
955 2485 1125 2574 debebant
1146 2487 1316 2552 Romanis.
1427 2505 1432 2511 ·

63 2592 156 2655 Talis
179 2593 295 2656 civitas
318 2593 492 2658 foederata
514 2603 586 2660 erat
602 2595 734 2680 Capua,
754 2605 930 2679 autequam
953 2595 987 2658 in
1003 2596 1231 2679 praefecturae
1247 2596 1317 2658 for-

67 2721 147 2762 mam
162 2700 384 2788 redigeretur,
398 2702 476 2766 item
490 2702 683 2784 Tarentum,
696 2703 812 2784 Tibur,
825 2704 1019 2800 Praeneste,
1031 2703 1203 2788 Neapolis,
1217 2725 1315 2790 quae,

67 2807 141 2872 licet
162 2809 305 2873 foedere
328 2809 505 2877 obstrictae
528 2810 702 2888 Romanis,
726 2810 812 2874 adeo
835 2819 946 2874 tamen
967 2811 1203 2897 rempublicam
1225 2833 1314 2876 suam

64 2915 248 3000 habebant,
266 2926 302 2982 ut
322 2927 357 2983 et
368 2903 416 3000 ii,
434 2919 550 3003 quibus
574 2939 659 3002 aqua
675 2926 709 2981 et
729 2919 799 3004 igni
814 2917 1043 3003 interdictum,
1059 2920 1226 2986 civitatem
1242 2919 1316 2983 Ro-

66 3046 190 3090 manam
207 3025 354 3090 amisisse
370 3025 575 3108 viderentur,
591 3025 687 3090 simul
703 3049 741 3090 ae
758 3027 793 3090 in
810 3026 972 3111 ejusmodi
988 3027 1154 3092 civitatem
1177 3029 1314 3094 fuissent

65 3135 197 3226 recepti.
220 3135 341 3197 Forma
363 3132 568 3217 reipublicae
589 3135 680 3198 varia
696 3142 782 3216 erat,
799 3133 961 3219 siquidem
985 3133 1071 3198 aliae
1087 3134 1314 3200 Dictatoribus

63 3249 95 3303 et
111 3241 322 3321 consulibua,
335 3241 421 3304 aliae
437 3241 509 3305 aliis
526 3241 767 3325 magistratibus
784 3244 957 3326 parebant,
973 3249 1009 3305 ut
1023 3241 1211 3306 luculenter
1225 3241 1315 3305 idem
1414 3293 1416 3300 ⁴

62 3340 208 3414 ostendit
224 3349 339 3432 Sigon.
355 3351 373 3410 l.
389 3371 414 3411 c.
428 3353 476 3414 11.
492 3349 542 3412 14.

126 3608 161 3674 ιι)
183 3605 422 3658 Praefecturarum
440 3603 561 3656 conditio
578 3604 606 3658 in
621 3621 677 3657 una
694 3611 799 3658 tantum
819 3623 848 3658 re
860 3607 977 3660 deterior
994 3606 1046 3666 fuit
1057 3611 1130 3660 statu
1147 3607 1314 3675 reliquarum
1399 3669 1401 3674 ¹

60 3691 201 3746 civitatum
220 3689 391 3752 Italicarum,
416 3689 491 3758 quod
509 3689 611 3744 scilieet
634 3697 757 3746 carerent
781 3691 954 3756 Duumviris,
972 3691 1021 3759 qui
1035 3691 1220 3759 jurisdictioni
1238 3708 1316 3756 praa·

61 3783 157 3842 essent,
177 3775 317 3845 siquidem
335 3777 417 3840 hujus
434 3775 664 3830 administrandae
682 3791 765 3828 eausa
784 3776 916 3830 Praefecti
934 3775 1068 3830 Romaiu
1086 3792 1132 3830 eas
1151 3777 1315 3831 missisunt.

61 3864 215 3916 lueotarum
234 3867 326 3914 autem
339 3877 399 3914 sors
416 3861 445 3912 iu
459 3863 634 3926 praefecturis
649 3861 759 3916 minime
777 3861 871 3916 durior
882 3862 942 3926 fuit,
957 3877 1039 3930 quam
1057 3861 1086 3914 in
1104 3860 1259 3927 municipiis
1271 3862 1315 3914 vei

64 3945 91 3998 in
107 3947 233 4002 coloniis.
259 3947 350 4000 Etiam
368 3948 435 3998 haee
456 3946 559 4012 primus
578 3947 672 4010 docuit
689 3948 723 3999 de
741 3948 861 4014 Saviguy
879 3945 907 3998 in
929 3947 1024 4001 Gessit.
1042 3947 1066 4000 d
1084 3946 1121 3999 it.
1141 3947 1177 4000 R.
1195 3948 1230 3998 tm
1249 3947 1315 3998 Mit-

62 4033 164 4087 telalter
187 4032 866 4100 T.I.eapse-42.(§.14.ect.2.).11aut.
892 4032 957 4086 Vid.
979 4048 1050 4101 quae
1067 4045 1151 4097 supra
1168 4030 1259 4084 notavi
1278 4031 1314 4082 ad

61 4117 79 4183 i.
99 4123 157 4172 119.
176 4123 236 4170 not
254 4117 281 4168 b.
299 4117 401 4169 Fraudi
418 4118 469 4170 fuit
488 4117 601 4184 Sigania
619 4117 734 4185 aliisque
752 4117 944 4185 interpretibus
963 4116 1037 4170 Festi
1054 4117 1145 4180 loeus,-
1164 4115 1212 4166 ubi
1230 4115 1314 4168 Prae·
1423 4139 1429 4148 ·

60 4204 177 4256 tecturas
196 4194 349 4268 appellatas
367 4203 440 4268 dicit,
459 4218 529 4271 quae
542 4201 717 4268 magistratus
735 4218 801 4256 suos
818 4219 874 4256 nou
888 4205 1028 4264 haberem
1043 4199 1218 4266 magistratus
1235 4199 1315 4252 aimi-

61 4305 119 4342 rnm
131 4286 263 4354 iutelligit
275 4303 330 4352 eos,
343 4288 391 4356 qui
404 4288 610 4342 duumviratum
623 4289 683 4339 loco
695 4290 784 4340 Roma
795 4288 971 4342 mittebantur
983 4288 1032 4357 (de
1042 4285 1161 4351 Savigny
1174 4284 1191 4337 l.
1204 4284 1221 4337 l.
1229 4301 1259 4352 p.
1271 4287 1314 4338 64.

60 4384 110 4428 not.
120 4375 137 4428 i.
148 4373 191 4427 ed.
201 4375 254 4440 2.).
273 4373 415 4428 Caeterum
434 4375 669 4433 Praefecturarum
685 4372 753 4426 alias
768 4359 855 4426 mutto
869 4389 930 4426 ease
945 4369 1237 4437 deteriorieouditione
1249 4385 1314 4426 usas

60 4461 128 4526 attis,
138 4457 297 4526 negandum
305 4473 359 4510 nou
368 4464 418 4521 est;
429 4459 508 4526 cujus
520 4458 626 4524 insigne
637 4463 678 4524 est
687 4458 798 4523 Capuae
808 4461 972 4524 exemptum.
983 4460 1041 4512 Liv.
1052 4457 1163 4512 XXVI.
1178 4461 1218 4508 16.
1229 4454 1315 4508 Mitt.
