3062 5164
565 369 747 436 Anrmnrx
772 367 848 436 Lm
872 367 900 436 l.
925 366 1012 437 Car.
1037 366 1098 436 lv.

204 545 403 610 aratoribus:
417 553 536 628 postea
549 545 610 608 aab
626 543 1076 626 Imperatoribuscont'ectus
1093 553 1144 609 est
1157 565 1269 622 moa,
1275 548 1472 626 srumtc·
1518 560 1525 621 Ι

203 659 273 718 ntis
288 653 405 735 dictim,
417 675 495 738 quo,
506 652 588 738 quid
604 652 741 736 quaevis
751 635 923 736 provincia
937 655 1114 738 quotannis
1124 663 1293 739 praestare
1307 655 1470 736 deberet,
1520 629 1525 724 l

205 770 277 826 erat
291 762 580 846 comprehensum,
595 761 686 845 cujus
705 762 855 826 meminit
877 761 1039 846 Spartian.
1056 766 1162 824 Seuer.
1175 785 1202 825 c.
1219 762 1249 826 8.
1263 762 1346 827 nel.
1365 763 1471 826 Lam-
1525 801 1526 842 ,

203 870 287 955 prid.
302 874 420 934 Aulon.
434 871 631 951 Hclrbgodol.
647 891 674 930 c.
688 869 741 932 27.
755 869 797 932 cf.
810 870 884 934 Jac.
900 869 1098 934 Gotbofred.
1113 872 1158 934 od
1174 872 1231 934 ll‘t.
1245 872 1279 932 0.
1295 871 1420 934 stood.
1431 872 1469 932 de

206 979 283 1040 Gon.
294 980 400 1058 stum.
420 980 455 1041 V.
471 979 513 1040 R.
540 977 694 1041 Cetemm
719 976 918 1040 frumentum
932 978 1012 1060 boc,
1030 979 1100 1042 sive
1121 999 1182 1062 per
1204 978 1381 1060 decumas,
1398 980 1467 1042 sive
1525 1007 1526 1056 i

205 1086 382 1150 secuudum
399 1105 570 1160 canonem,
585 1094 749 1167 exactum,
764 1097 832 1148 tum
847 1084 988 1168 Romae,
1010 1095 1078 1150 tum
1094 1087 1127 1150 in
1143 1086 1336 1172 provinciis,
1352 1087 1391 1150 in
1408 1109 1467 1170 pu·

202 1194 300 1258 blicis
331 1193 538 1260 condebatur
568 1193 715 1272 horreis,
742 1194 830 1257 unde
856 1202 974 1278 postea
1008 1217 1070 1278 per
1101 1203 1269 1260 curatores
1304 1216 1465 1260 annonae
1526 1247 1527 1284 ,

204 1303 330 1388 populo
357 1311 392 1366 et
417 1301 576 1366 militibus
600 1301 873 1366 distribuebatur:
898 1301 1040 1387 Bulcug.
1062 1305 1101 1366 dc
1128 1314 1205 1368 vect.
1223 1325 1297 1387 pop.
1322 1304 1464 1366 11ηᾶ
1526 1285 1527 1328 ¹

205 1412 345 1476 Gasaub.
358 1413 404 1475 ud
414 1411 576 1494 Lamprid.
591 1413 684 1473 Ales.
701 1411 771 1472 Ser.
787 1433 813 1472 c.
827 1409 879 1472 39.
900 1411 991 1495 Lips.
1005 1413 1106 1475 Elect.
1119 1413 1147 1472 Ι.
1160 1411 1192 1475 8.
1216 1413 1289 1478 Jac.
1305 1411 1462 1476 Gotbofr.

203 1522 248 1584 od
261 1527 308 1582 tc’t.
327 1521 361 1582 0.
380 1520 493 1582 licead.
516 1521 555 1580 de
572 1521 619 1580 Re
641 1522 727 1582 nutat.
749 1529 784 1580 ct
806 1519 851 1582 ud
874 1523 920 1580 tit.
935 1520 974 1580 dc
993 1521 1127 1602 Erogot.
1148 1523 1212 1584 mc'l.
1242 1519 1346 1584 Talia
1369 1530 1457 1584 erant

203 1628 324 1692 horrea
350 1629 521 1692 Godana.-
546 1627 681 1692 Gruteri
702 1629 860 1708 hempta
881 1649 917 1710 p.
936 1627 1072 1690 LXXV.
1092 1650 1124 1690 n.
1147 1627 1177 1690 1.
1196 1627 1336 1694 Reines.
1360 1633 1459 1692 laser.

206 1738 307 1800 Ulcae.
328 1737 381 1798 VI.
397 1757 432 1818 p.
446 1735 519 1798 461.
532 1757 565 1798 a.
586 1735 735 1798 CXXVI.
754 1735 902 1819 itemque
926 1736 1249 1818 Sejano,1'upioaa,
1272 1744 1308 1798 et
1330 1736 1457 1816 similia,

205 1845 248 1908 de
268 1845 386 1930 quibus
401 1843 532 1907 erudite
548 1843 679 1908 disserit
692 1841 829 1906 Reines.
849 1844 924 1904 Vor.
939 1845 1025 1908 beot.
1040 1846 1101 1906 ΠΙ.
1115 1843 1166 1908 12
1175 1866 1211 1926 p.
1225 1845 1299 1908 aaa
1313 1867 1360 1928 aq.
1382 1845 1457 1908 Non

204 1952 311 2016 solum
332 1972 413 2015 vero
435 1951 607 2034 frumenti,
628 1952 687 2016 sed
710 1961 746 2016 et
768 1951 837 2016 vini
858 1952 994 2037 oleique
1015 1955 1269 2036 praestabantur
1290 1954 1452 2029 decumae,

205 2081 291 2147 quae
314 2069 349 2132 et
369 2061 461 2145 ipsae
482 2060 625 2124 Romam
647 2061 689 2125 ad
707 2061 824 2147 populi
846 2082 922 2124 usus
945 2060 1178 2143 mittebantur,
1199 2071 1236 2126 ut
1258 2062 1456 2126 docetllur-

204 2189 311 2232 manu.
325 2170 365 2232 de
378 2174 488 2253 vestig.
500 2191 572 2253 pop.
585 2170 675 2234 Rom.
690 2169 721 2234 2.
735 2178 772 2233 et
784 2169 815 2232 a

768 2323 797 2404 §.
819 2321 891 2383 116.

759 2438 909 2508 Scriptura.

287 2542 366 2606 Non
390 2542 494 2604 miuus
512 2540 638 2625 pingue
658 2538 805 2623 vectigal
829 2560 872 2602 ex
894 2539 1023 2624 pascuis
1046 2538 1307 2623 provincialibus
1332 2539 1456 2604 redibat

206 2658 241 2714 et
260 2648 407 2714 saltibus.
428 2646 531 2711 Tales
548 2647 635 2709 enim
650 2668 718 2710 nou
725 2646 838 2711 solum
854 2647 888 2710 in
903 2647 1004 2711 ltalia
1019 2656 1127 2730 crant,
1144 2648 1202 2711 sed
1223 2647 1308 2711 etin
1327 2649 1453 2734 provin-

206 2759 273 2823 ciis.
293 2757 393 2821 Unde
413 2760 637 2838 magistrorum
657 2759 833 2838 scripturae
848 2760 881 2818 ia
896 2759 977 2819 Ario
998 2766 1030 2819 et
1050 2759 1156 2819 Sicilia
1176 2756 1329 2820 meminit
1345 2756 1456 2820 Cicero

206 2869 250 2930 od
263 2869 330 2928 Act.
352 2867 387 2928 V.
401 2862 452 2925 15.
475 2865 597 2926 Verrio.
612 2865 673 2926 ΙΙΙ.
687 2864 739 2925 71.
762 2863 930 2948 Scriptura
943 2885 1022 2928 vero
1038 2865 1210 2928 dicebatur
1223 2864 1288 2926 boc
1305 2863 1457 2950 vectigal,

207 2975 284 3060 quia
303 2982 450 3058 pastores
471 2976 651 3059 oportebat
665 2972 754 3059 apud
769 2972 980 3053 publicanum
995 2995 1164 3038 numerum
1182 2971 1363 3058 pecudum,
1385 2995 1457 3059 quas

205 3083 240 3146 in
255 3103 376 3167 pascua
398 3080 532 3166 publica
553 3081 730 3145 immittere
746 3080 889 3163 vellent,
910 3082 1074 3167 profiteri:
1099 3103 1196 3166 quem
1213 3081 1412 3166 publicanus
1427 3083 1456 3144 in

206 3190 327 3256 tabulis
347 3192 412 3254 suis
435 3189 618 3254 adnotabat
638 3196 672 3253 ct
696 3189 878 3272 scribebat,
903 3183 955 3253 ex*
968 3212 1033 3276 qua
1055 3191 1214 3275 scriptura
1233 3199 1355 3274 postea
1377 3191 1455 3255 ratio

204 3301 293 3364 inter
310 3308 474 3388 pastorem
496 3307 530 3362 et
549 3297 761 3384 publicanum
780 3298 1032 3362 conficiebatur:
1054 3299 1171 3364 Festus
1193 3300 1252 3364 sub
1273 3321 1361 3362 voce
1376 3299 1449 3359 Scri·

201 3413 369 3494 pturorius
378 3429 413 3489 p.
424 3407 496 3470 429.
515 3406 582 3470 Sed
597 3407 661 3469 hoc
674 3427 777 3491 genus
788 3407 1001 3494 vectigalium
1017 3408 1076 3472 sub
1088 3409 1350 3492 Imperatoribus
1363 3407 1453 3472 aliam

206 3515 351 3580 induisse
373 3515 507 3600 faciem,
534 3524 568 3578 et
590 3523 724 3601 praeter
745 3517 922 3600 pensiones
946 3537 989 3578 ex
1008 3517 1136 3600 pascuis
1161 3516 1335 3580 dominicis
1361 3515 1454 3579 etiam

207 3633 331 3688 certum
347 3644 515 3688 numerum
536 3625 699 3710 pecudum
723 3647 766 3688 cx
788 3625 946 3711 gregibus
968 3624 1200 3710 praestandum
1223 3625 1324 3689 fuisse
1348 3649 1369 3690 a
1383 3645 1456 3709 pro-

206 3712 411 3808 vincialibus,
428 3753 470 3796 ex
484 3732 673 3798 Cassiodori
689 3735 763 3796 Vor.
777 3735 833 3796 XI.
841 3733 892 3796 39.
907 3733 943 3795 1..
955 3732 985 3795 3.
999 3733 1032 3797 0.
1047 3735 1159 3796 l'lcod.
1172 3735 1211 3796 de
1223 3734 1319 3796 Suor.
1331 3753 1456 3815 pecua

206 3841 346 3928 Vopisci
357 3842 450 3904 Prob.
462 3864 487 3904 c.
495 3841 545 3904 15.
557 3841 759 3908 demonstrat
772 3843 812 3907 V.
823 3842 859 3906 C.
867 3843 1072 3906 Burmannus
1080 3843 1118 3904 de
1128 3846 1238 3926 vestig.
1247 3862 1321 3926 pop.
1332 3839 1457 3903 Romal.

775 4021 803 4102 g,
825 4017 896 4082 11⁷.

763 4137 902 4190 Portoria.

290 4236 476 4302 solvebant
497 4239 689 4323 provinciae
711 4239 809 4302 etiam
825 4237 983 4323 portoria.
1005 4235 1060 4300 De
1076 4235 1191 4301 Sicilia
1210 4236 1244 4300 id
1260 4244 1388 4299 certum
1412 4243 1457 4296 est

209 4345 257 4409 ex‘
268 4345 335 4410 Cic.
356 4347 478 4410 Verria.
494 4348 537 4408 II.
552 4348 604 4412 72.
619 4370 663 4434 sq.
680 4349 722 4411 de
738 4348 819 4411 Asia
835 4368 877 4410 ex
894 4345 1040 4430 ejusdem
1056 4349 1178 4427 Agrar.
1195 4348 1241 4408 11.
1254 4327 1306 4406 29.
1330 4343 1373 4406 de
1388 4341 1457 4407 Bri-

208 4455 320 4519 tannia
336 4477 379 4518 ex
395 4454 502 4519 Tacit.
518 4459 570 4520 vit.
586 4461 696 4541 Agris.
711 4456 761 4519 31.
790 4455 862 4518 Nec
887 4462 1010 4519 tautum
1034 4453 1077 4518 de
1094 4453 1255 4517 mercibus
1278 4453 1312 4516 in
1329 4458 1455 4536 portum

209 4561 412 4626 devehendis
430 4562 570 4627 dabatur
583 4565 782 4648 portorium,
798 4585 910 4628 verum
929 4562 1027 4626 etiam
1044 4583 1104 4646 pro
1119 4563 1307 4630 itineribus:
1323 4561 1456 4626 Suetou.
