3058 5164
266 335 340 404 762
683 329 761 400 Lm.
783 325 846 400 lv,
869 327 949 400 Tra.
974 329 1103 402 xvnt

265 509 388 589 agua,
406 469 548 583 arm
561 504 725 588 aganas
737 509 893 588 psara-
905 510 941 570 ι.
954 506 986 572 a.
1000 507 1030 590 s.
1044 510 1102 574 arr.
1116 507 1155 574 a
1168 504 1198 574 r.
1209 511 1244 574 a.
1257 511 1285 575 s.
1293 515 1371 593 aaa.
1382 515 1438 578 ns.

258 614 406 697 princ.§
424 613 455 675 4.
477 612 508 675 6.
528 612 570 674 Ι).
591 613 631 674 ale
649 613 746 676 Pasa.
760 614 797 676 J.
818 612 891 676 103.
905 615 947 676 D.
968 617 1008 678 da
1027 616 1117 680 Veri.
1139 621 1218 698 ss'ga.
1235 617 1355 682 Illicitae
1372 630 1439 686 auten

208 803 213 816 Ι
263 729 339 786 aunt
359 739 490 803 poenae
508 719 646 782 carceris
661 720 829 804 perpetuis
850 721 887 784 L.
904 719 933 782 8.
948 721 978 800 §.
995 721 1027 784 9.
1041 723 1079 786 L.
1098 722 1149 786 35.
1168 725 1207 786 1).
1220 725 1256 786 da
1273 727 1351 788 Pasa.
1363 735 1387 788 et
1400 736 1440 789 tor-

263 835 463 892 mentorum:
491 827 529 889 L.
545 849 617 908 pan.
643 829 684 889 D.
707 829 746 888 de
773 828 953 903 Quaeata'on.
981 828 1134 912 Cujacius
1161 825 1319 894 Obseraatt.
1338 831 1439 896 nitu

263 936 332 1000 Sed
347 955 460 1000 omnes
482 942 593 998 tamen
614 933 672 998 has
694 933 828 998 illicitas
843 953 968 1018 poenas
983 933 1157 1020 Principes
1179 958 1273 1021 saepe
1291 958 1342 1022 per
1358 939 1437 1002 molan

262 1039 431 1128 privilegii
447 1041 610 1126 irrogasse
625 1041 702 1106 satis
717 1048 856 1106 constat.

840 1191 870 1272 §-
891 1190 942 1254 11.

598 1307 706 1360 Judicia
722 1305 829 1375 publica
847 1321 863 1358 a
881 1305 974 1376 quibus
991 1307 1107 1360 exercita
1121 1310 1174 1377 ⁸).²

346 1407 500 1471 Ceterum
522 1407 657 1491 publica
673 1407 800 1493 judicia
821 1408 1025 1471 exercebant
1047 1395 1142 1472 in'itio
1157 1408 1268 1495 Reges
1288 1409 1349 1494 ipsi.
1363 1409 1441 1473 Raun-

260 1515 322 1599 lus,
344 1524 429 1579 teste
445 1514 609 1599 Dionysio
624 1515 734 1579 Hch.
745 1517 787 1578 II.
803 1515 853 1578 lt.
869 1517 911 1580 de
927 1514 1056 1582 delictis
1071 1511 1221 1580 maximis
1239 1517 1305 1602 ipse
1322 1535 1440 1600 cognosce·

260 1621 338 1703 bat,
354 1624 483 1687 minora
509 1623 724 1686 Senatoribus
746 1623 969 1707 permittebat.
992 1624 1116 1686 Postea
1137 1623 1254 1687 Tullus
1275 1623 1401 1686 Hostilius
1414 1623 1440 1684 ir·

261 1731 366 1794 stituit
379 1729 587 1810 Duumviros,
602 1730 657 1814 qui
673 1729 938 1814 perduellionem
948 1729 1149 1813 judicarent,
1163 1732 1317 1816 simulque
1331 1733 1362 1794 ab
1374 1749 1440 1790 corun

261 1838 426 1901 sententia
448 1837 719 1919 provocationem
742 1837 904 1901 concessit
925 1837 966 1901 ad
988 1837 1164 1922 populum:
1186 1837 1378 1902 Liviusttt.
1392 1837 1440 1898 lsr-

260 1945 407 2029 quinium
424 1941 607 2026 Superbum
627 1956 742 2008 auctor
764 1953 814 2008 est
829 1945 916 2008 idem
935 1945 1048 2010 Livius
1066 1948 1090 2007 l
1108 1944 1231 2033 [*49.]‚
1251 1957 1284 2008 at
1301 1955 1385 2007 matun
1396 1943 1437 2024 pla-

260 2053 346 2115 rsbus
364 2055 535 2131 incuteret,
556 2055 743 2134 cognitiones
761 2054 941 2134 capitalium
961 2073 1069 2116 rarum
1094 2057 1162 2116 sine
1178 2051 1306 2117 consiliii
1321 2075 1369 2136 par
1380 2072 1401 2112 ss
1414 2069 1441 2110 aa

259 2162 324 2221 lam
338 2147 534 2222 caucasiae.-
545 2181 668 2242 perque
682 2182 752 2221 eam
765 2181 911 2222 caussam
928 2160 1074 2232 occidere,
1092 2163 1125 2222 in
1140 2163 1284 2223 eassiiam
1300 2180 1382 2243 agere,
1392 2155 1441 2218 iaris

258 2269 411 2330 mulctare
426 2267 644 2330 consuevisse.
664 2267 705 2330 ln
720 2265 852 2350 Regum
873 2265 993 2346 locum,
1004 2265 1227 2331 succedebant
1243 2265 1383 2346 Consules,
1393 2279 1441 2345 quos

259 2373 506 2459 quaestionibus
525 2374 666 2458 publicis
688 2395 753 2437 non
775 2395 885 2450 secus,
908 2395 946 2436 ac
959 2372 1074 2458 Reges
1097 2375 1293 2458 praefuisse,
1314 2373 1374 2438 satis
1387 2373 1441 2454 patet

259 2481 414 2565 exemplo
435 2481 528 2545 Junii
550 2481 646 2545 Bruti
670 2481 757 2566 apud
781 2481 911 2546 Livium
936 2483 977 2543 II.
999 2483 1030 2544 5.
1061 2482 1241 2546 Enimvero
1268 2478 1351 2567 auum
1369 2477 1438 2539 eaden

259 2611 345 2652 anno
367 2589 405 2651 P.
422 2588 575 2651 Valerius
595 2589 772 2672 Poplicola
793 2589 903 2673 legem
928 2589 969 2652 de
987 2591 1229 2671 provocatione
1252 2590 1375 2666 tulisset:
1389 2585 1435 2645 inra-

256 2695 319 2758 luit
341 2702 477 2778 pbstea,
494 2703 529 2760 ut
551 2717 616 2758 non
640 2695 762 2760 Consul
784 2695 826 2759 de
849 2697 957 2782 capite
981 2695 1061 2759 civis
1083 2695 1231 2760 Romani
1250 2697 1356 2782 injussu
1374 2683 1437 2777 pull

259 2811 445 2889 quaereret,
462 2823 572 2866 verum
589 2804 624 2884 ii,
647 2825 729 2890 quos
746 2805 887 2889 populus
902 2789 1159 2890 quaestionibus*
1172 2805 1309 2889 publicis
1326 2795 1441 2890 praeterii·

172 2899 174 2904 ¹
258 2919 325 2995 set,
342 2912 465 2997 quique
484 2911 565 2973 inde
583 2909 783 2988 Quaesitores
802 2914 967 2995 parrica'dnf'
984 2922 1058 2974 sunt
1081 2911 1254 2994 adpellati.
1274 2907 1396 2976 Meminit
1409 2921 1442 2962 eo-

256 3042 325 3083 rum
343 3021 412 3104 jam
429 3019 486 3082 lex
502 3019 576 3084 XII
594 3017 807 3098 Tabularum,
825 3021 851 3084 si
866 3040 946 3084 vera
968 3019 1081 3082 scribit
1099 3019 1303 3104 Pomponius
1316 3015 1376 3079 bi.
1386 3005 1443 3091 §il

256 3129 297 3188 Ι).
314 3129 353 3190 rie
371 3128 458 3210 Orig.
474 3130 541 3210 jur.
563 3127 680 3198 Festus
698 3129 757 3192 sub
773 3149 855 3191 voce
875 3127 1063 3204 Quaestares
1075 3149 1109 3209 p.
1123 3126 1197 3189 407.
1225 3117 1444 3205 Quaestcradia·

256 3235 380 3308 bantur,
402 3237 485 3316 quoti
509 3246 696 3318 quaererent
721 3237 759 3298 de
780 3239 873 3298 rebus
893 3237 1091 3316 capitalibus,
1117 3237 1220 3310 uude,
1242 3239 1298 3317 qui
1311 3231 1365 3294 aba
1377 3235 1440 3304 quii
1473 3263 1474 3272 ¹

134 3385 136 3391 ι
256 3351 341 3417 runt,
364 3353 542 3425 quaestores
558 3345 717 3426 parricaiis'
734 3345 943 3427 adpellantur.

826 3495 855 3576 §.
879 3493 929 3555 12.

638 3610 806 3669 Quaesitores
824 3609 951 3679 quomodo
969 3607 1119 3661 consumti?

307 3789 310 3796 .
336 3710 498 3776 Solebant
513 3731 592 3774 vero
610 3710 770 3796 ejusmodi
784 3708 997 3798 Quaesitores
1012 3708 1090 3772 olim
1107 3705 1154 3774 ita
1170 3704 1332 3786 constitui,
1342 3694 1447 3782 utprino

256 3817 349 3881 lieret
374 3819 514 3899 sctum,
537 3840 603 3902 quo
619 3819 760 3882 Tribuni
775 3819 979 3904 jubebantur
1000 3817 1105 3900 primo
1130 3836 1266 3899 quoque
1286 3822 1408 3889 tempore
1423 3791 1448 3858 ad

255 3925 384 4010 plebem
408 3926 494 3988 ferre
514 3925 555 3987 de
572 3926 767 4012 quaestione
781 3924 876 4009 hujus
892 3924 944 3987 vel
966 3923 1057 3987 illius
1073 3922 1234 3986 criminis=
1256 3918 1358 3982 Livius
1372 3901 1450 3974 Wbl

254 4033 373 4098 Fiebat
397 4032 518 4097 deinde
544 4055 562 4096 a
590 4031 746 4097 Tribunis
767 4033 897 4116 rogatio
926 4029 991 4120 hoc
1017 4029 1134 4093 modo:
1148 4042 1305 4124 avenigis,
1325 4021 1449 4086 susannis,

255 4158 474 4232 autumus,
492 4158 587 4227 ,QUAE
614 4157 758 4204 naevum
781 4157 908 4222 carru,
930 4154 1082 4220 mutus,
1105 4151 1236 4198 cosona
1264 4131 1451 4196 auunculi·

254 4267 377 4314 macno
405 4264 487 4328 asr,
509 4263 636 4324 aurona
664 4263 726 4312 sun
755 4246 835 4314 arus
863 4265 1002 4314 rurnmo
1029 4229 1450 4318 namuur3'auonnius1t

249 4364 547 4390 nn--k-——nm—

321 4442 349 4509 ε)
369 4443 423 4507 Qui
441 4459 489 4511 per
506 4443 581 4498 varia
606 4449 728 4511 tempora
752 4443 868 4511 publicis
892 4441 1005 4511 judiciis
1030 4437 1213 4509 praefuerint,
1238 4429 1383 4519 usquam
1399 4419 1452 4474 etim

252 4525 369 4579 Bachius
387 4529 424 4580 H.
439 4528 467 4581 J.
486 4530 521 4581 11.
541 4535 552 4581 l
561 4567 571 4600 ,
589 4534 632 4582 22.
649 4527 738 4582 Haut.
1021 4557 1024 4566 .
