3062 5164
220 398 291 466 274
593 389 776 458 Anrnrnrx
800 389 879 460 Lm.
902 391 932 463 l.
958 389 1046 460 Can.
1069 385 1107 458 1.
1525 465 1526 476 ἵ

904 514 908 520 “
1525 503 1526 536 l

219 567 363 634 Disserit
378 565 420 630 de
437 563 487 628 his
503 563 721 648 vectigalibus
737 547 808 628 Jac.
825 564 938 650 Gujac.
959 555 1033 627 θῦε.
1046 563 1136 626 XIV.
1153 561 1184 624 a
1203 560 1262 623 ssd
1279 559 1345 640 ita,
1366 559 1403 620 u't
1423 558 1467 621 le·
1525 549 1526 628 l

220 684 328 738 ctores
341 694 407 736 non
429 673 533 738 multo
544 673 665 745 reddat
684 672 853 753 certiores,
875 674 1023 757 itemque
1038 671 1080 735 V.
1090 669 1126 733 G.
1138 669 1257 732 Petrus
1269 667 1466 730 Burmannus

220 785 261 846 de
273 785 382 863 vectr'gr.
395 801 469 862 pop.
484 783 574 844 Rom.
594 803 620 844 e.
633 781 664 843 5.
676 803 710 862 p.
727 779 779 842 73.
794 801 838 864 sq.
854 779 926 842 edit.
943 799 1012 842 nso.
1038 777 1159 840 Mirum
1178 784 1229 840 est
1248 774 1395 859 vectigal
1414 795 1466 858 pro

220 890 334 953 ambra
349 890 480 970 pletum·
497 896 665 969 exactum,
693 888 735 951 de
762 910 828 972 quo
851 886 939 951 Plin.
955 885 1040 948 ΗΜ.
1063 887 1141 947 Nat.
1162 884 1237 946 XII.
1255 884 1286 946 l.
1305 882 1466 965 multoque
1520 889 1526 952 l

221 995 404 1062 mirabilius
428 992 623 1077 cirismatis,
648 993 738 1078 quod
754 1016 816 1079 pro
835 991 1090 1079 caeli'aerisque
1113 1014 1172 1055 usu
1190 992 1409 1075 pendebatur,
1431 989 1465 1052 de
1525 991 1526 1028 ἶ

224 1127 291 1189 quo
313 1103 475 1188 quaedam
492 1103 580 1168 haud
598 1103 739 1187 protrita
760 1103 863 1167 habet
883 1102 972 1164 idern
993 1102 1145 1165 laudatus
1165 1101 1278 1184 Cujac.
1298 1097 1370 1160 oss.
1389 1098 1426 1160 X.
1441 1097 1467 1158 7.
1525 1089 1526 1104 ’

223 1212 364 1295 Buleng.
378 1213 418 1273 de
432 1214 573 1294 vectigal.
587 1231 659 1292 pop.
672 1212 761 1273 Rom.
778 1233 804 1273 e.
815 1211 865 1273 17.
880 1217 915 1272 et
930 1210 1108 1273 Burmann.
1118 1209 1144 1271 c‘.
1156 1209 1205 1271 12.
1216 1229 1250 1291 p.
1261 1205 1337 1270 209.
1347 1206 1394 1266 ed.
1407 1225 1467 1266 noo.
1525 1253 1526 1256 .

227 1320 386 1404 Denique
416 1320 515 1382 etiam
548 1320 642 1383 novis
663 1317 732 1380 illis
766 1317 986 1402 vectigalibus
1013 1317 1070 1380 vel
1095 1316 1237 1378 maxime
1269 1312 1468 1377 adcensetrda

230 1427 387 1492 vicesima
405 1426 646 1508 hereditatum,
668 1425 789 1510 deque
805 1428 875 1510 jam
892 1432 969 1490 ante
989 1428 1018 1508 5.
1033 1426 1084 1488 19.
1100 1422 1227 1507 aliquid
1242 1420 1434 1486 notavimus.

800 1594 829 1675 §-
851 1593 902 1656 64.
1001 1645 1005 1654 ι

692 1709 745 1760 Jus
761 1683 954 1780 suffrapiomm
969 1709 1009 1774 d).
1142 1683 1144 1686 Ι

311 1811 484 1896 Bergimus
503 1808 545 1871 a‘d
559 1809 614 1893 jus
629 1825 905 1892 SUFFRAGIORUM,
924 1809 1014 1893 quod
1030 1816 1064 1872 et
1081 1807 1187 1892 ipsum
1206 1807 1248 1870 ad
1262 1808 1344 1894 jura
1361 1805 1470 1870 civium
1525 1867 1526 1906 1

228 1921 459 1986 Romanorum
475 1915 644 2000 pertinuit.
672 1916 817 1979 Comitia
837 1916 998 1980 Romulus
1014 1917 1212 1999 instituerat,
1230 1915 1419 2000 civibusque
1432 1911 1472 1974 li·
1525 1909 1526 1986 l

229 2030 311 2090 bera
335 2026 529 2113 permiserat
555 2021 726 2108 suffragia,
754 2025 884 2109 quoties
907 2024 962 2087 vel
988 2023 1045 2087 lex
1068 2024 1225 2106 ferenda,
1247 2023 1303 2086 vel
1323 2021 1472 2086 creandus

229 2135 453 2220 magistratus,
477 2129 532 2193 vel
553 2130 678 2194 bellum
702 2131 847 2218 denique
870 2129 1113 2196 decernendum
1135 2133 1322 2196 videretur:
1344 2129 1472 2212 Dionys.

230 2243 340 2310 Halic.
354 2243 395 2304 ΙΙ.
411 2241 461 2303 14.
480 2239 589 2316 Quum
605 2261 686 2302 vero
705 2241 801 2304 initio
815 2239 962 2302 curiatim
975 2241 1129 2325 suffragia
1146 2242 1313 2304 ferrentur
1327 2237 1363 2299 iu
1383 2237 1473 2298 comi·
1525 2247 1526 2298 l

230 2353 285 2416 tiis
301 2349 448 2414 curiatis:
464 2352 581 2430 postea
598 2348 781 2412 centuriata
798 2347 931 2410 comitia
947 2348 1075 2410 invenit
1096 2348 1229 2440 Servius
1245 2345 1395 2428 Tullius,
1410 2344 1475 2428 qui-

158 2456 162 2464 “
229 2463 290 2524 bus
305 2458 342 2521 id
359 2462 578 2540 consequutus
598 2462 663 2538 est,
678 2464 716 2519 ut
729 2455 883 2520 ditiorum
904 2455 1135 2539 praevalerent
1151 2449 1316 2538 suffragia,
1336 2475 1431 2538 quum
1444 2452 1474 2513 in

234 2564 375 2629 comitiis
392 2561 524 2624 curiatis
541 2562 638 2626 turba
653 2583 834 2647 egenorum
853 2563 971 2626 civium
990 2563 1165 2647 optimates
1181 2570 1216 2625 et
1232 2562 1369 2626 ditiores
1387 2559 1474 2624 sacile
1525 2559 1526 2632 l

231 2691 368 2736 numero
394 2669 621 2754 suffragiorum
648 2653 819 2735 obrueret:
841 2670 979 2756 Dionys.
996 2671 1074 2735 Hal.
1091 2671 1149 2732 IV.
1167 2671 1218 2733 20.
1235 2693 1280 2753 sq.
1310 2671 1357 2733 Et
1377 2691 1418 2731 ex
1438 2689 1475 2730 eo
1525 2647 1526 2736 l

231 2791 382 2863 tempore
395 2777 464 2840 fere
483 2778 563 2842 dicis
580 2787 706 2842 tantum
720 2787 754 2841 et
769 2778 986 2863 auspiciorum
1004 2800 1115 2842 caussa
1128 2778 1320 2864 rogationes
1332 2778 1473 2840 curiatim

231 2886 401 2976 perlatae,
421 2891 455 2947 et
475 2885 620 2972 denique
639 2886 712 2971 ipsa
733 2884 792 2949 illa
819 2886 953 2949 comitia
977 2885 1171 2949 adumbrata
1192 2893 1266 2951 sunt
1289 2907 1351 2971 per
1369 2883 1475 2948 XXX

232 2996 384 3060 lictores:
401 2992 469 3055 Cic.
487 2994 527 3056 de
544 2995 605 3076 leg.
621 3013 732 3076 agras.
747 2994 789 3053 ΙΙ.
805 2992 855 3055 12.
875 2993 951 3071 Qua
972 2993 1014 3056 de
1032 3015 1068 3057 re
1087 3002 1198 3057 tamen
1214 2983 1302 3057 haud
1322 2993 1406 3058 levis
1423 2991 1475 3056 fuit
1525 2979 1526 2992 ¹

232 3104 374 3168 virorum
401 3082 663 3164 doctissimorum
687 3100 879 3180 altercatio,
902 3099 1037 3174 Nicolai
1061 3099 1188 3164 scilicet
1210 3101 1367 3165 Grucchii
1391 3108 1425 3164 et
1445 3100 1474 3162 C.

234 3211 381 3297 Sigonii,
407 3229 544 3295 quorum
566 3207 686 3291 scripta
706 3205 838 3268 eristica
855 3204 1001 3297 repetita
1028 3206 1177 3270 editione
1198 3206 1350 3292 vulgavit
1372 3209 1423 3271 vir
1440 3207 1474 3270 de

231 3320 282 3382 his
297 3313 417 3384 litteris
435 3313 665 3378 immortaliter
681 3312 827 3394 meritus,
846 3313 868 3376 J
871 3335 900 3376 o
920 3311 1046 3400 Georg.
1062 3313 1224 3378 Graevius
1246 3317 1337 3378 temo
1353 3317 1378 3376 Ι.
1397 3316 1475 3376 ibes.
1525 3295 1526 3368 l

233 3429 310 3488 Ant.
328 3427 418 3486 Rom.
433 3425 475 3503 θ).
497 3420 654 3505 Denique
673 3419 772 3500 etiam
792 3421 915 3484 tributa
940 3421 1077 3486 inventa
1096 3429 1171 3485 sunt
1194 3421 1345 3502 comitia,
1368 3421 1474 3504 quibus

1525 3539 1526 3578 l

121 3613 130 3626 ’
216 3619 217 3624 ’
304 3629 337 3696 d)
363 3628 407 3679 De
423 3628 481 3694 huj.
499 3626 568 3695 §.phi
585 3632 746 3692 argumento
759 3623 826 3694 'jam
846 3626 912 3680 satis
930 3630 1015 3680 multa
1032 3628 1068 3680 ad
1086 3627 1139 3680 Tit
1161 3629 1197 3681 11.
1213 3628 1272 3694 huj.
1287 3629 1335 3681 lib.
1353 3597 1526 3696 atqueibil

233 3716 276 3766 vel
294 3712 413 3767 maxime
431 3712 466 3764 ad
477 3713 498 3778 ξ.
516 3715 542 3763 6.
564 3726 624 3779 sqq.
644 3711 787 3764 observata
805 3717 877 3765 sunt.
895 3711 983 3764 Miilael.

271 3863 273 3868 Ι
301 3800 331 3867 e)
352 3796 484 3860 Quaestio
502 3797 572 3849 inter
590 3797 639 3848 bos
651 3794 725 3848 viros
740 3795 913 3850 doctissimos
932 3798 984 3855 suit
1000 3798 1035 3850 ds
1053 3797 1112 3862 lege
1129 3791 1241 3849 curiata.
1258 3795 1318 3849 Nic.
1334 3794 1475 3849 Gruechins

232 3883 384 3946 existimat,
409 3879 537 3948 patricios
556 3879 730 3946 magistratus
753 3882 820 3934 olim
837 3881 909 3934 binis
927 3881 1044 3934 comitiis
1067 3898 1128 3934 esse
1144 3888 1264 3946 creatos,
1284 3883 1440 3935 centuriatis
1455 3887 1476 3931 ct

232 3969 356 4022 curiatis:
375 3964 496 4033 plebejos
514 3963 606 4017 itidem
623 3965 708 4031 binis„
721 3966 829 4019 tributis
848 3975 875 4018 et
892 3967 1026 4020 curiatis}
1038 3966 1163 4035 denique,
1182 3983 1267 4035 quum
1288 3965 1475 4018 obsolevissent
1525 4029 1526 4038 ἵ

232 4053 337 4107 curiata
353 4049 472 4113 comitia,
487 4050 660 4130 magistratus
679 4067 773 4104 omnes
792 4051 863 4106 binis
881 4051 998 4104 comitiis
1015 4057 1130 4115 creatos,
1148 4050 1305 4102 centuriatis
1324 4049 1475 4103 attributis.
1525 4049 1526 4110 l

233 4139 322 4203 Negat
339 4135 368 4187 id
387 4135 448 4186 Car.
467 4133 604 4201 Sigonius,
622 4138 797 4201 magistratus
816 4142 920 4190 tantum
937 4137 1019 4206 unius
1036 4136 1143 4204 generis
1158 4135 1276 4188 comitiis
1294 4141 1399 4189 creatos
1413 4135 1476 4188 enb-
1525 4179 1526 4202 ,

233 4223 341 4285 timaus,
356 4221 490 4273 Consules
508 4219 636 4272 nimirum
654 4221 818 4287 centuriatis,
833 4223 902 4274 alios
914 4221 1087 4288 magistratus
1105 4220 1233 4287 patricios
1253 4220 1374 4285 curiatis,
1390 4221 1429 4273 ita
1444 4225 1474 4270 ta·
1525 4205 1526 4270 l

233 4324 303 4372 men,
322 4312 353 4358 ut
370 4304 467 4358 deinde
486 4303 584 4356 iterum
601 4305 635 4356 de
646 4305 745 4358 iisdem
758 4306 960 4374 magistratibus
975 4303 1129 4372 judicatum
1147 4305 1191 4369 sit,
1204 4307 1380 4374 populusque
1392 4305 1475 4371 priora
1525 4295 1526 4362 J

232 4391 343 4445 comitia
360 4390 555 4456 reprehendere
573 4391 698 4453 potuerit.
722 4394 796 4458 Ergo
814 4395 848 4445 de
867 4391 1033 4444 Consulibus
1058 4389 1100 4442 bis
1127 4395 1205 4455 putat
1221 4389 1344 4453 comitis,
1365 4391 1412 4442 sed
1430 4403 1473 4440 non
1525 4379 1526 4450 ξ

232 4476 293 4528 aliis
312 4490 394 4542 quarn
412 4472 577 4536 centuriatis,
593 4473 755 4539 judicatum,
775 4477 808 4526 de
826 4476 886 4528 aliis
905 4463 1014 4544 quoque
1032 4476 1089 4538 bis,
1108 4475 1156 4526 sed
1174 4474 1283 4526 nonnisi
1301 4473 1421 4527 curiatis.
1440 4472 1474 4525 nh

231 4558 398 4612 cruditorum
416 4572 480 4610 vero
499 4564 595 4610 senatu
609 4558 667 4624 jam
691 4559 795 4624 paidom
820 4562 969 4614 seeundum
988 4559 1154 4612 Graecinium
1180 4558 1231 4611 luit
1252 4559 1422 4626 judicatum,
1442 4555 1473 4608 uti
1525 4553 1526 4624 l

214 4694 226 4722 s
1525 4711 1526 4740 ;

1525 4741 1526 4778 l
