3056 5168
147 383 223 453 Lm.
241 381 303 452 lv.
320 382 403 452 Tru.
421 381 499 449 Vll.
529 381 632 466 Quen
651 379 731 451 Cum
749 381 813 467 Eo,
831 384 901 469 Qur
918 386 957 454 lu
974 387 1111 456 Aureus
1129 399 1193 458 cto.
1227 395 1299 464 693
1382 375 1385 385 Ι

130 559 174 622 Et
196 559 280 622 haec
301 553 448 642 q'uidem,
465 579 551 642 quae
572 557 730 622 hactenus
754 559 912 643 diximus,
934 579 971 626 ru
988 579 1072 627 suus
1093 583 1182 630 nrum
1206 568 1298 632 dice-

42 667 180 728 bantur:
202 665 330 751 reliqua
353 683 390 729 IN
413 683 545 730 suniero
571 666 723 760 expediri
745 666 908 732 solebant.
932 669 999 750 (cf.
1023 673 1130 736 notri.
1146 674 1187 736 ad
1202 676 1232 756 δ.
1246 676 1294 756 6.)
1329 757 1332 762 ¹
1358 671 1366 678 ’

34 775 97 871 ,De
120 773 272 857 judicum
303 795 400 844 uero.
422 774 560 837 notione
587 775 878 860 cognoscendique
908 777 1025 840 ordine
1061 777 1147 843 infra
1170 783 1214 842 ad
1241 783 1299 846 un.

43 883 314 966 XVILagemus.

565 1039 783 1050 ...nnn-nn—

400 1137 402 1148 '
442 1243 445 1250 ⁴
479 1163 564 1226 aru.
586 1145 864 1230 1v.u1u.'v11.

57 1331 208 1430 QUOD
241 1331 353 1406 CUM
385 1331 473 1422 EO,
507 1331 603 1431 QUI
632 1333 690 1408 IN
727 1333 930 1408 ALIENA
966 1333 1277 1411 Pouusuuuu

122 1449 237 1544 EST,
262 1449 550 1527 Nueouluiu
577 1451 798 1531 GESTUM
823 1454 953 1529 ESSE
979 1455 1213 1532 DIGITUR.

123 1630 194 1714 Agi
211 1631 298 1713 apud
313 1631 482 1694 Romanos
497 1631 644 1715 potuisse
667 1633 807 1697 diximus
830 1654 896 1696 non
913 1635 1018 1698 solum
1046 1655 1118 1698 cum
1144 1636 1202 1718 iis,
1223 1638 1297 1721 qui-

42 1740 177 1803 buscum
198 1737 319 1802 factum
336 1737 472 1822 aliquod
495 1740 736 1822 intercesserat,
752 1740 810 1804 sed
828 1749 948 1804 etcum
966 1742 1015 1821 iis,
1032 1763 1170 1826 quorum
1186 1743 1219 1808 in
1235 1766 1297 1828 po-

42 1856 164 1912 testate
186 1855 278 1910 erent
300 1846 369 1929 illi,
386 1847 442 1931 qui
459 1846 513 1910 vel
535 1856 784 1931 contraxerant,
806 1848 860 1914 vel
877 1847 1033 1912 delictum
1054 1848 1190 1934 aliquod
1206 1873 1298 1916 com-

43 1956 207 2020 miserant.
228 1955 283 2018 De
301 1955 351 2018 his
372 1955 556 2019 actionibus
572 1955 636 2020 hoc
652 1963 686 2020 et
707 1957 905 2042 insequente
919 1957 1017 2021 titulo
1035 1958 1212 2042 egendum.

625 2142 654 2222 s.
676 2141 705 2202 1.

254 2259 331 2312 Actio
349 2259 488 2311 institoria.
506 2259 673 2313 Merentem
691 2276 742 2329 qno
760 2225 817 2313 loco
835 2259 942 2314 Romae
952 2259 1082 2326 fuerint?

123 2360 248 2442 Prima,
264 2381 349 2444 quae
371 2359 435 2422 huc
451 2359 608 2442 pertinet,
625 2361 724 2443 actio,
743 2357 784 2423 de
807 2382 872 2444 qua
887 2341 1014 2444 aliquid
1031 2379 1074 2420 ex
1097 2350 1296 2442 antiquitate

42 2469 240 2532 monendum
268 2467 326 2548 sit,
349 2476 398 2532 est
421 2483 635 2550 lus‘rt‘rours,
658 2468 700 2531 ad
725 2481 820 2553 quam
843 2465 1094 2550 intelligendam
1117 2466 1296 2549 praecipue

42 2575 302 2655 ostendendum,
330 2595 492 2660 quaenam
515 2574 595 2637 olim
618 2575 747 2639 Romae
769 2577 870 2640 suerit
897 2581 1113 2638 mercatorum
1138 2558 1297 2640 conditio.

42 2684 220 2774 Romulus,
236 2681 293 2767 qui
314 2681 549 2765 rempublicam
565 2706 653 2747 suam
676 2685 808 2747 nonnisi
823 2684 865 2746 ad
883 2682 1025 2751 militare
1048 2681 1190 2744 studium
1207 2704 1297 2745 com-

42 2801 195 2878 paratam
218 2811 287 2852 esse
311 2789 463 2871 volebat,
480 2791 577 2852 etiam
601 2799 785 2854 mercatura
806 2791 1026 2856 interdixerat
1041 2789 1185 2872 civibus,
1208 2811 1298 2853 eam-

44 2923 104 2984 que
121 2919 194 2963 non
206 2919 307 2978 senne,
324 2919 362 2960 ec
378 2906 464 2962 artes
479 2895 704 2979 sellularias,a
720 2898 821 2960 servis
836 2904 961 2960 tantum
979 2896 1127 2960 exerceri
1138 2897 1298 2980 jusserat:

41 3007 223 3092 Dionysius
241 3004 351 3068 Halic.
367 3003 473 3068 June.
491 3004 625 3085 Postea,
642 3012 811 3067 crescente
827 3004 946 3068 civium
963 3025 1111 3086 numero,
1128 3012 1297 3068 crescente
1338 3013 1342 3018 “

41 3116 137 3197 luxu,
164 3113 222 3177 ubi
244 3114 348 3196 major
371 3135 441 3176 esse
463 3119 621 3197 coeperat
641 3131 749 3174 rerum
772 3111 964 3194 necessitas,
986 3111 1099 3196 paullo
1121 3113 1297 3195 benignius
1407 3183 1410 3189 ,

43 3232 227 3310 coeperunt
253 3222 295 3283 de
315 3220 380 3284 hoc
402 3221 492 3284 vitae
522 3211 646 3304 genere
669 3219 809 3312 sentire,
832 3220 916 3283 adeo
940 3228 976 3284 ut
997 3220 1038 3282 A.
1059 3219 1101 3282 U.
1129 3218 1165 3280 C.
1188 3235 1298 3281 cuurx.

43 3332 188 3396 Claudio
204 3328 415 3412 Servilioque
431 3329 520 3392 Coss.
537 3328 715 3412 collegium
731 3334 947 3391 mercatorum
961 3325 1091 3388 Romae
1108 3325 1299 3390 instituere·-

41 3449 100 3523 tnr,
118 3438 215 3525 quod
234 3437 275 3500 ab
298 3435 381 3499 aede
400 3435 574 3528 Mercurii,
596 3437 630 3499 in
655 3457 718 3520 qua
741 3457 832 3498 sacra
854 3435 964 3497 facere
979 3433 1149 3516 solebant,
1167 3451 1300 3498 muncu-

41 3565 148 3615 urunu
165 3546 286 3608 dicmm
304 3552 362 3606 est.
385 3544 438 3609 Dc
455 3566 496 3607 eo
513 3544 626 3608 Livius
638 3543 741 3606 1r27.
759 3544 924 3604 Certamen
938 3543 1120 3605 Consulibus
1136 3539 1297 3616 incideret,

40 3668 108 3719 nter
127 3655 288 3716 dedicaret
305 3652 458 3714 Mercurii
475 3655 591 3715 aedem.
612 3653 755 3714 Senatus·
771 3673 791 3712 u
810 3673 843 3712 se
857 3673 922 3714 rem
940 3652 988 3712 'acl
1002 3653 1153 3732 populum
1174 3654 1298 3733 rejecit:

41 3769 108 3826 utri
134 3781 242 3823 eorum
266 3761 419 3820 dedicatio
431 3763 528 3842 jussu
545 3763 657 3842 populi
676 3761 752 3821 data
775 3767 870 3830 esset,
885 3781 956 3820 eum
972 3779 1124 3840 praeesse
1143 3779 1297 3832 annonae,

40 3869 453 3948 unumunurn-collegium
471 3872 642 3952 instituere,
662 3869 821 3929 sollemnia
833 3888 893 3948 pro
911 3870 1065 3948 Pentifice
1079 3871 1178 3949 jussit
1198 3869 1296 3927 susci-

38 3999 124 4058 pere.
150 3973 269 4038 Sedet
285 3973 423 4038 Ovidius
438 3961 527 4061 Fert.
548 3973 583 4036 V.
598 3995 625 4036 v.
640 3973 711 4036 671.
729 3996 773 4058 sq.
788 3975 831 4037 de
847 3973 1033 4037 Mercurio:

43 4239 110 4292 dum
124 4236 195 4289 inter
204 4234 326 4288 eruditus
339 4240 454 4290 constet.
467 4236 508 4307 De
518 4234 672 4301 novatione,
688 4247 757 4306 quae
769 4255 817 4304 per
826 4239 858 4292 1..
871 4238 904 4290 (7.
913 4237 1002 4295 tiebat,
1017 4235 1075 4301 jam
1087 4231 1151 4284 alibi
1164 4230 1296 4298 quaedam

43 4323 204 4375 monuimus
217 4319 292 4387 (Lib.
304 4322 354 4374 111.
369 4321 422 4373 Tit.
435 4321 537 4374 XXX.
552 4321 698 4388 (XXIX.)
713 4329 768 4375 not.
781 4341 804 4376 c.
818 4324 853 4376 ad
872 4324 892 4390 ς.
910 4322 976 4387 14.).
995 4320 1081 4387 Cujus
1095 4316 1204 4385 quidem
1213 4331 1296 4369 nove-

44 4408 140 4470 tioniS,
153 4412 258 4472 praeter
271 4403 325 4458 alia
335 4407 412 4472 (uam
420 4405 474 4456 vid.
487 4406 710 4460 Mithlenbruehii
722 4409 803 4460 doctr.
814 4407 904 4461 Pnnd.
915 4408 946 4459 T.
965 4407 985 4458 l.
998 4406 1018 4472 ξ.
1030 4406 1087 4469 44.)
1101 4404 1166 4453 haee
1177 4407 1234 4454 erat
1244 4401 1308 4465 vis„

44 4499 76 4544 ut
93 4497 214 4545 ueterem
232 4490 365 4566 actionem
383 4492 496 4554 tolleret,
511 4498 559 4551 eut
576 4490 637 4558 ipso
652 4492 722 4557 jure,
747 4498 777 4544 ut
794 4493 822 4545 in
840 4492 967 4558 legitimis
980 4488 1102 4557 judiciis,
1121 4493 1168 4538 aut
1191 4503 1238 4554 per
1249 4503 1297 4539 ex-

44 4576 210 4645 ceptionem,
228 4580 259 4629 ut
275 4564 303 4628 in
320 4575 364 4642 iis,-
383 4591 453 4643 quae
470 4576 584 4642 imperio
602 4578 816 4631 continebantur.
834 4577 898 4630 Vid.
911 4591 993 4642 supra
1010 4575 1033 4643 t.
1045 4577 1087 4629 27.
1106 4573 1193 4628 Mdil.
