3056 5154
232 415 305 482 sta
379 406 456 475 Lm.
481 405 543 472 lll.
568 404 649 472 Tur.
667 403 991 472 xxm-xxva.
1017 401 1339 491 (xxti-xxvi.)

234 593 290 649 tur
307 580 404 646 initio
423 581 487 646 boc
511 581 645 644 nomine
664 578 907 665 obligationem
929 577 1156 654 constituisse,
1173 577 1259 641 sicta
1279 597 1341 642 nec
1355 601 1393 640 sa
1404 597 1462 660 pre

143 706 147 714 '
234 695 336 755 cario:
358 691 398 752 L.
419 689 470 750 14.
496 689 538 750 D.
561 689 601 750 ds
619 689 751 750 Precor.
774 687 850 765 sed,
877 686 968 769 quod
996 685 1095 752 fidem
1118 686 1293 770 plurimum
1321 685 1463 766 colerent,

233 798 376 863 maxime
404 796 481 860 data
519 795 639 858 dextra
667 794 861 879 adligabant
887 793 1063 858 mandatae
1095 801 1335 877 susceptaeque
1363 813 1463 876 operae

233 905 344 985 fidem,
361 925 458 989 quam
473 913 603 966 manum
618 901 697 964 fidei
709 921 832 964 sacram
843 900 1051 986 judicabant,
1064 901 1113 964 uti
1124 909 1221 965 acute
1239 902 1392 964 observat
1404 899 1464 964 Ger.

233 1012 351 1076 Noodt
377 1011 511 1072 Probat.
528 1009 587 1072 IV.
608 1008 658 1071 12
676 1030 710 1090 p.
726 1007 797 1070 108.
828 1009 919 1072 Hinc
938 1008 1084 1072 Isidorus
1111 1010 1224 1091 On'gg.
1246 1008 1306 1071 IV.
1324 1008 1354 1068 d.
1376 1008 1464 1088 b'ndit,

236 1122 316 1184 iude
332 1117 455 1182 dictum
474 1137 546 1179 esse
566 1114 772 1191 mandatum,
788 1113 879 1199 quod
901 1115 982 1178 olim
1005 1117 1039 1179 in
1054 1116 1228 1179 commisso
1245 1117 1386 1200 negotio
1402 1115 1465 1178 ulter

235 1227 333 1292 alteri
353 1246 482 1287 manum
502 1225 631 1286 dederat.
659 1224 704 1286 Et
726 1221 769 1285 ad
792 1221 878 1286 buna
899 1223 996 1286 ritum
1020 1222 1180 1287 adludere
1197 1223 1334 1287 videtur
1353 1223 1465 1286 Plautus

236 1337 355 1418 Captis.
374 1335 444 1395 Act.
459 1331 502 1394 H.
517 1353 559 1394 sc.
573 1329 603 1393 3.
618 1351 647 1392 o.
664 1329 716 1393 82.
734 1351 798 1411 sqq.

317 1457 409 1520 Haec
427 1474 486 1536 per
506 1454 670 1515 dexteram
691 1461 789 1526 tuam,
810 1461 842 1514 ts
862 1445 997 1514 &nera
1018 1456 1158 1514 retrisem
1177 1473 1287 1525 manaa

322 1563 466 1635 Obsecro,
489 1561 642 1643 sbfidaltbr
663 1559 741 1620 malai
758 1580 799 1620 as
809 1557 903 1637 suas,
925 1579 1019 1639 qaam
1040 1579 1098 1642 ego
1122 1581 1192 1620 sam
1213 1562 1277 1621 titt.

321 1669 369 1732 Ta
391 1669 447 1730 boc
468 1690 539 1750 oga,
560 1677 595 1729 ta
617 1668 695 1728 naabi
711 1667 808 1728 berar
827 1687 913 1728 nanc
933 1688 976 1740 es,
999 1676 1035 1728 tu
1051 1675 1220 1748 patronas,
1241 1676 1279 1728 tu
1296 1675 1404 1749 pater.-

320 1777 390 1837 utta·
406 1775 581 1837 commendo
603 1795 674 1855 spes
696 1795 828 1855 opesque
842 1795 938 1836 meas.
961 1773 1046 1835 Par.
1064 1792 1297 1835 uanaarrsrr
1319 1778 1403 1837 satta

319 1882 420 1944 Satfn¹
441 1881 546 1955 babes,
568 1881 720 1942 mandata
742 1901 822 1963 quae
843 1890 929 1954 sunt,
942 1880 1037 1958 facta
1057 1885 1089 1942 si
1107 1883 1233 1961 resero?
1257 1881 1371 1944 Tuan.
1388 1881 1466 1943 Satri.

234 2010 278 2071 Et
293 2005 471 2069 Terentius
486 2004 736 2065 Heautontimor.
751 2005 822 2067 Act.
840 2004 899 2065 III.
915 2025 957 2066 sc.
973 2003 1002 2064 1.
1017 2023 1045 2065 o.
1062 2003 1116 2067 84.
1130 2025 1176 2085 sq.

316 2130 385 2192 Mu.
410 2127 492 2190 Cedo
513 2147 700 2188 osannam:
715 2147 814 2210 porro
835 2135 866 2189 ts
886 2147 940 2188 oro
961 2127 1042 2188 idem
1064 2136 1100 2190 st
1113 2127 1233 2205 facias,
1258 2128 1396 2190 caram

318 2237 381 2299 cn.
403 2237 548 2297 Paratus
568 2255 648 2297 sam.

233 2469 316 2532 Post
330 2486 404 2530 usus
417 2465 450 2527 si
464 2466 628 2529 actionem
645 2463 827 2548 adinvenit,
840 2463 994 2549 adeoque
1009 2465 1196 2531 mandatum
1211 2466 1247 2530 in
1266 2466 1367 2531 civile
1380 2475 1468 2529 trans-

233 2361 351 2446 igitur,
371 2356 461 2443 quod
480 2358 562 2421 fides
578 2357 722 2443 jubebat
740 2364 774 2420 et
795 2355 912 2439 pudor,
937 2357 1001 2420 boc
1019 2357 1157 2442 primum
1176 2357 1325 2423 mandati
1338 2359 1391 2444 jus
1409 2358 1466 2420 fuit

139 2635 146 2646 ,
232 2575 272 2638 iit
291 2573 473 2658 negotium.
496 2571 575 2636 vid.
592 2570 834 2636 Celeberrimos
849 2572 966 2636 Noodt
980 2574 1085 2636 Paad.
1100 2576 1130 2636 b.
1145 2583 1166 2636 t.

809 2755 839 2837 l·
859 2755 911 2818 20.
1517 2765 1518 2772 '

421 2869 507 2923 Dolus
524 2869 552 2922 ia
568 2870 638 2924 sodo
655 2870 698 2922 uel
714 2872 881 2926 mandatorio
899 2873 1027 2926 admissas
1044 2874 1157 2945 insomnia
1169 2876 1291 2946 pastuu-

314 2971 472 3056 Denique
489 2969 599 3036 adbuc¹
615 2972 813 3056 monendum
831 2981 896 3054 est,
915 2972 1064 3038 actiones
1078 2997 1139 3060 pro
1157 2976 1249 3040 socio
1274 2983 1310 3040 et
1328 2975 1467 3054 mandati,

233 3079 259 3145 si
273 3079 368 3144 dolus
387 3079 421 3142 in
438 3078 598 3142 alterutro
617 3088 786 3146 contractu
801 3081 1003 3144 concurrisse
1020 3085 1226 3166 probaretur,
1241 3083 1411 3149 infamiam
1429 3086 1467 3146 iu·

231 3187 358 3252 ussisse.
380 3187 488 3266 Quum
505 3185 591 3250 enim
607 3188 688 3251 socii
706 3189 840 3252 fratrum
853 3187 930 3252 loco
946 3188 1149 3254 haberentur
1167 3193 1212 3274 (5,
1222 3189 1305 3273 17.);
1317 3213 1382 3256 nec
1393 3213 1467 3255 mau-

231 3296 311 3360 dare
331 3295 480 3380 cuiquam
502 3292 680 3378 soleamus,
697 3295 759 3358 nisi
777 3296 866 3380 cujus
887 3295 985 3360 fidem
1007 3298 1189 3382 sequimur:
1207 3299 1329 3364 merito
1347 3299 1468 3364 infamia

231 3404 432 3480 coercebant
458 3409 589 3466 veteres
611 3422 685 3484 eos,
711 3404 769 3488 qui
790 3411 857 3468 tam
884 3405 1025 3490 turpiter
1045 3406 1169 3469 socium
1191 3407 1246 3470 vel
1269 3408 1467 3472 mandantem

105 3516 110 3522 “
231 3509 496 3573 defraudassent:
520 3508 588 3572 Cic.
599 3531 659 3590 pro
674 3514 715 3573 A.
736 3512 870 3576 Casama
886 3533 911 3574 c.
926 3511 956 3576 3.
979 3511 1069 3590 Quin
1085 3521 1118 3578 et
1138 3514 1350 3600 negligentia
1367 3515 1402 3578 in
1418 3513 1467 3578 cri·

230 3637 306 3678 men
333 3614 478 3678 mandati
498 3615 685 3701 judiciique
712 3617 879 3682 infamiam
904 3621 1140 3702 revocabatur,
1165 3631 1250 3686 teste
1276 3623 1399 3687 eodem
1423 3641 1468 3703 pro
1514 3661 1515 3676 ἢ

231 3723 319 3784 Sext.
337 3723 449 3784 Roscio
476 3725 582 3786 Amer.
599 3747 625 3787 c.
650 3723 701 3791 38.
739 3724 835 3803 Quae
863 3725 974 3790 omnia
996 3748 1040 3792 ex
1069 3728 1181 3792 edicto
1205 3730 1379 3794 Praetoris
1400 3748 1467 3806 esse,

230 3834 323 3914 patet
339 3848 382 3890 ex
396 3829 435 3892 L.
450 3828 479 3891 1.
495 3831 537 3894 1).
551 3833 590 3894 ds
606 3833 678 3908 His,
691 3836 745 3916 qai
757 3842 820 3896 aot.
837 3835 945 3913 rasam.
