3062 5156
181 331 254 396 200
303 325 378 392 Lm.
391 321 418 394 1.
430 277 510 390 Tm.
522 275 649 389 XXIV.
675 321 733 391 Du
743 321 927 392 Sanum.
940 263 1077 390 Tunon.
1091 285 1168 389 Vni
1181 320 1315 390 Cunna.

182 502 338 581 curabat,
361 511 479 564 Aaron
497 497 565 563 dici
595 506 829 564 consueverat:
854 499 902 565 ita
918 499 1008 562 idem
1033 505 1156 562 uem'en
1183 499 1366 562 convenire
1391 499 1438 562 eis
1519 569 1520 590 χ

183 609 286 674 visum
309 616 375 690 est,
395 609 453 692 qui
469 628 530 691 pro
550 614 665 670 tutore
687 615 836 690 agerent.
855 606 933 671 vid,
952 605 1074 670 Melch.
1095 605 1247 670 Goldast.
1263 609 1384 670 Λάκαι.
1398 609 1440 670 ad
1519 657 1520 664 ,

183 716 339 806 Dosithei
360 717 500 778 Sentent.
515 723 545 777 et
560 717 660 798 Epist.
677 716 780 778 Hadr.
799 715 859 774 111.
874 713 924 776 10.
935 735 969 795 p·
983 714 1057 779 868.
1071 717 1144 778 edit.
1160 714 1210 780 Gl.
1227 713 1439 797 Schultingii.

597 1035 684 1098 Lus
705 1037 738 1104 Ι.
760 1035 854 1100 TIT.
876 1034 1017 1100 XXIV.

793 1198 828 1237 DE

217 1316 609 1392 sirisonnronn
635 1315 897 1390 auronum
922 1305 1028 1390 vnn
1054 1265 1401 1392 suessonum.
1519 1281 1520 1290 ‘

265 1501 321 1564 Du
349 1515 598 1564 sarrsonrrous
619 1483 764 1562 tutorum
799 1506 834 1562 et
864 1507 1050 1563 curatorum
1075 1499 1152 1582 jure
1187 1500 1325 1583 antiquo
1355 1500 1437 1562 nihil
1519 1471 1520 1552 i

184 1612 293 1673 fuerat
310 1607 494 1692 proditum:
522 1606 611 1669 unde
633 1614 667 1671 et
693 1606 820 1670 nullum
841 1606 937 1691 hujus
957 1608 1008 1670 rei
1030 1606 1207 1691 vestigium
1229 1606 1264 1669 iu
1285 1608 1438 1671 universa

183 1715 380 1798 antiquitate
399 1722 516 1778 exstat.
531 1712 641 1790 Quum
664 1724 775 1778 tamen
793 1712 917 1798 pupilli
935 1733 1087 1798 magnum
1106 1714 1185 1778 iude
1201 1723 1360 1798 caperent
1381 1715 1438 1778 de-

183 1827 391 1889 trimentum:
408 1821 450 1884 de
471 1820 687 1889 satisdatione
705 1844 840 1907 quoque
860 1843 980 1888 cavere
999 1831 1183 1906 coeperunt
1198 1821 1304 1906 leges,
1321 1822 1366 1886 de
1383 1845 1438 1886 ea-

42 1943 44 1950 '
105 1987 108 2000 .
186 1955 251 2018 que
266 1931 378 2016 paucis
393 1929 448 1991 hic
463 1937 513 1994 est
526 1929 701 2012 agendum.

769 2061 797 2142 s.
819 2061 848 2123 1.

533 2249 535 2254 Α
576 2210 580 2218 s
620 2177 806 2231 Satisdutionis
824 2177 902 2247 lusjm
920 2178 1001 2246 oripo.
1519 2239 1520 2254 χ

268 2279 447 2343 Satisdatio
467 2277 551 2342 haec
573 2279 710 2342 inventa
736 2287 786 2342 est
809 2303 829 2342 a
849 2279 1080 2358 Praetoribus,
1108 2298 1246 2362 quorum
1265 2275 1303 2341 'iu'
1326 2279 1438 2343 edicto
1519 2275 1520 2280 ’

182 2389 373 2472 legebatur:
388 2402 457 2450 REM
476 2403 613 2450 PUPILLI
636 2405 700 2450 vsu
722 2397 977 2457 Anouuscuums
1000 2403 1135 2450 snuvnrt
1156 2404 1257 2468 sonu,
1275 2403 1437 2450 surorum
1519 2441 1520 2466 ,

183 2515 249 2560 vm,
272 2512 479 2560 ceutronum
504 2510 693 2558 snrrsonns
715 2513 849 2558 cunero.
871 2510 939 2577 arg.
962 2495 1049 2556 rubr.
1069 2496 1112 2556 J).
1134 2495 1214 2556 Item
1231 2497 1341 2576 papati
1362 2497 1438 2558 salv.

176 2609 262 2686 sore.
278 2605 316 2666 L.
330 2603 360 2664 5.
379 2603 408 2683 ἓ.
426 2600 455 2662 1.
471 2602 512 2662 D.
525 2603 565 2664 de
579 2603 681 2685 Legit.
696 2613 754 2665 tat.
773 2602 946 2665 cavebant
972 2623 1053 2665 vero
1070 2623 1113 2664 ex
1135 2623 1177 2665 eo
1198 2610 1350 2685 tempore
1373 2623 1438 2665 non
1519 2581 1520 2646 i

184 2714 312 2774 tutores
323 2709 574 2791 testamentarii,
586 2709 710 2793 quippe
724 2730 861 2794 quorum
874 2710 973 2773 fidem
985 2709 1057 2793 ipse
1072 2716 1214 2772 testator
1221 2712 1438 2794 probaverat,
1519 2775 1520 2786 ,

183 2819 246 2883 nisi
261 2839 343 2881 unus
358 2816 495 2902 reliquis
510 2818 615 2880 vellet
629 2818 663 2880 iu
680 2817 966 2882 administratione
983 2816 1158 2901 praeferri:
1171 2839 1224 2900 pr.
1239 2821 1316 2880 Inst.
1333 2820 1373 2880 L.
1390 2819 1440 2882 17.

164 2947 232 3009 pr.
248 2927 444 2988 D..de'Test.
467 2935 540 3000 tut,
557 2947 619 2988 nec
644 2947 687 2988 ex
709 2925 847 3007 dativis,
873 2925 930 3009 qui
952 2947 971 2986 a
992 2925 1237 3009 magistratibus
1259 2927 1440 3010 majoribus
1519 2937 1520 2968 ³

185 3052 256 3097 cum
278 3033 494 3118 inquisitione
519 3044 613 3099 crant
634 3034 723 3098 dati:
744 3033 802 3096 sed
826 3033 945 3116 partim
968 3033 1127 3118 legitimi,
1147 3035 1266 3118 partim
1283 3055 1302 3095 e
1318 3033 1441 3098 dativis
1519 3097 1520 3100 ,

184 3141 253 3224 illi,
274 3141 367 3226 quia
380 3142 733 3228 Duumvirisxaliisque
757 3140 936 3205 minoribus
959 3137 1181 3225 potestatibus
1203 3143 1335 3206 fuerant
1352 3142 1440 3206 dati:

183 3251 221 3313 L.
236 3252 292 3313 ult.
315 3253 348 3310 0.
364 3250 403 3310 de
417 3251 565 3332 Magistr.
586 3271 671 3314 conv.
694 3251 739 3312 Et
759 3248 823 3310 liuc
848 3249 996 3332 pertinet
1018 3250 1175 3332 formula:
1203 3265 1368 3314 uurouuu
1383 3268 1439 3330 oo,
1519 3257 1520 3308 l

137 3387 145 3396 ·
186 3374 217 3422 st
230 3373 487 3422 Snrlsuunums:
503 3357 647 3420 Brisson.
664 3359 824 3420 desum
846 3358 881 3418 V.
891 3379 924 3440 p.
937 3358 1010 3422 408.
1301 3357 1304 3366 ’

769 3523 798 3604 s.
819 3521 849 3585 2.

215 3707 218 3714 ⁴
375 3625 608 3714 Senatasconssitta
625 3634 672 3690 sub
694 3637 812 3706 Trojano
827 3650 853 3692 et
870 3640 1005 3694 Antonino
1023 3659 1055 3694 aa
1075 3642 1106 3694 de
1124 3657 1156 3692 rc
1165 3641 1255 3709 sacta.

270 3735 485 3803 Confirmavit
500 3739 533 3801 id
553 3738 642 3801 scto
665 3739 808 3824 quodam
824 3741 1004 3826 TrajanuS,
1027 3742 1084 3825 qui
1106 3748 1141 3803 et
1163 3741 1328 3805 actionem
1345 3739 1440 3802 dedit
1519 3733 1520 3738 ’

186 3853 301 3908 contra
315 3846 533 3930 Duumviros,
550 3846 576 3909 si
592 3847 647 3910 vel
665 3870 731 3911 non
749 3851 939 3933 exegissent
964 3872 982 3913 a
997 3849 1161 3913 tutoribus
1184 3857 1219 3913 et
1234 3847 1441 3910 curatoribus

185 3947 389 4036 cautionem,
411 3953 465 4016 vel
488 3955 593 4018 minus
615 3957 755 4021 idoneos
779 3956 985 4021 admisissent
1003 3958 1222 4042 fidejussores.
1246 3954 1321 4032 Qua
1338 3954 1380 4047 de
1403 3976 1439 4017 re

183 4059 331 4126 Dioclet.
353 4069 388 4125 et
402 4061 621 4127 Maximianus
641 4065 783 4152 Augusti
797 4065 835 4126 L.
854 4065 882 4126 5.
904 4067 936 4127 0.
952 4067 990 4128 de
1009 4067 1258 4148 Magistr.conv.
1283 4066 1322 4124 In
1340 4070 1440 4144 magi·
1519 4095 1520 4154 q

185 4179 306 4232 stratus
328 4173 542 4252 municipales,
569 4181 708 4234 tutorum
736 4177 962 4245 nominatores,
986 4177 1031 4249 si,
1052 4173 1331 4235 administrationis
1342 4175 1441 4252 finito
1519 4183 1520 4212 ³

184 4286 336 4358 tempore,
360 4299 421 4338 non
437 4280 565 4356 suerint
590 4281 749 4355 solvendo,
772 4302 829 4342 nec
851 4302 891 4341 en
909 4285 1052 4342 cautione
1063 4281 1282 4363 fidejussionis
1306 4280 1440 4340 solitum

184 4388 273 4471 em‘gi
282 4389 396 4466 possit,
411 4390 536 4470 pupillis
554 4387 709 4470 qnondam
732 4392 764 4449 in
786 4389 958 4450 subsidium
977 4389 1189 4452 indemnitatis
1205 4391 1327 4449 nomine
1345 4391 1440 4447 actio-

184 4511 253 4554 nem
273 4495 380 4555 ntalem
397 4503 568 4577 competere
592 4516 632 4556 en
651 4497 748 4570 soto,
774 4497 857 4579 quod
876 4505 1005 4558 anctore
1022 4497 1103 4558 Diuo
1121 4495 1273 4578 bojano,
1298 4495 1441 4556 Parente
1519 4559 1520 4584 ,
