3030 5160
677 418 753 484 Lm
780 417 840 485 lll.
864 417 944 484 Trr.
970 418 1031 484 ΙΙΙ.

811 593 844 674 s.
861 593 893 656 7.

313 812 556 877 Deficientibus
576 809 747 896 adgnatis,
761 831 805 872 ex
819 809 951 895 legibus
965 809 1042 872 XII
1059 807 1262 872 Tabularum
1277 807 1470 872 vocabantur

228 939 404 986 eunrmns
424 923 479 986 Ita
500 921 588 983 enim
610 919 817 983 Decemviri:
841 935 874 983 s1
893 931 1077 980 meusrus
1096 935 1164 980 nuo
1188 933 1296 998 rscrr,
1315 931 1468 980 esurmrs
1506 925 1507 1004 3

228 1047 398 1095 aaaron».
422 1045 599 1093 annno:
619 1026 758 1112 ulpiani
774 1027 906 1110 nug...
919 1024 1042 1088 rurs.
1055 1024 1086 1086 1.
1110 1024 1203 1109 (oaj.
1219 1025 1284 1088 111.
1300 1024 1368 1105 1⁷.)
1390 1024 1469 1086 rm-
1506 1007 1507 1028 ³

229 1140 328 1203 cessit
346 1159 428 1223 ergo
446 1136 509 1200 leu¹
521 1121 597 1200 XII
613 1135 814 1200 Tabularum
836 1157 857 1198 a
878 1134 978 1197 domo
1000 1132 1044 1196 ad
1064 1133 1239 1214 familiam,
1255 1155 1276 1196 a
1293 1132 1414 1196 familia
1432 1131 1468 1192 ad
1506 1129 1507 1200 Ϊ

230 1256 382 1334 gentem,
405 1267 449 1310 ex
464 1267 506 1309 ea
523 1242 758 1329 proculdubio
777 1245 924 1324 ratione,
939 1251 976 1305 ut
995 1263 1039 1304 ne
1053 1241 1161 1322 bona,
1177 1241 1203 1303 si
1219 1241 1355 1325 cognati
1369 1261 1468 1303 succe·

230 1357 361 1438 derent,
373 1356 408 1417 in
423 1353 520 1418 aliam
533 1361 666 1437 gentem
678 1351 948 1416 transferrentur:
962 1349 1202 1433 Bynkershoels
1217 1349 1389 1410 obseraret.
1397 1347 1467 1408 Idi.

230 1463 385 1527 Meminit
398 1462 494 1548 hujus
509 1461 683 1547 gentilium
699 1459 912 1524 successionis
926 1458 1033 1521 adhuc
1049 1457 1169 1520 Cicero
1184 1458 1225 1518 dc
1242 1457 1333 1518 Orat.
1343 1456 1425 1518 ssu.
1437 1454 1464 1534 l)

230 1572 318 1635 unde
336 1570 493 1654 colligas,
510 1570 580 1653 ejus
594 1578 745 1652 tempore
763 1566 946 1653 gentilitias
964 1569 1186 1630 successiones
1203 1563 1349 1627 nondum
1367 1565 1396 1625 in
1416 1563 1465 1624 de-

231 1679 437 1743 suetudinem
464 1678 601 1758 abiisse,
623 1674 900 1760 quemadmodum
927 1682 962 1738 et
984 1674 1160 1740 Caesarem
1180 1673 1285 1737 refert
1307 1671 1464 1734 Suetonius

233 1790 266 1850 0.
283 1789 347 1850 Jul.
370 1787 458 1848 Caes.
474 1807 500 1848 o.
514 1784 543 1846 1.
562 1808 582 1847 a
600 1784 693 1848 Sulla
711 1788 820 1848 usuris
839 1768 911 1845 dote
927 1793 959 1846 et
974 1787 1135 1866 gentslits’r'a
1159 1781 1382 1844 hereditarius
1395 1780 1464 1840 mul-

230 1903 359 1956 ctatum.
381 1893 449 1956 Sed
473 1915 528 1956 eas
547 1891 664 1977 procul
691 1889 793 1954 dubio
817 1890 966 1954 abolevit
985 1890 1156 1956 Praetoris
1177 1887 1339 1970 edictum,
1361 1908 1414 1972 quo
1431 1894 1460 1946 et

232 2001 367 2086 cognati
383 2000 562 2065 succedere
572 1999 656 2085 jussi
671 2007 755 2062 sunt.
777 1998 864 2061 Sane
880 2021 939 2062 sua
952 1998 1023 2082 jam
1038 2006 1149 2062 aetate
1171 1996 1370 2060 obsolevisse
1383 1994 1462 2056 illam

229 2107 404 2192 gentilium
419 2109 670 2188 successionem,
684 2114 848 2170 testantur
859 2106 1023 2190 Ulpianus
1037 2109 1109 2170 t‘br'ri.
1125 2114 1160 2168 et
1170 2104 1275 2189 Gajus
1292 2103 1375 2189 apud
1385 2104 1462 2166 Λυσι

232 2218 339 2278 Collat.
354 2217 455 2301 Legg.
470 2218 599 2282 Mosaio-
613 2226 644 2280 et
655 2217 790 2278 Roman.
805 2218 852 2276 tit.
866 2213 918 2277 16.
932 2216 962 2298 §-
977 2213 1008 2276 2.
1027 2217 1150 2295 (oonmr.
1164 2215 1228 2279 III.
1243 2213 1327 2295 17.).

663 2521 750 2584 LIB.
772 2521 836 2585 111.
858 2520 950 2583 TIT.
973 2521 1036 2584 ΠΙ.

833 2687 869 2724 D!

285 2910 288 2914 Ι
359 2802 881 2881 sundrusconsunro
906 2803 1288 2883 'l'ER'l'ULLIANO
1302 2807 1349 2902 ⁸).

272 3035 279 3043 -
310 2988 420 3066 Quum
443 2995 564 3053 matres
585 2986 709 3074 liberos
732 3009 799 3054 non
815 2990 978 3054 haberent
997 2990 1032 3052 in
1047 2995 1234 3075 potestate,
1250 3009 1314 3052 nec
1330 2981 1459 3070 adgnatis

227 3105 362 3182 possent
378 3095 566 3180 adsenseri,
582 3097 644 3160 nisi
668 3098 900 3162 convenissent
918 3100 953 3161 in
968 3120 1114 3161 manum:
1130 3117 1338 3184 consequens
1351 3101 1414 3156 erat
1427 3109 1457 3167 cx

220 3205 305 3290 juris
319 3204 463 3268 Romani
478 3205 665 3289 principiis,
682 3213 718 3269 ut
732 3228 795 3269 nec
810 3216 921 3270 mutua
942 3214 1029 3270 esset
1051 3206 1139 3270 inter
1153 3215 1275 3270 matres
1289 3191 1456 3284 liberosque

226 3314 398 3377 successio.
420 3311 468 3376 At
482 3320 600 3397 postea
615 3313 679 3377 hoc
692 3314 795 3377 visum
821 3321 870 3376 est
894 3314 935 3377 ab
958 3314 1127 3398 aequitate
1148 3319 1345 3399 pietateque
1357 3309 1454 3374 abhor·
1506 3293 1507 3326 ³

226 3441 310 3483 rere.
331 3419 431 3483 Unde
447 3422 593 3505 utrisque
610 3420 793 3485 consultum
809 3429 859 3485 est
874 3444 894 3485 a
909 3422 1147 3506 posterioribus
1161 3421 1419 3507 legislatoribus,
1432 3419 1457 3475 et
1506 3461 1507 3466 η

226 3529 367 3592 maxime
391 3529 518 3593 duobus
535 3528 647 3611 scus,
664 3528 840 3614 dequibus
862 3529 927 3594 hoc
951 3540 986 3594 et
1008 3531 1205 3618 insequente
1228 3529 1329 3594 titulo
1348 3525 1458 3591 uberius

226 3636 400 3720 agendum.
926 3651 928 3656 ’

811 3755 839 3836 5.
862 3757 892 3816 1.

270 3871 381 3922 Primus
400 3870 520 3922 Praetor
538 3868 634 3923 liberor
652 3871 688 3923 od
703 3871 797 3923 matris
814 3879 840 3922 et
857 3872 926 3925 hanc
943 3871 980 3924 ad
995 3869 1103 3924 illorum
1120 3873 1308 3924 massuetum
1327 3870 1428 3924 vocavit

232 4005 244 4019 ·
306 3970 358 4034 Ae
379 3970 515 4055 primum
540 3971 673 4056 quidem
694 3972 848 4055 Praetor,
871 3972 1054 4038 naturalem
1083 3977 1238 4057 sequutus
1263 3971 1458 4059 aequitatem,
1506 3953 1507 3968 ³

182 4183 187 4196 ‘
296 4179 328 4245 h)
345 4205 377 4220 -
391 4181 421 4218 ·'-
437 4193 546 4248 „quum
561 4179 687 4234 Marcelli
705 4181 740 4232 ab
758 4180 846 4234 liberti
860 4180 918 4233 filio
935 4182 1027 4250 stirpe,
1044 4179 1153 4232 Claudii
1168 4177 1274 4245 patricii
1292 4177 1413 4244 ejusdem
1424 4175 1459 4225 he

225 4263 306 4316 mirsia
324 4263 500 4318 hereditatem
516 4271 592 4333 poste
610 4265 646 4328 ad
663 4281 693 4317 se
710 4265 824 4319 rediisse
841 4265 985 4319 dicerent“
1003 4266 1046 4318 De
1061 4280 1116 4334 quo
1134 4267 1196 4318 loco
1214 4257 1459 4316 secundarius

222 4347 367 4416 gentilitate
387 4358 468 4402 veter.
488 4350 567 4401 Rom.
590 4365 647 4415 oap.
669 4350 707 4401 X.
725 4351 746 4416 ξ.
763 4355 788 4402 4.
812 4351 943 4406 Huschke
962 4352 1072 4406 modion
1095 4367 1121 4416 p.
1143 4355 1200 4403 141.
1224 4355 1251 4402 et
1272 4366 1300 4416 p.
1315 4347 1459 4403 149-ldl

225 4433 306 4498 Hugo
325 4434 371 4487 cio.
390 4436 464 4504 Moy.
483 4435 530 4488 Vl.
548 4452 621 4488 num.
633 4441 675 4489 24.
694 4433 780 4486 ΜιὶΙιί.
803 4461 808 4472 .

293 4518 324 4585 a)
346 4519 387 4571 cf.
406 4535 458 4572 von
477 4519 551 4572 Liilrr
574 4517 627 4571 Von
646 4521 703 4571 dem
717 4517 862 4571 Erdrecdte
877 4521 925 4572 der
937 4521 1040 4574 Mulier
1055 4539 1102 4572 vor
1115 4520 1162 4571 der
1175 4519 1241 4571 Nou.
1255 4523 1314 4571 118.
1330 4517 1357 4570 in
1369 4519 1457 4569 Dessen

228 4603 335 4672 Meque.
344 4602 399 4670 fiir
418 4606 455 4657 R.
481 4606 519 4657 W.
530 4623 558 4656 u.
571 4621 593 4657 s,
610 4620 640 4657 w.
659 4606 690 4657 T.
702 4605 750 4658 IV.
766 4619 842 4658 nurn-
857 4611 881 4660 8.
900 4622 926 4673 p.
948 4612 998 4660 109
1008 4611 1108 4661 -127,
1126 4603 1215 4658 Haud.
