3062 5164
230 371 302 437 254
609 365 791 432 Mensam
816 365 890 432 Lm
916 365 942 432 l.
968 363 1054 434 osa.
1080 366 1105 433 1.
1520 447 1521 478 ,

1520 491 1521 566 l

223 545 272 605 'ea
289 541 368 625 lege
387 539 560 604 adsumunt
576 539 612 602 in
636 548 761 620 torum,
775 548 813 603 ut
833 559 895 602 nee
916 541 1007 623 ipsae
1026 540 1136 604 mariti
1158 541 1341 626 dignitate,
1360 564 1421 606 nec
1441 545 1476 607 li·
1520 567 1521 618 ι

230 649 302 712 beri
319 647 522 730 reliquorum
543 646 722 710 liberorum
735 649 866 731 juribus
884 647 1050 711 fruantur:
1066 650 1109 712 II.
1128 653 1226 712 mad.
1244 651 1296 714 29.
1320 651 1386 714 His
1400 673 1476 714 uso-

179 819 181 828 .
230 757 318 819 ribus
336 753 525 838 perennia
543 753 615 816 fere
633 753 755 817 similes
781 760 876 817 eraut
897 755 1101 819 concubinae
1121 757 1367 834 Romanorum,
1393 768 1476 841 post·

231 885 327 948 quam
346 882 412 923 utos
431 869 464 922 et
478 863 530 922 lea
547 863 738 923 maculosum
756 864 941 924 edomuerat
956 863 1064 940 assam
1087 873 1122 927 et
1137 865 1308 950 Augustus
1324 865 1475 928 concubi·

111 1001 116 1013 ·
229 979 341 1034 natum
358 991 378 1032 a
391 966 552 1051 pellicatu
568 976 765 1030 secreverat.

825 1182 833 1200 .
854 1139 906 1202 43.

547 1255 660 1312 Quando
679 1253 777 1322 lepidius
793 1140 949 1307 {serdicae
965 1255 1169 1310 concubinatus?

312 1355 360 1418 At
382 1354 444 1417 iste
471 1355 707 1418 concubinatus
730 1354 902 1440 paullatim
925 1353 1075 1439 evanuit,
1100 1367 1273 1443 postquam
1298 1359 1475 1422 Christiana

229 1464 356 1548 pietate
378 1463 533 1547 indignus
560 1462 667 1525 videri
692 1465 813 1546 coepit.
843 1463 972 1526 Primus
1000 1487 1074 1527 eum
1094 1467 1249 1528 subruere
1272 1475 1411 1530 conatus
1433 1475 1474 1528 est
1520 1467 1521 1526 ι

230 1571 464 1636 Constantinus
483 1569 530 1632 M.
551 1569 610 1632 sed
630 1569 692 1650 ita,
710 1579 746 1633 ut
767 1570 904 1654 obliqua
925 1571 1017 1654 quasi
1038 1574 1091 1634 via
1112 1572 1329 1658 procederet,
1352 1595 1431 1654 nec,
1445 1593 1473 1634 se

228 1679 263 1742 id
279 1699 391 1762 agere,
407 1699 487 1760 prae
504 1698 539 1740 se
555 1677 667 1740 ferret.
687 1675 796 1753 Quum
816 1677 902 1768 enim
918 1678 965 1740 ita
979 1678 1173 1742 inolevisset
1187 1681 1251 1744 ista
1265 1681 1473 1762 consuetudo,

229 1794 266 1849 ut
284 1787 390 1871 impar
412 1784 474 1846 sibi
497 1805 602 1867 prope
618 1783 788 1847 videretur
809 1784 840 1846 ei
856 1785 1059 1862 abolendae;
1076 1786 1110 1849 id
1127 1790 1249 1872 agebat
1266 1789 1473 1872 potissimum,
1520 1787 1521 1852 ἶ

106 1937 109 1948 ·
230 1902 266 1956 ut
282 1894 370 1955 cives
388 1911 526 1972 uxores,
543 1912 639 1974 quam
663 1891 879 1972 concubinas,
895 1893 1020 1956 habere
1045 1893 1191 1958 mallent.
1213 1895 1303 1957 Hinc
1318 1897 1426 1978 primo
1440 1894 1474 1957 li·
1520 1913 1521 1968 j

228 1999 317 2062 beris
340 1996 543 2062 naturalibus
560 1998 738 2082 quidquam
758 1999 903 2082 relinqui
922 2001 1046 2081 vetuit,
1070 2003 1164 2065 sicuti
1181 2002 1369 2084 colligimus
1390 2020 1430 2063 ex
1443 2001 1473 2060 l.

228 2108 258 2169 1.
283 2108 315 2167 0.
340 2107 451 2167 lbeod.
470 2107 509 2167 de
527 2107 647 2168 Natur.
671 2107 779 2188 liat).
808 2107 943 2170 Deinde
966 2108 1045 2170 ideo
1071 2108 1242 2172 adinvenit
1263 2109 1473 2192 legitimatio-

229 2233 303 2276 nem
320 2233 382 2296 per
397 2213 597 2297 subsequens
611 2213 862 2295 matrimonium,
880 2235 946 2276 non
962 2215 996 2276 in
1010 2214 1153 2277 futurum
1168 2224 1277 2279 tamen
1294 2216 1472 2295 valituram,

228 2344 271 2385 ne
287 2321 479 2406 parentibus
493 2321 624 2383 occasio
644 2321 775 2383 deesset
793 2321 947 2405 signandi
963 2322 1104 2402 tabulas,
1121 2332 1155 2385 et
1172 2323 1375 2388 concubinas
1386 2324 1473 2409 justis
1520 2321 1521 2384 l

228 2430 290 2494 sibi
308 2428 431 2512 nuptiis
443 2426 625 2510 jungendi=
645 2427 724 2490 Des.
743 2427 882 2490 Herald.
898 2431 974 2490 Iter.
993 2429 1114 2504 Quottd.
1131 2431 1200 2493 Ι.4.
1214 2431 1243 2493 2.
1260 2432 1420 2517 Denique
1438 2452 1473 2493 ne

227 2537 290 2601 viri
311 2534 527 2619 dignitatibus
544 2533 710 2618 fulgentes
729 2534 812 2597 alios
828 2535 984 2619 exemplo
1004 2545 1262 2621 corrumperent,
1277 2540 1471 2602 durissimam

229 2643 319 2707 illam
337 2643 376 2703 L.
390 2641 472 2702 LO.
489 2643 528 2704 de
544 2642 622 2704 Not.
638 2644 688 2704 leb.
706 2641 828 2722 edidit,
855 2643 1134 2726 quasconcubinas
1154 2668 1173 2708 a
1191 2646 1269 2709 viris
1287 2646 1472 2728 illustribus,

229 2749 695 2831 clarissimis,spectabilibus,
711 2750 974 2833 perfectissimis,
995 2752 1111 2815 haberi
1127 2754 1242 2816 vetuit
1264 2755 1337 2816 Nec
1355 2775 1473 2818 succes-

228 2881 279 2923 sus
302 2859 413 2920 forsan
437 2855 595 2919 defuisset
616 2855 682 2918 illis
706 2857 916 2921 Constantini
930 2859 977 2921 Μ.
1000 2860 1164 2942 consiliis,
1187 2862 1213 2924 si
1240 2861 1471 2925 successoribus

218 2969 291 3030 'ista
305 2965 468 3049 potuisset
482 2966 634 3047 probare.
657 2965 724 3028 Sed
740 2966 774 3028 hi
792 2965 921 3029 facilius
938 2965 1084 3031 tulerunt
1100 2967 1367 3051 concubinatum,
1384 2968 1471 3048 adeo,

227 3072 375 3138 utnulla
398 3091 509 3134 eorum
533 3072 740 3156 constitutio,
764 3073 818 3137 isti
839 3073 1065 3157 conjunctioni
1084 3078 1253 3160 opposita,
1269 3075 1304 3137 in
1330 3077 1471 3138 codicem

227 3181 334 3244 relata
349 3181 390 3242 sit
406 3179 636 3261 alustiniano,
656 3181 714 3244 sed
734 3181 788 3243 bic
803 3183 874 3264 ipse
889 3181 1000 3263 potius
1017 3183 1266 3246 concubinatum
1286 3181 1397 3246 adbuc
1418 3187 1469 3245 lici

1520 2467 1521 2520 l

227 3300 292 3352 tam
315 3287 442 3351 vocarit
462 3289 732 3349 cousuetudinem:
753 3287 790 3348 L.
807 3289 837 3348 5.
861 3289 905 3349 ad
922 3289 1041 3350 SCtum
1067 3291 1187 3372 Orpbr‘t.
1207 3291 1241 3352 in
1262 3310 1372 3374 eaque
1395 3299 1471 3352 coste

226 3401 393 3478 oieiposse
411 3393 590 3477 scripserit:
609 3395 689 3459 Noa.
706 3395 833 3458 XVIII.
852 3418 878 3456 c.
895 3397 925 3456 5.
948 3396 1076 3460 Primus
1091 3418 1171 3481 ergo
1192 3398 1226 3461 in
1244 3397 1386 3460 Oriente
1405 3417 1468 3458 eum

227 3502 389 3565 subruisse
408 3501 541 3565 videtur
558 3503 629 3565 Leo
650 3501 806 3586 Sapiens:
823 3504 906 3573 Noa.
924 3505 1019 3566 Leon.
1036 3504 1120 3568 Xer.
1143 3504 1182 3567 Ιιι
1199 3504 1384 3569 Occidente
1405 3523 1469 3565 eum
1520 3521 1521 3556 ι

227 3609 330 3672 multo
355 3608 477 3672 diutius
504 3609 674 3690 mansisse,
695 3609 772 3672 satis
798 3608 976 3672 ostendunt
996 3610 1090 3695 leges
1116 3621 1246 3675 veteres
1263 3613 1469 3688 Francorum,

224 3715 538 3799 Langobardorum,
558 3716 814 3799 Germanorum,
831 3717 873 3780 de
899 3718 1015 3801 quibus
1039 3719 1139 3782 fusius
1157 3741 1177 3781 a
1193 3719 1290 3784 nobis
1315 3727 1422 3783 actum
1441 3718 1469 3778 in

227 3825 398 3886 Elemeuts's
411 3826 499 3905 juris
516 3823 810 3909 Ger-mantulum.
825 3826 883 3887 IV.
904 3823 1007 3909 0pp.].

823 4052 830 4067 .
853 4007 904 4067 44.

492 4123 577 4191 Lepet
595 4121 707 4176 Romuli
722 4129 747 4172 et
768 4007 837 4174 xil
853 4121 1016 4176 Tabularum
1035 4125 1067 4176 de
1085 4125 1211 4177 diuortiis.

187 4236 191 4246 “
309 4237 348 4300 Ιιι
365 4237 463 4302 titulo
483 4238 525 4301 de
543 4241 666 4325 nuptiis
687 4239 873 4307 adcuratius
892 4241 1017 4325 egimus
1039 4242 1083 4304 de
1102 4241 1239 4306 diversis
1259 4241 1376 4304 ritibus
1395 4259 1469 4320 nup·

295 4440 321 4504 t)
342 4439 455 4572 abelae.
475 4441 618 4494 wencku:
643 4443 674 4495 u.
692 4447 717 4495 2.
736 4444 793 4495 eoa.
806 4475 839 4483 -
856 4444 897 4497 cr.
915 4449 942 4495 et
959 4443 1077 4496 sordens
1089 4444 1164 4498 nus.
1182 4446 1204 4497 1.
1220 4445 1252 4496 ue
1265 4445 1409 4513 rursum.
1429 4443 1470 4495 ιιι.
1520 4411 1521 4466 t

227 4523 248 4587 ι.
270 4527 309 4572 ιι.
329 4519 378 4573 ms
408 4557 415 4573 .
