3080 5154
336 393 407 476 Qun
432 391 486 459 Er
510 391 566 460 Ex
591 392 692 475 Qum
716 392 838 461 Onnes
865 393 1014 464 Manum
1155 337 1160 348 Ι
1233 401 1300 470 lul

64 571 230 636 rationibus
241 569 329 654 legis
337 570 360 632 J
362 567 449 632 uliae
461 576 495 631 et
505 567 632 650 Papiae
646 567 776 632 admisit
792 569 836 650 ⁴¹).
848 569 949 654 Apud
958 569 1134 635 Gruterum
1144 575 1304 654 Inscripti.

61 703 89 763 p.
102 677 246 740 DOXXI.
265 676 455 739 nominatur
468 692 638 740 nursicus.
657 693 793 741 suavus.
809 693 1305 744 unuuurssus.nncous1nrun.

66 785 233 850 Consilium
251 805 333 849 vero
349 791 420 848 erat
430 783 561 847 Romae
577 805 746 847 consessus
759 785 1019 850 decemvirorum
1030 784 1144 851 litibus
1153 789 1307 873 judican-

65 895 120 975 dis,
138 893 171 957 id
195 901 263 974 est,
286 894 433 978 quinque
456 892 655 955 Senatorum
669 893 880 980 totidemque
897 894 1122 958 Romanorum
1142 896 1308 981 equitumr

65 1004 92 1065 in
102 1001 276 1085 provinciis
286 1001 364 1062 XX
377 1008 659 1084 recuperatorum,
672 1002 789 1065 civium
805 1002 1047 1066 Romanorum:
1058 1003 1080 1068 J
1083 1027 1130 1067 ac.
1141 1003 1309 1068 Raevard.

65 1111 236 1172 Protribun.
251 1131 278 1171 c.
293 1107 344 1170 18.
360 1118 392 1171 et
403 1131 428 1171 c.
447 1107 498 1170 19.
516 1107 595 1172 Ger.
611 1109 730 1174 Noodt
742 1111 781 1171 de
796 1110 912 1172 aaran.
927 1120 959 1172 et
975 1113 1052 1193 Imp.
1067 1111 1160 1176 1.12.
1183 1113 1228 1176 Et
1241 1111 1309 1176 tale
1407 1187 1413 1200 ἱ

66 1217 156 1282 estad
173 1215 374 1301 συμβούλιον,
392 1216 483 1301 cujus
500 1216 626 1280 mentio
641 1217 678 1280 fit
699 1217 814 1280 Actor.
829 1239 855 1280 c.
873 1217 925 1280 25.
943 1239 970 1280 v.
987 1219 1037 1282 12.
1203 1242 1227 1258 ·⁴

643 1369 672 1450 §-
693 1368 723 1431 o.

193 1546 196 1552 Ι
278 1505 282 1512 ’
319 1485 362 1536 De
380 1485 582 1537 manumissione
600 1487 628 1536 in
637 1485 770 1552 fraudem
789 1487 950 1539 creditarum
960 1487 1049 1555 sacta.
1156 1512 1159 1515 ‘
1211 1527 1220 1543 .

139 1589 251 1650 Porro·
265 1585 326 1650 hac
341 1586 419 1671 lege
435 1589 636 1649 vetabantur
651 1587 931 1670 manumissiones,
947 1609 1032 1673 quae
1045 1589 1165 1653 fierent
1180 1589 1212 1651 in
1225 1588 1315 1666 frau-

69 1695 133 1759 dem
157 1695 369 1774 creditorum,
386 1695 406 1757 i.
425 1716 471 1778 e.,
490 1715 575 1778 quae
592 1693 760 1778 obligatos
773 1717 884 1759 servos
898 1695 1116 1772 creditoribus
1130 1695 1211 1761 dolo
1227 1697 1314 1761 malo

69 1806 266 1883 eximerent,
287 1812 483 1887 partemque
508 1802 722 1866 detraherent
737 1803 930 1888 pignorum,
946 1814 1002 1870 aut
1016 1807 1205 1890 portionem
1226 1805 1316 1869 solu-

68 1913 161 1976 tionis
182 1910 341 1974 creditori
365 1919 420 1974 aut
436 1910 631 1975 hereditatis
654 1921 796 1996 patrono
820 1913 1071 1978 imminuerent:
1093 1915 1228 2000 Ulpian.
1248 1916 1268 1976 1.
1290 1936 1316 1976 c.

70 2023 93 2102 §.
113 2021 163 2082 15.
179 2019 255 2104 Gaj.
278 2021 358 2081 Inet.
379 2021 406 2081 Ι.
427 2019 455 2081 1.
476 2022 497 2081 5
518 2020 566 2098 (l.
585 2019 663 2101 37).
685 2019 947 2106 Intelligendum
968 2022 1033 2087 hoc
1054 2032 1153 2109 caput
1178 2043 1250 2085 esse
1274 2022 1316 2084 de

71 2127 369 2191 manumissionibus
398 2148 465 2190 non
492 2127 596 2189 minus
623 2123 711 2191 i'nter
736 2129 849 2211 vivos,
882 2150 978 2214 quam
1004 2129 1121 2194 ultima
1143 2130 1317 2194 voluntate

71 2237 168 2318 lactis,
183 2236 327 2321 'egregie
344 2238 463 2320 probat
480 2235 664 2320 Schulting.
679 2237 723 2298 ad
741 2237 819 2317 stoja·
835 2238 911 2298 Inet.
931 2238 951 2296 l.
965 2258 991 2299 c.
1001 2260 1035 2321 p.
1050 2237 1101 2300 21.
1124 2237 1192 2301 Ubi
1207 2246 1319 2300 tamen

70 2343 292 2408 fraudulentus
319 2345 444 2406 animus
466 2365 532 2407 non
566 2343 806 2426 concurrebat,
833 2344 969 2407 valebat
995 2343 1204 2407 manumissio
1233 2344 1322 2407 inter

73 2455 157 2515 vivos
175 2452 274 2516 facta.
289 2452 334 2514 Et
349 2449 412 2514 huc
427 2453 574 2535 pertinet
587 2451 775 2536 exemplum
792 2452 881 2536 apud
897 2451 1005 2516 Tacit.
1015 2455 1100 2515 Ann.
1112 2451 1185 2513 XV.
1198 2453 1249 2514 55.
1263 2451 1320 2513 ubi

73 2561 223 2625 Saevinus
249 2559 440 2623 libertatum
460 2571 494 2624 et
514 2561 728 2644 pecuniarum
750 2561 783 2622 in
805 2581 917 2624 servos
939 2561 1130 2626 collatarum
1157 2560 1320 2625 rationem

73 2669 148 2734 harre
160 2669 294 2748 reddit,
317 2672 391 2750 quia
409 2672 500 2732 tenui
509 2671 579 2751 jam
607 2691 643 2731 re
653 2671 827 2749 familiari,
846 2671 1087 2733 carnotanam
1108 2671 1323 2742 creditenim.

76 2787 251 2840 testamento
267 2776 434 2859 dissideret.

659 2917 688 3000 p.
706 2917 737 2981 7.

330 3031 429 3085 Contra
447 3033 565 3085 dominor
583 3031 689 3086 libertos
706 3036 797 3103 inopes
815 3033 887 3086 alere
905 3039 1063 3085 racmantee.

149 3139 258 3200 Porro
281 3132 398 3196 eadem
426 3133 503 3219 lege
526 3135 658 3198 ademta
679 3143 753 3198 sunt
772 3135 913 3198 dominis
931 3134 1010 3217 jura
1034 3138 1243 3216 patronatus,
1267 3134 1324 3217 qui

75 3243 208 3308 libertos
226 3244 345 3325 inopes
365 3241 456 3305 alere
479 3242 708 3328 negligerent:
725 3244 763 3307 L.
781 3243 833 3308 33.
853 3245 893 3305 D.
909 3245 948 3307 dc
965 3243 1046 3305 Bon.
1065 3243 1165 3304 libert.
1184 3240 1223 3305 L.
1238 3239 1269 3302 6.
1284 3243 1326 3302 1).

77 3353 111 3414 de
123 3355 284 3436 Adgnosc.
303 3351 390 3430 lider.

78 3609 160 3674 finem,
178 3613 210 3661 ut
228 3605 321 3659 Latini
339 3603 551 3670 adipiscerentur
569 3603 722 3658 civitatem:
741 3606 801 3670 Gaj.
819 3607 841 3657 I.
858 3605 879 3672 ξ.
893 3606 1017 3656 29-32.
1035 3604 1098 3670 Ulp.
1117 3603 1167 3656 Ill.
1185 3607 1210 3656 ³.
1227 3604 1329 3668 Altera,

80 3712 143 3764 qnae
160 3699 274 3761 propter
293 3705 412 3742 errorem
428 3690 457 3742 in
475 3689 649 3743 matrimonio
666 3689 737 3742 inter
756 3688 873 3768 disparis
891 3687 1054 3742 conditionis
1072 3704 1204 3755 personas
1221 3693 1329 3742 contra-

79 3780 161 3832 hendo
179 3776 333 3830 admissum
352 3775 558 3840 interveniebat,
577 3776 658 3828 latius
676 3775 775 3841 patuit,
789 3774 924 3842 siquidem
942 3774 1076 3828 eomodo
1094 3773 1152 3827 lieri
1167 3778 1286 3839 poterat,
1301 3778 1332 3825 ut

80 3862 208 3931 peregrini
230 3877 342 3928 quoque
359 3861 394 3913 ad
408 3861 544 3915 civitatem
561 3863 713 3916 Romanam
731 3857 909 3927 pervenirent,
926 3861 1050 3928 adeoque
1067 3859 1097 3912 ln
1113 3857 1198 3924 patris
1210 3863 1332 3924 potesta·

80 3957 128 4001 tem
146 3947 335 4014 redigerentur
352 3945 438 4010 liberi,
452 3947 499 4015 qui
517 3965 553 4000 cx
564 3945 737 4000 matrimonio
755 3960 818 3996 cum
833 3943 975 4012 peregrino
995 3944 1170 4011 peregrinare
1187 3942 1256 3995 inito
1275 3941 1333 3996 nati

80 4040 182 4094 essent;
202 4047 292 4098 eaque
310 4045 367 4083 non
385 4047 420 4083 ex
438 4033 511 4098 Lege
529 4033 607 4084 Aelia
624 4030 732 4094 Sentia,
750 4047 844 4083 verum
862 4048 898 4083 ex
917 4030 990 4082 scm
1012 4027 1107 4082 incerti
1123 4030 1151 4079 et
1168 4025 1288 4078 auctoris
1306 4033 1334 4079 et
1354 4033 1355 4038 ’

82 4117 220 4184 temporis,
240 4117 389 4169 descendit.
409 4118 471 4186 Gaj.
485 4119 506 4170 I.
520 4117 540 4186 ς.
552 4121 625 4172 67-
636 4121 678 4172 77.
693 4115 714 4183 ἓ.
732 4117 823 4170 8211.
837 4117 857 4184 ς.
872 4121 929 4170 142.
947 4116 997 4168 111.
1015 4113 1036 4180 ᾖ.
1054 4119 1079 4166 ὁ.
1097 4117 1139 4166 73.
1158 4110 1333 4178 Utp.vl1.4.

81 4205 120 4256 Ile
137 4211 254 4272 utraque
273 4205 364 4254 autem
382 4203 534 4270 posteriore
552 4219 651 4255 causae
663 4202 824 4270 probatione
842 4203 895 4254 late
912 4205 1025 4267 egerunt
1041 4197 1334 4264 Remmiam-Heilung

81 4289 107 4364 in
118 4292 262 4341 comment.
275 4301 349 4352 saep.
362 4290 440 4355 alleg.
451 4289 482 4340 cla
496 4307 592 4341 causae
602 4286 758 4358 probatione
773 4293 800 4338 et
815 4288 849 4339 de
858 4285 1010 4352 Vangerow
1027 4283 1044 4336 l.
1054 4283 1071 4336 l.
1083 4283 1104 4349 ξ.
1116 4285 1229 4336 31-36.
1246 4281 1334 4339 ΜϋΙιΙ.

149 4379 180 4446 d)
200 4375 267 4430 vid.
286 4375 313 4423 et
331 4371 457 4428 Auctoris
475 4392 568 4428 comm.
586 4374 622 4426 ad
638 4375 671 4428 L.
688 4373 745 4426 Jni.
764 4381 789 4425 et
809 4373 843 4427 P.
864 4372 899 4425 Ρ.
917 4386 943 4438 p.
963 4373 1021 4424 128.
1040 4363 1125 4422 nnita
