3122 5162
212 380 285 450 778
629 378 704 448 Lis.
730 376 790 448 lv.
815 379 893 450 Tin.
918 373 1053 449 xviii.

211 575 278 619 non
302 551 470 617 debuisse:
491 553 530 615 h.
552 552 654 634 llus.
675 553 705 616 1.
727 556 769 618 D.
791 557 830 618 da
849 552 927 629 sus,
949 559 1007 638 qus·
1020 562 1143 628 notent.
1160 556 1273 635 tufum.
1295 557 1333 618 L.
1346 555 1403 638 βᾶ.
1427 557 1465 618 Ι).

212 663 252 724 ste
273 663 376 744 Jeusg.
398 670 429 722 et
451 670 543 724 sumt.
558 662 633 740 sum
666 661 772 746 Origo
794 661 887 746 hujus
911 662 1009 726 moris
1032 671 1082 726 est
1104 663 1346 746 apudhivium
1370 665 1397 724 I.
1418 664 1466 726 ᾖ.

189 769 400 852 ,exemplum
423 766 570 853 ejusdem
599 768 686 852 apud
710 769 905 836 Suetonium
932 771 966 833 in
988 775 1054 832 es'ta
1072 771 1178 834 *aues
1199 793 1225 834 a.
1245 770 1297 834 61.
1318 769 1371 833 cf.
1394 770 1467 832 Me-

212 873 319 939 riiiius
345 877 522 940 Obseruatt.
548 875 617 937 VII.
639 876 690 940 32.

788 1025 816 1106 g.
840 1025 890 1087 51.

358 1142 417 1194 Lex
434 1141 510 1194 «Iulia
529 1142 560 1194 de
578 1142 717 1197 adulterim
740 1145 801 1203 Qua
810 1161 900 1214 poena
917 1145 1075 1198 uindicatum
1095 1145 1128 1196 eit
1146 1143 1328 1197 adulterium?

220 1345 224 1354 .
297 1241 487 1322 Pioxinsum
505 1265 555 1322 est
571 1260 693 1322 crimen
708 1277 895 1338 anunnuun
910 1267 956 1343 ¹¹),
981 1235 1071 1348 quod
1084 1263 1206 1345 primus
1229 1260 1466 1354 vindicandum

214 1366 355 1454 publicis
379 1365 514 1452 judiciis
544 1368 743 1432 existimavit
765 1368 934 1454 Augustus
958 1375 1003 1454 ¹),
1022 1371 1120 1456 ‚qui,
1142 1390 1240 1454 quum
1264 1367 1466 1432 diffluentem

214 1474 295 1536 luxu
318 1471 485 1536 civitatem
506 1474 691 1539 Romanam
720 1486 754 1541 et
776 1477 817 1542 ad
847 1499 976 1541 omnem
995 1488 1189 1563 stuprorum
1210 1475 1465 1556 adulteriorum·

217 1610 281 1675 que
303 1588 471 1668 licentiam
500 1585 680 1669 projectam
712 1595 882 1666 cerneret,
914 1585 1089 1648 coercendi
1123 1585 1217 1668 hujus
1247 1583 1325 1648 mali
1357 1606 1467 1648 caussa

103 1759 106 1764 ,
217 1696 454 1762 severissimam
480 1693 522 1756 de
546 1691 715 1756 adulteriis
738 1701 772 1755 et
793 1695 912 1777 stupris
933 1694 1044 1779 legem
1067 1691 1159 1756 tulit:
1174 1691 1240 1754 vid.
1262 1692 1301 1752 1..
1318 1690 1349 1754 1.
1373 1694 1415 1753 D.
1429 1694 1469 1753 ad

215 1805 254 1866 L.
275 1805 338 1866 Jul.
361 1805 399 1869 de
421 1804 531 1864 Adult.
560 1799 737 1863 Suetonius
764 1801 870 1863 Octau.
900 1805 1038 1884 August.
1062 1822 1086 1862 o.
1108 1799 1158 1863 34.
1185 1796 1285 1862 Unde
1309 1799 1467 1861 Horatius

219 1913 354 1973 Carmm.
383 1909 441 1973 IV.
470 1910 499 1969 5.
529 1928 557 1970 o.
584 1905 635 1969 21.
665 1927 728 1990 sqq.
758 1908 844 1971 hanc
878 1907 1021 1992 Augusti
1044 1906 1300 1992 ‘providentiam
1340 1907 1389 1969 ita
1416 1927 1468 1969 ce·

95 2019 105 2032 ¹
216 2018 346 2090 lebrats
932 2011 937 2021 ’

412 2123 520 2186 Noun
539 2123 689 2204 polluitur
710 2133 799 2184 cesta
820 2123 928 2184 domus
950 2127 1080 2204 stupetis.

414 2231 533 2292 Mouet
555 2233 607 2291 teu
626 2233 817 2308 maculosum
839 2231 975 2292 edomuit
995 2232 1104 2309 mesas:
1162 2281 1165 2287 .

414 2329 606 2400 Laudentur
627 2339 722 2398 asim'ls'
737 2341 826 2418 prole
842 2359 1038 2420 puerperae:

613 2443 744 2526 Culpam
761 2465 865 2526 poeno
885 2449 997 2527 premit
1018 2467 1126 2508 censes.

214 2594 513 2612 ---—————·

187 2703 192 2708 ·
288 2689 322 2756 u)
343 2684 469 2738 Rosshirt
488 2685 505 2736 ι.
524 2683 541 2735 ι.
560 2683 581 2750 t.
598 2686 745 2736 eoi-205.
763 2700 789 2748 ρ.
807 2677 953 2738 ass-'sm
972 2681 1060 2738 Haut.
1116 2737 1121 2746 ,

290 2772 325 2838 x)
346 2772 424 2834 Quae
441 2766 522 2838 fuerit
540 2755 628 2831 poena
646 2768 772 2820 adulterii
789 2773 858 2819 eute'
869 2769 956 2835 legem
974 2769 1091 2837 Iuliam,
1114 2767 1163 2822 vix
1183 2773 1301 2823 constat.
1325 2773 1470 2825 Exstitisse

221 2856 292 2910 enim
311 2861 373 2908 ante
390 2855 492 2907 Iuliam
512 2853 579 2906 alias
597 2854 686 2920 leges,
713 2851 812 2921 quihus
831 2853 906 2906 Iulia
922 2855 1100 2921 derogatum,
1123 2861 1199 2909 natet
1219 2873 1256 2908 ex
1277 2857 1376 2910 Gallae.
1394 2861 1472 2926 Leqq.

222 2942 367 2995 Mosas'car.
385 2949 410 2992 et
427 2941 542 2992 Roman.
562 2941 600 2992 tit.
619 2939 670 2992 IV.
688 2939 709 3004 ξ.
727 2943 753 2992 2.
771 2941 810 3010 Et
824 2939 858 2992 de
876 2939 935 3004 lege
957 2930 1076 3009 quadam
1094 2919 1209 3004 sirvilis
1232 2943 1395 3008 ooujeutam
1411 2959 1472 2996 em·

222 3027 279 3080 dita
297 3032 338 3076 est
355 3027 400 3078 Jo.
420 3023 492 3076 Guil.
511 3024 668 3075 Hoffmanni
687 3025 718 3075 de
749 3025 804 3093 que
822 3025 879 3076 Jut.
898 3024 929 3074 de
948 3026 1030 3077 adult.
1050 3045 1071 3079 c.
1095 3033 1115 3079 l.
1133 3027 1154 3093 ξ.
1171 3029 1213 3078 21.
1227 3045 1257 3094 p.
1276 3031 1320 3080 34.
1341 3029 1396 3080 Sed
1415 3030 1470 3092 pie-
1543 3045 1544 3056 ¹

222 3128 306 3179 saque
324 3115 413 3186 tamen
431 3111 465 3160 de
483 3108 621 3161 sanctione
643 3108 722 3160 istius
741 3107 808 3173 legis
827 3114 890 3160 sunt
908 3110 1093 3164 incertissima.
1113 3111 1242 3164 Soiebant
1265 3113 1332 3165 olim
1352 3113 1403 3178 ipsi
1422 3111 1470 3162 siri

223 3211 258 3248 ex
276 3195 390 3246 oonsilio
413 3193 630 3263 propinquorum
655 3193 683 3246 in
707 3195 843 3246 adulteras
860 3193 1089 3258 animadvertere,
1126 3201 1156 3248 ut
1179 3201 1254 3262 patet
1277 3215 1315 3250 ex
1336 3195 1469 3262 Dionysio

161 3257 171 3279 ‘
223 3279 311 3332 uuis
339 3282 506 3349 nusquam.
536 3279 615 3332 nom.
642 3279 683 3332 11.
708 3283 751 3332 es.
784 3280 866 3342 Quos
884 3279 931 3345 Jus
956 3281 1003 3333 uu
1026 3281 1141 3345 musis,
1167 3281 1252 3346 aueo,
1279 3289 1312 3334 ut
1337 3289 1367 3336 u
1390 3281 1466 3334 aas

223 3366 279 3418 rius
299 3367 389 3418 adhue
406 3365 549 3418 mulierum
567 3364 765 3430 impudicarum
783 3364 972 3420 ooercitionem
996 3366 1159 3436 propinquis
1183 3383 1216 3419 ao
1239 3366 1401 3420 necessariis
1421 3366 1467 3416 de-
1543 3395 1544 3445 q

223 3451 373 3515 mandarit,
393 3452 416 3504 si
434 3451 577 3502 adousstor
595 3451 720 3515 publicus
739 3451 858 3503 deesset:
878 3451 1026 3503 Suetonius
1049 3451 1136 3504 Tibur.
1155 3471 1176 3504 e.
1195 3455 1236 3504 35.
1255 3452 1381 3505 Adulteri
1398 3449 1471 3502 domi

224 3535 383 3603 deprehensi
401 3537 456 3588 iere
473 3536 583 3588 castrari
602 3535 739 3588 solebant:
757 3535 818 3587 Jan.
836 3535 991 3602 Langlaeus
1004 3536 1135 3590 Semastr.
1154 3537 1232 3589 VIII.
1251 3541 1276 3592 7.
1297 3538 1372 3589 Hinc
1389 3537 1472 3589 Plan·

224 3623 269 3674 tus
292 3621 399 3675 curcul.
419 3623 478 3674 Act.
497 3621 521 3675 1.
539 3639 574 3674 ee.
588 3626 617 3672 ·l.
636 3638 660 3672 v.
676 3623 719 3672 28.
737 3637 792 3688 sqq.

418 3706 463 3760 Ita
481 3715 553 3760 tuum
571 3705 690 3772 conserto
708 3723 799 3760 amare
815 3722 934 3774 semper,
952 3706 1070 3775 sieeqis,

421 3792 461 3842 Ne
479 3792 518 3855 id,
536 3791 708 3859 quodenset,
721 3791 837 3859 populus
855 3791 879 3843 η’
894 3793 975 3850 sciet,
993 3791 1040 3843 tibi
1055 3793 1090 3843 sit
1101 3789 1212 3860 prodeo.

423 3875 534 3945 Semper
551 3883 658 3935 curato,
676 3893 709 3926 ue
727 3877 762 3928 sis
781 3889 998 3928 innueramus:
1208 3867 1211 3870 ⁵

424 3961 504 4018 Quod
520 3975 607 4022 emas,
625 3969 712 4011 amato
731 3961 837 4012 testibus
851 3960 1044 4030 praesentibus.

226 4045 392 4113 Hujusmodi
403 4060 519 4111 poenam
532 4045 668 4097 Chaereae
680 4047 881 4098 adolescentulo
893 4045 1034 4098 imminere
1043 4043 1119 4111 fingit
1130 4043 1228 4096 aneilla
1236 4043 1310 4109 apud
1319 4033 1481 4097 ''I'emntinm

228 4127 294 4182 Rus.
304 4134 362 4183 Aet.
385 4131 410 4181 V.
422 4134 487 4182 saa
507 4147 531 4180 o.
547 4132 589 4182 ³⁵.
601 4147 638 4198 sq.
657 4137 684 4182 et
701 4131 812 4182 militem
831 4131 990 4196 gloriosum,
1009 4126 1246 4198 Pyrgopolinices,
1263 4131 1362 4182 eudem
1372 4129 1481 4195 suppli-

227 4216 271 4268 oio
287 4216 389 4267 territat
403 4214 647 4281 Periplectomenes
665 4217 739 4280 apud
757 4217 885 4288 Plautum
906 4217 963 4268 Mil.
982 4217 1088 4284 qlors'oe.
1108 4215 1168 4267 Aet.
1193 4214 1221 4265 V.
1240 4233 1263 4265 o.
1281 4219 1307 4265 2.
1320 4231 1377 4283 sqq.
1397 4215 1481 4266 Hem.

228 4301 361 4353 Romulus
375 4303 433 4367 J'am
450 4301 516 4353 olim
534 4301 569 4352 de
593 4301 727 4352 adulterio
746 4303 832 4367 legem
849 4300 1008 4368 proposuit,
1029 4317 1099 4369 quae
1124 4297 1152 4352 in
1174 4302 1246 4364 leges
1267 4299 1326 4351 XII
1342 4296 1434 4352 Tahts'.
1453 4305 1481 4350 ut

197 4465 198 4468 Ἰ
228 4392 310 4447 puto,
334 4392 376 4437 est
398 4389 482 4438 relata
509 4391 535 4438 et
559 4385 607 4438 diu
625 4388 729 4438 Romae
753 4394 868 4442 servata.
894 4389 1037 4454 singulare
1054 4393 1109 4450 est,
1137 4387 1213 4453 quod
1231 4383 1402 4438 scholiastes
1422 4385 1481 4436 Ho-

230 4469 291 4521 ratii
309 4469 341 4539 [⁸
361 4469 554 4540 Cruquianus]
581 4472 617 4522 ud
637 4471 793 4524 Sermonum
816 4473 874 4526 Lib.
893 4474 932 4525 Il.
952 4481 999 4526 sat.
1018 4478 1044 4526 7.
1067 4491 1090 4524 e.
1110 4471 1253 4524 osuixit:
1273 4470 1484 4538 Leaesue'tapad
1541 4485 1542 4500 ¹

230 4551 416 4620 Athenienses,
441 4566 472 4608 ut
495 4557 644 4610 adulterum
671 4573 730 4610 eum
755 4559 878 4612 adultere
907 4560 1098 4629 deprehensum
1120 4558 1217 4610 merite
1240 4556 1332 4609 tiemt
1350 4557 1481 4609 occidere
