3040 5164
273 399 328 470 Da
352 399 511 472 Usucnr.
525 401 591 468 'Er
615 401 729 470 Lonm
753 400 873 472 Taua.
898 403 1071 473 Panascn.
1229 409 1301 478 087

48 587 102 644 tes
125 568 298 655 decennio,
320 575 409 642 inter
429 579 583 643 absentes
601 578 756 643 vicennio
778 580 912 664 usucapi
936 579 1052 644 voluit.
1073 579 1187 666 Negat
1207 580 1300 648 Ras-

47 687 182 769 vardus,
200 686 270 770 ejus
288 686 471 772 reijustam
493 687 654 752 rationem
676 685 829 752 babuisse
847 688 1106 773 Imperatorem,
1123 689 1201 773 quia
1215 689 1300 756 baec

47 795 170 876 omnia,
193 815 280 880 quae
302 795 346 858 de
368 796 569 879 usucapione
588 815 697 859 rerum
722 794 938 860 immobilium
962 798 1088 878 sanxit,
1104 795 1297 881 jamdudum

47 911 127 968 ante
143 903 212 987 ejus
228 910 380 988 tempora
393 903 589 968 Praetorum
607 903 725 967 edictis
733 903 994 990 Principurnque
1009 904 1298 970 constitutionibus

48 1010 173 1074 fuerint
191 1010 332 1076 invecta.
356 1009 467 1088 Quare
492 1019 526 1075 et
549 1011 604 1074 bic
627 1011 806 1076 susurriani
832 1013 1040 1096 prudentiam
1059 1011 1298 1096 legislatoriam

48 1119 188 1204 requirit
201 1119 236 1181 in
252 1120 373 1182 lbrbm.
387 1141 413 1182 o.
424 1119 476 1182 10.
485 1141 520 1201 p.
529 1117 602 1184 781.
624 1119 692 1184 Sed
708 1140 749 1182 ea
764 1120 806 1183 de
821 1141 859 1184 re
874 1121 955 1186 alibi
970 1122 1035 1184 erit
1047 1120 1184 1184 dicendi
1199 1122 1300 1185 locus.

620 1293 649 1376 §.
671 1291 722 1354 10.

553 1407 627 1466 Quid
643 1410 797 1480 usurpatio!

131 1509 286 1572 Ceterum
312 1528 410 1591 quum
435 1515 563 1592 tempus
585 1509 619 1571 in
645 1508 898 1594 usucapionibus
924 1507 1065 1572 deberet
1093 1531 1164 1574 csse
1191 1512 1300 1574 conti·
1348 1517 1350 1522 '

53 1639 160 1681 nuum:
184 1615 383 1698 interruptio
403 1614 491 1680 illius
514 1615 687 1680 dicebatur
708 1632 915 1681 Usuurnrrot
940 1617 978 1678 L.
1000 1617 1030 1681 2.
1053 1625 1087 1680 et
1102 1618 1140 1681 L.
1154 1619 1183 1680 5.
1199 1621 1240 1680 Ι).
1261 1620 1300 1681 de

59 1725 165 1806 Usurp.
182 1733 216 1787 et
233 1724 276 1787 de
292 1723 353 1788 hac
366 1745 402 1786 re
419 1723 490 1806 egit
503 1723 607 1809 Appii
624 1721 755 1788 Claudii
773 1701 860 1790 liber
875 1727 914 1786 de
929 1728 1194 1808 usurpationibus,
1210 1727 1300 1812 cujus

57 1833 195 1895 meminit
215 1833 380 1917 Pompon.
394 1831 475 1896 122.
495 1831 523 1914 ἓ.
538 1831 589 1894 36.
604 1835 645 1894 Ι).
667 1835 707 1894 de
726 1817 813 1916 Orig.
826 1835 895 1914 jur.
918 1833 1002 1896 Sunt
1023 1842 1133 1897 tamen
1157 1842 1190 1897 et
1212 1834 1299 1898 aliae

55 1939 141 2024 hujus
156 1941 247 2004 vocis
263 1940 529 2026 significationes.
546 1939 600 2002 Sic
615 1941 765 2025 usurpari
776 1941 896 2005 dicitur
912 1941 1060 2024 servitus,
1072 1963 1158 2026 quae
1174 1941 1299 2005 utendo

54 2047 224 2111 retinetur:
245 2049 281 2110 L.
296 2047 324 2110 6.
340 2048 369 2131 §.
386 2048 414 2110 1.
424 2051 459 2112 L.
474 2048 503 2110 8.
520 2047 552 2110 in
559 2053 631 2132 fine
645 2053 678 2109 L.
692 2047 722 2110 9.
738 2049 775 2111 L.
788 2048 837 2110 16.
853 2050 894 2110 Ι).
914 2050 1093 2126 Qucmodm.
1107 2071 1187 2111 seru
1202 2055 1300 2114 omitt.

54 2155 118 2218 lmo
140 2167 174 2223 et
196 2166 351 2240 usurpata
372 2155 492 2219 dicitur
511 2156 665 2237 servitus,
690 2179 775 2242 quae
791 2155 907 2219 amissa
922 2177 980 2219 usu
1001 2156 1119 2218 iterum
1136 2157 1301 2242 adquisita

54 2274 115 2327 est:
137 2269 172 2327 L.
187 2264 238 2327 40.
253 2263 282 2346 §.
297 2264 326 2325 l.
342 2266 382 2325 Ι).
398 2265 449 2324 Ec·
471 2267 549 2348 quib.
573 2285 667 2327 causa
683 2267 756 2346 maj.
779 2263 937 2348 Reliqua,
954 2285 1039 2354 quae
1062 2263 1105 2326 ad
1120 2262 1206 2326 hunc
1221 2266 1300 2328 titu-

52 2371 117 2434 lum
133 2371 315 2455 pertinent,
331 2395 351 2435 a
367 2370 557 2436 doctoribus
573 2370 704 2455 plenius
719 2371 829 2435 solent
843 2369 1009 2434 inculcari.

624 2549 653 2631 ς.
673 2548 724 2612 11.

385 2665 446 2718 Pro
464 2665 560 2718 herede
578 2667 712 2736 usucapio.
731 2693 765 2703 -
787 2663 965 2734 Urureceptio.

128 2767 252 2854 Neque
268 2787 348 2830 vero
363 2787 493 2852 prorsus
510 2773 584 2830 sunt
598 2765 732 2834 silentio
750 2763 1056 2850 praetermittenda,
1074 2786 1158 2850 quae
1181 2763 1224 2828 de
1240 2785 1300 2828 ve-

62 2876 240 2940 tustioribus
255 2874 448 2960 quibusdam
463 2875 698 2959 usucapionum
711 2874 823 2936 formis
835 2893 853 2936 e
866 2873 944 2960 Gaji
956 2855 1197 2938 commentariis
1213 2872 1301 2935 didi-

59 2983 147 3047 cimus
163 2990 209 3066 s).
224 2982 316 3046 Fieri
333 2983 454 3045 etenirn
471 2989 615 3066 poterat,
631 2988 677 3064 ut,
691 2982 748 3067 qui
763 3001 830 3044 non
845 2982 979 3065 ignarus
995 2990 1092 3062 esset,
1107 3001 1142 3045 se
1158 2981 1300 3045 alienam

60 3113 120 3152 rem
134 3092 323 3178 possidere,
339 3099 450 3154 tamen
474 3112 545 3154 eam
571 3099 775 3175 usucaperet.
798 3087 874 3168 Quo
896 3089 930 3151 in
950 3110 1074 3174 genere
1093 3093 1231 3172 prunum
1253 3097 1302 3152 est

57 3219 108 3278 pro
128 3202 242 3262 herede
268 3204 432 3281 usucoprb,
461 3199 678 3264 vetustissima
703 3197 764 3261 illa
786 3198 976 3283 quidemr).
1006 3197 1090 3260 Nam
1122 3197 1302 3280 antiquitus

59 3306 227 3394 unicuique
247 3306 366 3369 civium
388 3306 500 3390 licuit,
515 3327 567 3370 res
586 3305 820 3387 hereditarias,
844 3306 885 3367 ab
907 3303 1032 3367 herede
1055 3303 1199 3366 nondum
1223 3325 1302 3386 pos-

59 3435 169 3498 sessas,
194 3414 348 3500 adeoque
374 3415 478 3499 ipsam
506 3415 605 3478 etiam
629 3413 868 3496 hereditatem,
893 3433 1055 3497 occupare
1084 3419 1184 3496 atque
1207 3411 1302 3475 unius

60 3524 124 3584 anni
138 3543 201 3586 usu
223 3521 286 3585 sibi
302 3538 462 3607 quaerere
478 3527 524 3606 ⁸);
545 3543 630 3606 quae
646 3520 854 3605 usucapionis
868 3521 994 3606 species
1009 3543 1070 3606 pro
1086 3519 1211 3584 herede
1227 3541 1303 3582 usu-

59 3660 343 3673 —-—..--—-—-—-

117 3730 151 3798 q)
162 3727 237 3793 *Gap
255 3728 293 3780 11.
308 3728 330 3794 ξ.
347 3731 484 3782 trs-61..
496 3727 583 3784 Mtte.

114 3814 140 3880 r)
159 3813 224 3864 Jam
242 3810 316 3864 enirn
333 3828 389 3865 uon
407 3811 544 3881 loquimur
556 3815 590 3866 de
601 3829 635 3878 es
652 3827 703 3879 pro
714 3810 813 3864 beredo
830 3810 1006 3878 usucapione,
1020 3827 1091 3879 quae
1104 3815 1152 3864 aut
1168 3811 1303 3864 bonorum

60 3895 204 3958 possessori
217 3895 267 3962 jus
285 3897 390 3950 heredis
409 3898 554 3962 tribuebat,
571 3904 619 3950 aut
636 3896 806 3963 singularum
823 3913 859 3948 ex
882 3895 1030 3948 hereditate
1043 3911 1133 3949 rerum
1152 3893 1304 3950 dominium

64 3979 92 4044 ci,
106 3984 147 4050 qni
165 3989 310 4049 tamquam
326 3983 404 4036 heres
423 3999 469 4036 eas
487 3985 559 4036 bona
577 3985 631 4036 tide
647 3988 730 4052 atque
741 3993 879 4036 encausti
896 3980 1032 4046 probabili
1042 3981 1210 4047 possederat
1225 3980 1303 4047 (Vid.

61 4065 89 4116 l.
103 4070 139 4118 33.
157 4070 179 4136 5.
196 4073 218 4120 l.
237 4083 307 4120 vers.
325 4069 386 4120 Hoc
403 4068 524 4137 amplius.
543 4068 578 4121 D.
597 4069 628 4120 de
647 4069 757 4136 usurp.)
785 4068 829 4120 De
847 4065 932 4120 veteri
949 4065 997 4118 illa
1013 4068 1091 4132 proh.
1113 4082 1190 4118 usuc.
1209 4066 1256 4118 cfr.
1269 4065 1304 4117 de

60 4150 167 4220 Savigny
187 4152 278 4206 Recto
295 4153 340 4204 dus
357 4153 481 4207 Besitzss
497 4155 518 4221 ξ.
537 4158 561 4208 7.
579 4169 605 4220 p.
626 4159 669 4209 76.
688 4170 750 4222 sqq.
769 4153 826 4222 (ed.
844 4152 919 4220 Vk).
936 4152 1040 4206 Arndts
1056 4153 1095 4205 im
1114 4150 1211 4204 thsiu.
1230 4150 1302 4202 Matr.

60 4234 89 4284 ll·
105 4252 130 4302 p.
149 4243 209 4291 125.
226 4253 288 4306 sqq.
310 4238 450 4292 Fabricius
468 4237 529 4292 ibid.
547 4239 595 4292 lV.
614 4256 642 4305 p.
661 4243 719 4293 195.
736 4254 797 4307 sqq.
811 4239 900 4305 (num.
919 4236 996 4303 ssa).
1021 4237 1220 4290 Unterlrolancr
1242 4235 1303 4288 ibid.

59 4318 88 4372 l'.
104 4337 129 4387 p.
145 4327 189 4376 26.
202 4339 263 4392 sqq.
282 4322 372 4389 (uum.
383 4324 437 4391 ll.)
456 4322 576 4394 itemque
594 4325 697 4380 Arndts
710 4322 739 4376 iu
758 4322 801 4389 uj.
816 4322 1017 4389 Beitriipeuwu
1034 4320 1134 4374 susal.
1151 4321 1258 4374 lersn
1278 4319 1303 4372 d.

63 4403 143 4460 Civilr.
160 4410 183 4460 1.
201 4424 228 4474 p.
241 4411 282 4460 75.
297 4423 357 4478 sqq.
378 4410 413 4478 (ξ.
428 4411 477 4476 7.).
496 4408 583 4461 Mitti.
841 4411 844 4418 “

120 4494 148 4560 s)
170 4493 369 4560 Gaj.11.§..¹›4.
386 4494 503 4560 „Quare
519 4500 610 4547 autem
627 4494 680 4546 boc
691 4507 756 4544 casu
774 4491 855 4544 etiam
873 4490 926 4544 soli
938 4504 1029 4542 rerum
1046 4503 1137 4542 annua
1155 4490 1304 4544 constituta

62 4570 92 4623 sit
108 4577 246 4644 usucapio,
262 4577 308 4630 illa
326 4579 395 4632 ratio
410 4585 459 4644 est,
472 4579 547 4649 quod
565 4579 630 4632 olim
645 4595 734 4631 rerum
753 4575 976 4632 bereditariarum
993 4575 1213 4642 possessione-
1228 4575 1304 4642 ipsae

1039 4658 1105 4722 25*
