3040 5164
213 396 285 466 m
396 461 406 476 ,
657 340 1008 460 mmmm.

213 567 300 650 Et'p.
316 566 467 629 DLXXI.
482 587 514 632 n.
528 567 558 630 1.
574 565 657 630 alius
672 565 851 650 municipio
866 565 935 629 Hs.
949 563 1052 629 LXV.
1067 563 1196 650 legavit
1209 568 1422 641 testamento,
1510 581 1511 616 u

943 691 990 738 ur
1511 667 1512 726 l

513 799 568 844 ux.
589 799 726 847 murro.
750 797 839 846 utus.
862 795 1002 845 sununs
1511 797 1512 802 ’

513 905 719 966 Quoranurs.
741 907 809 953 vm.
832 903 921 953 rous.
943 903 1090 952 novumn.

514 1013 659 1061 uarum.
681 1014 755 1080 suo.
778 1013 928 1061 uuurolr.
950 1012 1088 1060 uruouu

513 1121 565 1167 ur.
587 1123 705 1172 ouusr.
726 1124 779 1170 nr.
801 1121 952 1169 munsuu.
974 1121 1145 1169 numurus.

796 1257 876 1339 st-
1513 1292 1514 1356 ,

605 1374 724 1442 Itemque
742 1371 831 1425 diebus
851 1373 968 1427 lustricis
985 1375 1072 1427 misso.

257 1505 260 1510 ·
296 1474 363 1537 Die
379 1481 498 1538 octavo
514 1495 534 1537 a
549 1475 652 1538 natali
670 1473 820 1559 puellae,
838 1496 926 1537 nono
950 1475 1045 1560 pueri
1067 1471 1302 1553 lustrabantur,
1326 1471 1451 1554 accipie·

152 1592 154 1596 ’
214 1583 362 1666 bantque
377 1582 523 1645 nomina:
539 1582 656 1646 Festus
672 1583 730 1645 sub
746 1604 829 1660 voce
844 1585 970 1646 lustrici
977 1605 1011 1665 p.
1028 1582 1099 1644 507.
1121 1583 1264 1644 Lustrici
1281 1580 1349 1641 dies
1365 1579 1454 1656 insun-
1514 1612 1515 1666 q

214 1693 291 1752 tium
308 1691 510 1771 adpetuntur,
517 1693 699 1772 puellarum
716 1699 854 1765 octavus,
863 1711 1036 1773 puerorum
1051 1710 1161 1766 nonus,
1178 1693 1254 1770 quia
1265 1689 1314 1749 tis
1328 1689 1454 1748 lustran-
1514 1689 1515 1692 ’

215 1805 279 1870 tur,
299 1807 394 1877 atque
413 1799 457 1858 eis
481 1800 605 1858 nomtna
627 1801 837 1880 imponuntur.
859 1797 952 1861 Addi
972 1805 1109 1881 possunt
1130 1796 1280 1860 Macrob.
1304 1792 1455 1856 Saturast.

215 1905 241 1964 I.
259 1902 309 1965 16.
324 1902 494 1966 Plutarchi
517 1904 892 1980 Quaestt.Rom.c.102.
914 1905 1014 1969 Unde
1036 1904 1071 1966 hi
1090 1905 1156 1966 dies
1170 1906 1329 1965 notuinum
1350 1897 1452 1983 adpel-
1515 1930 1516 1943 π

216 2010 327 2075 lantur
342 2010 429 2093 apud
444 2010 623 2094 Ulpianum
639 2013 769 2094 Btagm.
793 2016 838 2074 tit.
859 2013 932 2075 XV.
953 2012 1006 2076 ltu
1024 2013 1111 2075 enim
1134 2011 1182 2074 ibi
1197 2009 1373 2094 legendum
1390 2025 1453 2068 esse

216 2142 276 2204 pro
297 2139 413 2182 nonum
429 2121 523 2193 diem,
543 2140 586 2182 ex
605 2119 721 2182 codice
737 2118 874 2183 Tiliano
897 2121 1043 2184 ostendit
1065 2120 1134 2183 Em.
1151 2117 1274 2182 Merill.
1296 2118 1453 2179 Observatt

216 2229 259 2288 ΙΙ.
270 2226 321 2289 33.
337 2226 458 2290 Fiebat
473 2227 556 2292 haec
571 2229 724 2301 lustratio,
740 2227 806 2311 vel,
823 2228 871 2290 uti
881 2229 1016 2291 Terent.
1030 2229 1157 2289 Phorm.
1173 2226 1239 2288 I.l.
1254 2249 1283 2288 v.
1294 2224 1346 2288 15.
1361 2229 1455 2302 vocat,
1516 2250 1517 2318 q

215 2338 357 2408 initiatio,
372 2335 605 2420 impositioque
621 2335 798 2418 nominum,
813 2336 910 2400 variis
926 2336 1082 2401 adhibitis
1098 2331 1388 2397 sollemnitatibus.
1401 2331 1454 2392 Ex·
1516 2321 1517 2330 ἶ

215 2443 339 2529 piatum
357 2444 442 2506 enim
459 2445 630 2526 infantem,
644 2454 679 2506 et
694 2444 848 2508 adversus
864 2443 1021 2507 fascinum
1037 2445 1141 2528 probe
1157 2441 1399 2528 praemunitum
1410 2459 1456 2500 er-

216 2551 365 2615 imebant
377 2553 477 2634 cunis,
494 2564 528 2615 et
547 2572 607 2636 per
623 2538 723 2615 aedes
739 2552 969 2616 ditissimorum
985 2551 1103 2615 civium
1123 2550 1200 2614 boni
1213 2550 1332 2614 ominis
1349 2567 1453 2624 caussa,
1517 2603 1518 2610 ,

217 2680 280 2723 nec
294 2680 361 2721 non
377 2659 421 2721 ob
436 2659 632 2744 religionem
648 2682 709 2744 per
723 2661 871 2724 Deorum
888 2641 1102 2743 Dearumque
1118 2659 1241 2744 templa
1258 2656 1451 2722 circumfere-

218 2765 315 2830 bant:
335 2767 427 2829 Pers.
442 2768 509 2830 Sat.
524 2769 565 2830 ΙΙ.
577 2789 604 2830 v.
620 2767 670 2831 31.
695 2768 831 2831 Sueton.
853 2768 950 2850 Culig.
964 2790 989 2830 c.
1001 2767 1053 2830 25.
1069 2769 1157 2830 Nero
1173 2789 1198 2830 c.
1211 2765 1240 2828 6.
1259 2767 1353 2830 Hinc
1372 2783 1454 2850 porro

217 2897 339 2939 nomen
356 2875 541 2959 accipiebat
557 2877 675 2958 infans,
698 2885 732 2939 et
751 2875 955 2939 vocabantur
973 2875 1015 2938 ad
1030 2876 1162 2962 epulum
1180 2875 1376 2960 propinqui:
1388 2870 1455 2937 Julii

219 2981 401 3067 Capitolini
421 2985 545 3048 Clodius
564 2987 698 3046 Albinus
719 3006 744 3044 c.
761 2985 792 3046 4.
815 2990 849 3045 et
865 2984 1010 3068 denique
1026 2984 1113 3047 intra
1131 2984 1330 3046 tricesimum
1350 2979 1456 3046 anati·

218 3081 322 3156 vitate
343 3092 429 3155 diem
448 3093 611 3176 professio
634 3090 785 3154 natalitia
807 3092 849 3155 ad
870 3101 943 3158 acta
965 3093 1073 3157 fiebat.
1095 3093 1149 3158 Ita
1166 3093 1252 3157 enim
1276 3089 1457 3174 intelligen-

220 3201 294 3264 dum
317 3223 389 3265 esse
414 3200 522 3265 locum
541 3200 626 3264 Jul-ii
646 3199 827 3285 Capitolini
851 3200 883 3263 in
907 3206 971 3264 vita
991 3203 1098 3264 Murci
1112 3204 1269 3264 Antonini
1294 3196 1458 3278 Ptuuqts'

218 3332 245 3374 o.
262 3308 291 3371 9.
311 3311 512 3396 ostendimus
528 3309 563 3373 in
586 3310 752 3370 Comment.
772 3310 816 3370 ad
829 3309 867 3370 L.
883 3310 945 3370 Jul.
963 3318 994 3371 et
1011 3312 1090 3391 Pap.
1108 3311 1149 3370 ΙΙ.
1168 3309 1219 3372 14.
1232 3331 1267 3391 p.
1281 3308 1354 3388 266,
1373 3307 1451 3368 Tunc

220 3439 301 3502 ergo
322 3417 408 3482 dona
430 3427 463 3482 et
480 3439 616 3481 munera
638 3415 855 3480 mittebantur
875 3417 995 3480 infanti
1013 3418 1126 3502 ejusve
1150 3417 1262 3506 matri,
1288 3418 1387 3504 idque
1405 3419 1456 3492 est,

222 3527 309 3611 quod
326 3526 489 3612 significat
505 3526 642 3588 Terent.
661 3525 785 3586 Pltorm.
801 3528 871 3588 Act.
890 3527 915 3587 I.
932 3529 980 3586 Sc.
993 3525 1022 3585 1.
1041 3546 1067 3588 v.
1084 3525 1132 3589 13.
1148 3547 1212 3609 sqq.

350 3627 358 3636 .
416 3653 563 3714 Ferietur
583 3653 644 3712 ato
665 3671 802 3724 munere,
826 3652 881 3712 udi
899 3651 976 3711 tera
991 3653 1168 3732 pepererit,-

415 3735 519 3820 l’orro
541 3767 645 3819 autem
667 3760 737 3832 alio,
759 3760 815 3820 uli
833 3762 893 3820 erit
908 3778 1010 3838 puero
1031 3760 1146 3819 natalis
1171 3759 1246 3828 dces,

422 3865 482 3927 Udi
499 3885 737 3927 zurursuuur:
759 3886 847 3927 omne
868 3866 923 3927 ltoc
945 3875 1046 3926 muter
1068 3865 1210 3942 auferet.-

296 4051 300 4056 ,
415 3975 504 4034 Puer
525 3994 640 4035 caussa
662 3977 720 4034 erit
741 3974 897 4036 mittendi.
939 4008 982 4019 -
1027 4008 1078 4056 -'
1107 4008 1148 4018 -

805 4124 884 4208 μ

729 4242 866 4311 Nuptialio
884 4242 961 4294 dona.

304 4343 377 4407 Nec
403 4344 697 4429 praetermittenda
723 4363 857 4407 munera
884 4341 1055 4426 nuptialia.
1089 4341 1209 4426 Neque
1233 4340 1319 4402 enirn
1347 4349 1460 4402 temere

223 4453 393 4538 quisquam
415 4453 574 4518 conviviis
599 4451 801 4537 nuptialibus
824 4451 1002 4532 intererat,
1026 4449 1105 4534 quin
1129 4449 1332 4531 munusculo,
1352 4464 1461 4532 sponso

222 4581 429 4644 sponsaeque
440 4561 567 4644 oblato,
581 4559 850 4625 benevolentiam
867 4566 1052 4624 testaretur.
1074 4559 1118 4622 Et
1130 4558 1214 4622 haec
1231 4567 1305 4622 sunt
1318 4555 1461 4639 nuptr‘ulio
