3080 5154
203 367 250 434 14
679 361 754 428 Lus.
780 361 806 429 l.
832 359 912 428 Tm.
938 362 981 428 ll.

202 537 263 602 illo
285 536 438 602 sollemni
463 553 549 600 varo
577 535 856 618 intercedebatur,
886 557 1077 621 moramque
1104 537 1273 603 faciebant
1298 537 1400 619 SCto,
1426 546 1460 601 et

203 654 281 709 tunc
296 661 556 710 nucromrnrss
571 645 730 732 perscribi
749 644 910 709 solebant
928 645 1048 709 Cicero
1065 649 1111 708 ud
1125 649 1219 710 Attr‘c.
1240 646 1275 707 V.
1291 645 1322 708 2.
1336 649 1461 708 udDr‘v.
1527 639 1530 646 ’

209 755 294 816 VIII.
307 753 338 816 7.
356 753 392 815 id
408 759 468 835 est,
489 761 526 816 ut
538 753 685 838 explicat
704 752 772 816 Dio
789 753 877 816 Cass
892 754 962 819 LV.
978 753 1008 818 3.
1024 753 1062 820 ori
1079 757 1184 836 μέντοι
1203 758 1253 818 καὶ
1267 754 1354 830 τέλος
1369 756 1399 818 ri
1419 755 1461 829 ὡς

203 865 391 945 κεκυρωμένῃ
414 861 591 947 ἐλάμβανεν,
612 859 690 926 ἀλλὰ
707 860 910 944 ἀουκτώριτας
932 865 1064 946 ἐγίγνετο
1079 864 1158 939 (nun
1176 859 1461 924 vuisowastus-

202 972 264 1042 but,
285 971 343 1032 sed
358 973 530 1032 auctoritas
542 970 681 1031 Senatus
696 971 884 1043 dicebatur).
905 969 1002 1032 Haec
1016 989 1099 1033 vero
1114 970 1293 1033 auctoritas
1311 991 1379 1032 non
1391 970 1460 1032 vim

202 1077 287 1160 legis
304 1077 461 1160 habebat,
480 1077 539 1140 sed
556 1075 732 1155 efficiebat,
756 1085 793 1138 ut
815 1076 932 1139 eadem
954 1077 997 1140 de
1018 1099 1055 1140 re
1075 1077 1194 1140 iterum
1213 1077 1331 1140 referri
1346 1085 1460 1161 posset

203 1186 245 1250 ad
261 1185 434 1249 Senatum=
459 1183 552 1248 Coel.
572 1184 659 1268 apud
685 1165 875 1268 Cicsl'spe‘st.
902 1187 988 1247 VIII.
1001 1184 1030 1248 8.
1045 1189 1092 1266 ¹¹).
1113 1184 1288 1249 Postremo
1302 1185 1459 1268 scriptum

203 1293 265 1357 SC.
287 1294 321 1356 iu
348 1293 465 1357 aedem
488 1292 629 1376 Cereris,
651 1293 722 1356 Liv.
743 1292 806 1356 III.
828 1293 879 1354 55.
902 1292 957 1355 vel
982 1294 1016 1355 in
1041 1292 1202 1356 aerarium
1226 1292 1459 1356 deferebatur:

203 1401 488 1484 SuetonAugurt.
499 1423 525 1464 c.
533 1399 584 1462 94.
596 1408 631 1463 et
647 1409 725 1463 tunc
741 1400 880 1464 Senatus
893 1401 1120 1465 dimittebatur
1133 1401 1276 1465 formula
1288 1400 1459 1464 sollemni:

202 1510 241 1572 P.
257 1509 293 1573 C.
308 1489 402 1573 uano
422 1525 484 1573 vos
505 1496 842 1592 ruuar,vel:u1n1n
863 1524 925 1572 vos
948 1511 1130 1573 nonanus:
1151 1509 1271 1577 Cicero
1287 1511 1332 1571 ad
1352 1509 1459 1586 Quint.

202 1620 312 1680 Frutr.
326 1621 352 1679 I.
366 1617 397 1680 2.

804 1778 810 1794 .
832 1731 883 1795 54.

471 1850 531 1903 Hoc
548 1853 602 1902 rim
622 1848 695 1903 scta
712 1733 801 1902 ettad
808 1847 855 1901 rub
873 1807 1082 1918 Imperatoribus
1091 1849 1181 1918 sucta.

285 1967 415 2031 Eodem
428 1967 494 2030 ritu
515 1972 550 2029 et
564 1967 623 2029 sub
641 1966 901 2050 Imperatoribus
924 1949 1059 2030 condita
1079 1974 1153 2030 sunt
1170 1966 1267 2048 scta,
1287 1965 1350 2029 nisi
1366 1967 1459 2050 quod

203 2055 364 2160 Princeps
389 2075 573 2138 orationem
594 2075 831 2159 praemitteret,
851 2081 886 2136 et
904 2073 1082 2137 Senatores
1103 2074 1300 2160 plerumque
1315 2076 1460 2159 pedibus

118 2177 128 2182 ”
203 2187 291 2248 irent
301 2186 335 2247 in
348 2182 512 2266 Principis
526 2183 731 2246 sententiam.
747 2181 837 2260 Quin
853 2204 895 2245 eo
906 2182 1063 2266 prolapsa
1076 2192 1147 2247 erat
1157 2189 1287 2266 patrum
1297 2182 1459 2265 adulatio,

203 2302 239 2356 ut
258 2293 425 2356 orationes
444 2292 635 2377 Principum
658 2312 725 2353 non
741 2291 804 2354 uisi
825 2290 1119 2355 adclamationibus
1137 2281 1349 2376 exciperent:
1370 2291 1460 2354 Plin.

203 2402 304 2483 Ιὴνίεῐ.
317 2403 374 2463 IV.
387 2400 418 2462 9.
438 2409 482 2482 et,
503 2423 545 2463 ne
559 2399 685 2485 periret
704 2399 774 2485 ejus
791 2399 988 2462 adulationis
1001 2400 1171 2482 memoria,
1187 2400 1221 2464 in
1239 2406 1313 2462 acta
1330 2399 1461 2462 refere-

203 2509 343 2571 bantur:
365 2509 458 2571 Idem
475 2510 638 2590 Panegyr.
653 2506 833 2580 75.‚,Plura
857 2504 1011 2590 exempla
1032 2517 1207 2571 occurrunt
1226 2509 1259 2586 in
1280 2508 1462 2592 Scriptori-

204 2617 263 2680 bus
279 2616 437 2694 historiae
456 2614 638 2699 Augustae,
656 2636 741 2700 quae
764 2613 902 2698 collegit
917 2614 1060 2678 Brisson.
1072 2618 1111 2679 de
1128 2615 1416 2699 Form.11.p.187.

550 2750 554 2756 ’
778 2782 806 2863 5.
827 2781 902 2848 ss,

661 2898 804 2966 Rcrcmpta
823 2899 990 2969 Principum.

286 3001 465 3080 Enimvero
484 3014 567 3078 haec
579 3015 870 3087 Senatusconsulta
884 3038 950 3078 non
965 3017 1028 3078 nisi
1042 3014 1121 3079 ideo
1137 3017 1334 3080 invenerant
1344 3017 1459 3101 Impe-

203 3137 341 3216 ratoreS,
359 3132 395 3188 ut
410 3125 604 3189 viderentur
624 3132 770 3188 veterem
788 3122 928 3187 Senatus
948 3126 1178 3188 auctoritatem
1196 3124 1458 3210 libertatemque

165 3291 167 3301 Α
202 3232 408 3319 reipublicae
423 3233 526 3296 tueri:
544 3233 657 3316 itaque
677 3253 717 3295 ea
731 3232 865 3294 fictione
882 3233 1043 3316 tantisper
1061 3254 1142 3318 opus
1163 3233 1236 3315 fuit,
1258 3232 1333 3296 dum
1353 3233 1461 3297 servi-

202 3343 265 3406 tuti
284 3342 456 3428 paullatim
472 3340 696 3405 adsuevissent
707 3339 860 3402 Romani.
875 3341 966 3402 Hinc
980 3351 1161 3425 coeperunt
1176 3341 1294 3405 sensim
1306 3339 1460 3424 Impera-

203 3457 292 3513 tores
306 3450 499 3531 rescribere,
518 3447 682 3533 editisque
704 3449 993 3513 constitutionibus
1015 3450 1109 3536 leges
1129 3460 1261 3515 veteres
1281 3448 1459 3535 abrogare,

203 3580 304 3621 novas
320 3559 489 3638 inducere,
508 3558 657 3640 irrogare
676 3557 863 3642 privilegia,
879 3559 1067 3643 omniaque,
1083 3569 1119 3622 ut
1135 3559 1248 3643 paucis
1264 3557 1382 3639 dicam,
1394 3579 1459 3642 pro

203 3665 310 3730 lubitu
323 3664 513 3728 decernere.
528 3665 710 3749 Rescriptis
724 3665 790 3728 illis
801 3667 985 3751 principum
997 3667 1052 3730 vel
1065 3666 1107 3731 ad
1121 3666 1256 3730 libellos
1271 3666 1340 3730 sive
1351 3666 1460 3751 magi-

161 3780 163 3785 ’
204 3782 370 3856 stratuum,
394 3775 463 3837 sive
482 3773 741 3855 universitatum,
764 3775 834 3837 sive
851 3775 1063 3858 privatorum,
1078 3773 1341 3858 respondebatur
1356 3780 1402 3856 ¹),
1424 3781 1461 3836 et

203 3890 281 3947 tunc
301 3884 364 3960 ista
383 3897 570 3948 nrrsronsn
590 3903 648 3945 sen
671 3899 860 3947 urrunnu:
883 3882 920 3944 L.
938 3881 967 3944 3.
987 3883 1016 3964 §.
1032 3883 1062 3944 1.
1084 3883 1124 3944 D.
1144 3883 1183 3944 de
1200 3883 1280 3956 Teuc.
1295 3884 1334 3944 u.
1352 3882 1391 3943 L.
1406 3881 1460 3944 31.

273 4135 307 4200 u)
326 4136 364 4187 At
381 4133 528 4202 aliquando
540 4140 629 4188 tamen
646 4133 814 4200 temporibus
831 4132 1036 4202 insequentibus
1051 4133 1196 4188 auctoritas
1211 4133 1350 4186 dicebatur
1365 4129 1460 4197 ipsum

204 4218 477 4272 senatusconsultum.
495 4222 630 4286 Exempla
648 4219 723 4271 dedit
740 4219 797 4270 Jac.
814 4219 971 4272 Gothofred.
990 4220 1025 4272 ad
1042 4221 1075 4274 L.
1087 4223 1118 4294 ,9.
1139 4221 1172 4272 D.
1192 4220 1223 4271 de
1237 4219 1302 4285 Lry.
1321 4213 1412 4268 Rhod.
1427 4219 1460 4268 de

194 4305 266 4374 jact.
289 4302 414 4370 quamvis
439 4321 498 4357 eam
523 4304 710 4357 auctoritatem
736 4303 881 4369 genuinam
906 4319 961 4356 non
987 4321 1048 4358 esse
1063 4303 1183 4357 ostendit
1200 4302 1234 4356 V.
1255 4303 1285 4355 Α.
1303 4301 1385 4353 Corn.
1406 4318 1460 4354 vau

205 4388 356 4456 Bynkersh.
375 4389 412 4442 ad
427 4389 476 4458 lep.
495 4390 584 4441 erud.
603 4407 624 4439 c.
642 4393 667 4442 8.
685 4389 765 4440 Heia.
1451 4379 1452 4382 Ἰ

274 4473 309 4538 x)
329 4474 392 4536 Qua
409 4476 438 4528 in
458 4491 487 4528 re
504 4473 637 4526 similibus
654 4473 710 4524 fere
728 4473 872 4527 utebantur
891 4475 1067 4542 imperatores
1086 4471 1193 4529 dicendi
1210 4471 1349 4537 formulis,
1365 4476 1397 4522 ut
1412 4471 1459 4538 ju·

205 4557 360 4611 risconsulti
376 4559 405 4611 in
423 4559 568 4614 exarandis
585 4558 742 4624 responsis;
761 4559 879 4613 Dirkscn
899 4577 925 4627 p.
942 4565 986 4614 21.
1009 4559 1097 4616 Mitt
1176 4631 1179 4638 Ι
