3130 5148
501 401 845 446 rnooanrrunr.
1255 385 1303 452 88

61 553 298 619 constitutiones
315 552 497 636 addebant,
513 551 663 636 προλύται
681 552 771 618 dicti.
788 550 855 615 Sed
869 555 1009 618 mutavit
1026 553 1186 618 nonnulla
1196 554 1302 618 Justi-

61 664 173 742 nianus,
195 662 253 746 qui
270 659 379 744 primo
401 681 488 724 anno
510 659 741 724 institutiones
762 670 887 724 suaset
910 661 946 726 τὰ
959 665 1065 744 πρῶτα
1079 661 1192 746 legum
1205 683 1303 746 prae-

60 770 126 853 legi,
143 768 357 853 novitiosque
375 783 619 832 sutrmmusos
637 787 731 830 novos
746 766 812 830 dici
829 767 952 832 voluit:
975 767 1059 854 [vel,
1075 769 1122 831 uti
1141 769 1183 832 V.
1193 768 1229 831 C.
1243 768 1303 833 Ch.

62 875 151 942 Gottl.
167 875 334 939 Schwarz.
350 875 386 936 in
402 875 487 937 Dim.
504 895 548 938 an
566 877 669 936 omnio
690 873 843 937 Pandect.
864 878 1059 958 compluria
1076 897 1094 938 e
1111 877 1303 940 Fiorentc'mo

62 987 230 1045 nonaum?
248 983 278 1066 §
291 983 384 1044 XVI.
399 971 434 1044 iu
455 1003 513 1045 suo
533 982 650 1046 codice
668 982 805 1066 reperit,
824 981 1134 1068 Jusrnunulsrnffi]
1156 984 1302 1048 secundo

63 1091 204 1176 quosdam
218 1090 434 1173 Digestorum
445 1088 559 1170 libros,
573 1109 656 1175 quos
666 1089 737 1174 ipse
752 1088 958 1173 praescribit,
971 1109 1032 1173 per
1042 1089 1301 1154 vicissitudinem

61 1197 325 1282 interpretandos,
347 1194 539 1279 audiebant,
564 1204 697 1259 servato
719 1213 932 1259 nnlcrnuruu
952 1198 1162 1280 cognomine.
1182 1197 1301 1261 Tertio

63 1328 133 1368 anno
152 1319 416 1368 rnrmrnursrns
442 1303 552 1366 vocari
575 1301 747 1386 concessit,
778 1302 837 1365 sed
864 1303 979 1368 audire
1007 1325 1064 1366 eos
1080 1303 1180 1388 jussit
1198 1303 1302 1367 libros

62 1412 260 1495 Digestorum
274 1410 361 1473 XX.
381 1418 416 1473 et
433 1407 538 1473 XXI.
553 1409 597 1490 Ι’).
618 1407 783 1495 Reliquos
802 1409 1019 1494 Digestorum
1040 1408 1144 1474 libros
1164 1410 1303 1495 adjicie-

62 1521 128 1583 bant
143 1541 231 1583 anno
251 1525 383 1603 quarto,
404 1538 470 1603 quo
497 1515 590 1581 tricos
602 1516 695 1599 dicti,
717 1516 993 1601 quemadmodum
1015 1519 1132 1602 quinto
1151 1517 1301 1582 codicem

59 1627 239 1711 jungebant,
260 1632 296 1688 et
308 1621 466 1706 προλύτων
476 1643 598 1686 nomen
611 1643 653 1686 eo
671 1624 743 1708 ipso
755 1623 974 1689 merebantur.
985 1625 1066 1688 Vid.
1075 1625 1196 1689 Justin.
1213 1627 1303 1690 Orat.

63 1735 97 1795 od
108 1736 328 1796 Antcocseores
348 1729 417 1814 §.2
430 1730 461 1793 a
472 1729 502 1792 4.
518 1732 549 1793 5.
567 1738 602 1794 et
618 1729 667 1794 ibi
686 1731 897 1814 interpretes.

117 1977 146 2043 b)
165 1976 293 2030 Addend.
312 1973 395 2027 etiam
412 1973 459 2026 lib.
477 1975 592 2028 xxm.
611 1978 702 2045 Atque
718 1975 762 2028 his
780 1973 891 2044 quidem
908 1973 995 2028 tribus
1013 1971 1106 2039 libris,
1125 1973 1254 2042 quoniam
1273 1975 1303 2030 in

63 2059 132 2113 ricem
148 2064 339 2114 sumserunt
356 2073 551 2124 responsorum
570 2057 725 2126 Papiniani,
744 2059 947 2127 Annpapiniani
960 2062 1071 2129 (senex
1084 2051 1301 2125 Byzantinoium
1403 2049 1412 2058 ⁸

65 2161 105 2196 usu
119 2143 246 2214 loquendi
262 2143 458 2212 Antipapiani)
477 2157 578 2196 nomeu
595 2141 713 2198 inditum
729 2148 779 2196 cst
798 2142 863 2198 Vid.
879 2145 962 2210 nugo
979 2142 1032 2196 eir.
1050 2144 1126 2210 Meg.
1144 2146 1177 2198 T.
1190 2146 1240 2198 Vl.
1258 2162 1301 2198 nr.

67 2234 97 2282 18.
111 2247 135 2296 p.
150 2234 211 2300 362.
230 2245 293 2298 sqq.
314 2226 404 2282 mont.
