3056 5168
507 379 564 448 Du
587 380 808 452 aenomaus.
832 373 836 380 ’
1083 363 1088 374 ¹
1216 397 1288 463 675

36 553 119 616 hane
143 551 208 615 vim
226 551 340 644 'fiotum
363 553 527 620 adludunt
548 564 679 620 veteres
702 565 869 622 auctores:
893 559 1033 625 Ovidius
1051 565 1159 626 Amor.
1175 565 1242 630 tu.
1262 571 1286 630 I.

35 664 111 742 eleg.
127 660 157 722 4.
172 681 200 722 a.
213 659 267 722 40.

223 767 269 829 la
288 769 411 830 droam.-
430 787 503 832 κη
523 789 616 832 arur
637 774 836 855 miratumque
856 795 986 839 arnna.

34 876 75 938 Et
91 875 160 936 Lib.
174 876 217 936 ΙΙ.
233 877 311 957 eleg.
325 878 355 938 5.
372 897 400 938 a.
415 876 466 940 30.

223 1001 396 1046 trireme
417 987 559 1046 danim
580 987 615 1046 in
635 1005 705 1048 mea
719 988 801 1068 jura
822 1009 953 1054 errare.

35 1087 197 1152 Martialis
212 1075 441 1171 Epigramma.
457 1094 482 1153 1.
498 1091 595 1177 [triti.
611 1113 638 1154 a.
652 1091 682 1154 6.
698 1091 758 1178 ep]

223 1196 277 1269 m,
299 1217 393 1278 qnam
415 1219 450 1261 re
469 1199 626 1264 dominum
646 1203 765 1262 amabit
785 1204 847 1275 ille,

224 1304 320 1365 Πίσαο
342 1323 413 1368 eree
430 1325 528 1379 renos,
548 1303 705 1387 manuque
725 1312 845 1370 mieeoe.

36 1409 166 1472 Servius
182 1409 224 1473 ed
239 1408 300 1472 illo
315 1409 452 1496 Virgilii
468 1410 598 1474 Aeneia
614 1413 655 1474 Xe
673 1433 701 1475 o.
715 1413 788 1476 419.
803 1436 848 1497 eq.

222 1535 396 1581 intrariae
418 1539 549 1582 aaran
570 1521 707 1598 Pareae,
729 1523 858 1605 ronique
878 1535 1052 1588 eaorarunt

222 1626 372 1688 Euandri
370 1661 961 1686 ------

38 1741 143 1819 addit,
165 1739 344 1824 virgilium
368 1757 519 1804 sermone
536 1743 623 1827 jurii
643 1763 744 1807 usum.
766 1743 853 1808 Nam
873 1767 1011 1823 aanor,
1031 1750 1093 1830 ait,
1120 1773 1288 1813 rnrrorro

37 1851 156 1920 dieitur,
168 1852 317 1930 quotient,
333 1851 421 1910 nulla
430 1851 550 1930 judicie
565 1857 753 1914 auctoritate
764 1863 952 1938 exspectata,
965 1857 1016 1937 (id
1030 1868 1079 1922 est
1095 1867 1172 1922 ante
1184 1861 1289 1922 Prae-

39 1956 114 2018 toris
135 1955 322 2036 decretum)
340 1979 407 2019 rem
427 1957 512 2020 nobie
530 1959 662 2022 debitam
683 1962 885 2032 aindr'oamue.
908 1963 1029 2028 Paullo
1044 1965 1111 2030 alia
1127 1976 1199 2031 erat
1215 1967 1290 2043 sun-

42 2063 124 2142 ilum,
138 2063 281 2144 domum,
304 2063 430 2126 aliasve
443 2065 666 2148 possessiones
684 2054 877 2132 vindicandi
897 2071 995 2152 ratio,
1018 2072 1045 2134 ei
1060 2075 1194 2156 quidem
1209 2082 1289 2137 tuno

39 2169 160 2253 petitor
182 2190 272 2252 eum,
294 2171 384 2234 unde
408 2172 596 2254 petebatur,
619 2193 662 2235 ex
675 2173 753 2256 jure
774 2194 903 2236 manum
929 2188 1113 2240 consertum
1136 2179 1288 2244 vocabat.

40 2277 108 2356 Qua
124 2278 168 2340 de
191 2300 226 2342 re
243 2277 372 2358 Gellius
391 2279 497 2341 Noott.
513 2282 608 2342 Atte'o.
624 2281 697 2342 XX.
717 2280 767 2341 10.
788 2264 849 2343 nr.
868 2303 965 2344 runa.
982 2305 1122 2346 uranu.
1143 2307 1290 2348 oorrsna-
1398 2312 1401 2326 ·

39 2406 116 2448 ran.
138 2388 235 2456 verba
258 2395 333 2448 suat
354 2409 395 2448 er
423 2391 561 2468 antiquis
585 2389 774 2461 aotmnibue,
795 2410 893 2469 quae,
915 2411 1010 2471 quum
1032 2395 1100 2475 lege
1121 2397 1231 2474 agitur
1257 2403 1290 2456 et

39 2495 189 2556 virtutae
209 2495 451 2566 oontenrluntur‚
474 2496 538 2557 dr‘oi
552 2515 635 2557 nune
658 2515 778 2576 qaoque
801 2498 889 2577 apud
906 2497 1093 2560 Praetorem
1114 2501 1223 2561 rotent.
1245 2503 1290 2564 Et
1348 2537 1355 2552 ·

40 2602 141 2682 paucis
165 2601 364 2684 interjectis:
386 2623 514 2663 Menan
536 2613 816 2677 consentirent,
840 2605 879 2666 de
895 2625 958 2688 qua
980 2627 1016 2668 re
1032 2605 1235 2690 disceptatur,
1257 2613 1290 2671 in

40 2729 69 2770 re
79 2713 252 2790 praetenti,
267 2713 331 2772 eive
346 2731 433 2792 ager,
449 2715 513 2772 orire
528 2711 604 2794 quid
620 2712 708 2772 atiud
726 2720 782 2785 eet,
798 2733 869 2773 oum
887 2713 1069 2778 aduersario
1084 2718 1178 2776 orinal
1193 2738 1291 2780 mana
1314 2759 1316 2764 ,

35 2820 203 2895 prendere,
224 2825 256 2880 et
273 2822 305 2878 in
326 2837 419 2880 aare
439 2818 637 2880 sollemniter
656 2818 757 2879 verbm
777 2820 944 2882 oindr'aare.
972 2821 1163 2895 Vinnium,
1182 2826 1217 2885 id
1234 2835 1290 2898 eet,

38 2927 187 3007 correptio
204 2942 318 2986 manue
339 2927 371 2985 in
386 2945 423 2985 re
442 2933 536 3003 atque
553 2927 585 2983 in
600 2925 665 2984 looo
673 2929 845 3004 praetenti,
862 2927 948 3006 apud
966 2928 1149 2990 Praetorem
1166 2951 1207 2990 er
1225 2931 1298 2992 XII
1348 3007 1350 3011 ,

42 3031 162 3094 Tabulis
173 3032 284 3114 fiebat,
301 3036 333 3092 in
353 3031 462 3114 quibus
484 3034 529 3090 ita
549 3033 780 3112 scriptumest:
803 3051 849 3092 er.
871 3034 1128 3105 orr1.11r.rua'n.
1148 3059 1289 3099 aaran.

39 3159 248 3204 censeantur.
272 3138 337 3200 seo
346 3148 513 3223 postquam
533 3139 713 3212 Praetores,
727 3143 915 3220 propagatis
935 3142 1048 3204 Italiae
1058 3132 1191 3222 fluitem,
1206 3145 1291 3204 datie

33 3247 314 3323 jurisdterunitus,
342 3249 474 3328 negotiis
498 3250 652 3326 oomrpati,
673 3249 834 3326 proficisci
857 3247 1061 3308 marianarum
1084 3250 1289 3310 dr'oendarum

38 3373 145 3416 causeo
170 3358 202 3414 in
225 3356 411 3436 longinquae
430 3373 482 3414 ree
500 3353 738 3435 gravabantur:
756 3356 935 3414 institutum
951 3361 998 3414 eet
1013 3364 1124 3416 contra
1143 3353 1216 3416 XII
1231 3356 1290 3416 ta-

38 3459 136 3536 bulas,
158 3463 250 3521 tacito
265 3481 433 3533 consensu,
456 3470 491 3522 ut
512 3463 671 3542 litigantes
693 3481 754 3520 non
773 3465 805 3521 in
820 3463 898 3541 jure
918 3461 1006 3542 apurl
1021 3462 1205 3526 Praetorem
1223 3485 1290 3524 ma-

38 3588 105 3630 num
120 3576 335 3648 consererent,
349 3569 406 3630 aad
423 3590 459 3629 ea·
474 3569 551 3650 jure
570 3588 698 3636 manum
720 3577 896 3630 consenum
912 3577 1071 3642 vocarent,
1084 3571 1118 3630 id
1130 3581 1187 3643 ert,
1208 3573 1290 3632 alter

38 3677 170 3736 atterum
182 3695 223 3735 aa
237 3659 316 3756 juia
333 3675 377 3735 ad
397 3677 620 3738 conserendam
637 3696 765 3736 manum
783 3680 815 3736 in
831 3695 907 3746 rem,
930 3675 969 3735 de
985 3697 1048 3756 qua
1063 3686 1221 3758 ageretur,
1237 3699 1291 3740 vo·

37 3792 119 3844 earet
131 3785 190 3862 l⁹).·
214 3791 306 3862 atque
322 3783 460 3863 projecti
474 3786 568 3844 sirnul
581 3785 613 3843 in
628 3803 752 3864 agrum,
768 3783 806 3842 de
822 3803 881 3864 quo
902 3777 1095 3862 litigabatur,
1111 3793 1217 3846 terrae
1232 3787 1291 3846 atr-

38 3892 107 3967 quid
130 3911 173 3952 er
198 3910 242 3962 eo,
264 3893 315 3949 uti
335 3911 431 3950 unam
452 3893 591 3972 glebam,
613 3894 645 3952 in
662 3891 719 3970 jus
738 3894 770 3950 in
793 3889 900 3950 urbem
917 3891 961 3952 ad
981 3891 1164 3952 Praetorem
1186 3891 1291 3968 defer·

37 4006 120 4058 rent:
143 4005 177 4058 et
196 3997 229 4056 ia
252 4017 290 4056 ea
311 3998 413 4077 gleba,
429 4007 586 4078 tamquam
608 4003 639 4060 in
662 4007 725 4058 toto
749 4016 839 4078 agro,
859 3998 1053 4060 uindicarent
1068 4002 1109 4076 ⁰).
1123 3996 1187 4058 'Ad
1204 3997 1290 4060 hune

103 4221 138 4286 b)
159 4221 248 4288 quue
266 4226 324 4273 erat
343 4219 458 4273 moribus
476 4221 657 4273 aduersarium
676 4223 814 4282 deducere,
833 4235 882 4272 seu
895 4237 928 4271 er
940 4225 1067 4278 conuentu
1083 4217 1133 4268 rim
1142 4215 1211 4286 fieri
1229 4216 1289 4284 (de-

39 4303 203 4373 tactionum
221 4303 336 4359 moribus
345 4298 464 4374 flebat);
483 4307 540 4358 Cic.
554 4323 608 4376 pro
626 4305 700 4357 Creo.
713 4323 734 4358 c.
753 4311 778 4358 7.
793 4310 817 4358 8.
836 4319 886 4371 pro
898 4303 989 4356 Tullio
1002 4319 1024 4354 c.
1041 4305 1080 4354 16.
1094 4302 1156 4353 Von
1169 4299 1286 4366 savigny

42 4387 169 4442 Zeitsolrr.
184 4406 211 4441 u.
224 4403 246 4440 s.
262 4405 292 4442 w.
312 4391 329 4443 l.
345 4391 361 4442 t.
381 4405 408 4457 p.
420 4395 479 4444 427.
490 4407 530 4458 sq.
548 4389 679 4442 Huschke
697 4390 725 4443 in
744 4389 864 4444 Analect.
882 4391 961 4444 litter.
975 4405 1001 4454 p.
1018 4391 1074 4440 lae.
1089 4401 1148 4453 sqq.
1168 4381 1254 4438 Matr.

106 4475 138 4540 o)
160 4474 220 4541 Gaj.
236 4475 285 4526 IV.
300 4476 418 4544 §.'1r.-
429 4471 621 4538 -„,similiter
639 4472 662 4526 si
681 4473 716 4525 de
733 4475 827 4538 tunde,
845 4477 886 4526 vel
899 4475 932 4526 de
951 4473 1073 4536 aedibus,
1091 4471 1148 4524 sive
1166 4472 1200 4524 de
1212 4472 1289 4523 here-

41 4555 125 4608 ditate
144 4559 411 4625 controversiarum,
429 4575 493 4626 pars
511 4559 603 4632 aliqua¹
620 4557 683 4612 inde
701 4559 858 4612 sumebatur
867 4565 893 4610 et
910 4560 938 4611 in
953 4560 1000 4626 jus
1019 4556 1196 4620 adimebatur,
1215 4560 1242 4607 et
1263 4553 1290 4607 in
1318 4613 1320 4618 ,

1033 4641 1094 4703 43*
