3056 5168
135 458 140 466 '
209 467 281 532 736
635 457 710 527 Lm.
735 459 795 527 lv.
821 458 900 527 Tm.
925 413 1035 528 xvu
1133 477 1135 482 ·

208 636 387 700 minorrbus
403 633 548 712 summis,
566 621 653 719 quae
675 631 717 696 ad
735 633 792 697 CC
810 633 914 724 millia
936 655 1068 697 numum
1090 656 1157 698 non
1174 636 1389 706 excederent.
1412 640 1460 702 Ex

208 767 274 829 quo
296 751 401 826 patet,
415 740 546 826 judices
566 740 708 804 selectos
723 742 903 825 praecipue
919 740 1053 825 quidem
1072 742 1115 806 de
1135 743 1337 827 criminibus,
1354 753 1390 809 at
1404 746 1462 809 ali-

207 851 340 937 quando
359 856 469 914 tamen
487 850 585 914 etiam
605 849 646 912 de
663 847 782 912 caussis
798 849 934 933 privatis
949 849 1135 934 judicasse:
1158 851 1339 916 Suetonius
1359 853 1461 915 Oetae.

205 963 345 1041 August.
361 981 387 1018 c.
401 957 453 1020 32.
475 957 573 1020 Hanc
598 955 762 1020 decuriam
780 956 1030 1046 ducenariorum
1052 958 1086 1021 in
1110 959 1221 1022 terreo
1244 959 1372 1040 annulo
1395 981 1460 1022 esse

198 1065 533 1150 jusseratAugustus,
550 1072 635 1128 teste
647 1063 851 1126 Plinionut.
863 1065 980 1127 Natur.
991 1065 1148 1126 XXXIII.
1156 1065 1185 1126 1.
1200 1076 1274 1128 sect.
1284 1067 1316 1130 7.
1329 1067 1458 1130 Deinde

161 1172 360 1263 Caligula
376 1172 520 1256 quintam
534 1171 729 1256 adjiciebat.
749 1171 926 1235 Suetonius
944 1172 1130 1255 Caligulae.
1141 1172 1191 1236 16
1207 1182 1350 1255 sextam,
1369 1195 1460 1258 quarn

205 1279 284 1343 addi
305 1281 554 1364 precabantur]
549 1279 690 1360 udices,
713 1278 823 1342 Galba
844 1280 1010 1364 negabat.
1002 1279 1208 1343 ·Suetonius
1234 1283 1341 1343 Galba
1364 1303 1390 1343 e.
1415 1281 1460 1342 14.

203 1390 257 1451 Ex
271 1387 321 1450 his
337 1408 418 1470 ergo
443 1386 583 1450 decuriis
598 1387 764 1450 ordinarie
784 1387 992 1471 petebaturJ
986 1387 1118 1450 ndex'
1109 1409 1142 1450 ιιι
1167 1389 1287 1452 caussis
1311 1387 1460 1472 publicis.

205 1494 380 1578 Inscriptio
397 1495 487 1578 apud
503 1493 696 1558 Reinesium
716 1494 813 1556 Olass.
836 1494 888 1556 VI.
898 1515 932 1576 p.
947 1489 1020 1557 aad
1032 1517 1062 1557 u.
1080 1494 1201 1594 XXVI.

567 1628 596 1673 r..
620 1627 755 1691 cnonro,
778 1627 805 1671 c.
828 1625 857 1672 r.
879 1625 973 1673 sane.

566 1733 762 1781 vrrnnmuo.
783 1735 818 1779 n.
840 1733 907 1780 vin.
930 1735 952 1779 1.
974 1733 1007 1778 n.

566 1842 671 1889 sunm.
694 1841 740 1887 nx
761 1841 791 1885 v.
813 1841 887 1887 nso.
993 1825 996 1832 ’

565 1949 656 2009 nuno
678 1949 774 1995 rann.
797 1940 860 1995 etc.

148 2045 151 2056 '
203 2049 242 2112 In
258 2045 396 2131 privatis
412 2046 547 2132 judiciis
563 2048 618 2112 vel
641 2068 684 2109 ex
700 2047 842 2110 decuriis
865 2047 1092 2130 sumebantur,
1107 2047 1162 2112 vel
1178 2072 1196 2112 a
1212 2047 1379 2112 Praetore
1396 2048 1453 2112 eli-

169 2219 176 2243 ,ff
203 2157 368 2242 gebantnr
383 2154 531 2239 J'udices,
547 2156 595 2219 ita
616 2163 739 2236 tamen,
755 2163 792 2218 ut
812 2153 1020 2238 litigantibus
1042 2157 1090 2220 fas
1112 2165 1198 2220 esset
1219 2166 1394 2240 susceptos
1407 2177 1454 2219 re-

196 2265 304 2350 jicere
327 2270 360 2326 et
382 2261 540 2326 clamare.
562 2283 774 2336 arnasano,
797 2283 950 2325 nrurnns
973 2284 1054 2337 aar,
1075 2284 1121 2325 nr
1138 2283 1226 2325 aona
1249 2286 1378 2326 sncaar
1401 2287 1455 2326 ru-

120 2435 122 2440 ,
202 2393 275 2436 nun
303 2391 531 2434 anrnnnrezr:
559 2389 672 2432 ιιιιιιι
702 2389 799 2444 Vana,
827 2391 911 2445 aare
939 2391 1116 2432 cassanen
1143 2391 1320 2433 nonnam
1349 2392 1455 2432 aaran:

201 2479 331 2542 Plinius
348 2481 549 2560 Panegyrico
564 2499 588 2539 a
605 2477 655 2540 36.
675 2486 709 2542 et
725 2475 810 2540 alter
824 2476 952 2540 Plinius
969 2479 1052 2541 nist.
1066 2479 1184 2540 Natur.
1196 2480 1221 2540 Ι.
1234 2479 1352 2558 Praes.
1365 2481 1404 2541 L.
1411 2477 1454 2541 80.

201 2587 243 2647 D.
258 2588 297 2647 de
312 2585 413 2646 Judlc.
427 2585 465 2644 1..
480 2583 531 2645 23.
546 2586 588 2644 D.
603 2586 643 2646 de
658 2587 774 2667 Adpell
773 2595 816 2646 al.
837 2553 970 2647 Numeri
986 2585 1153 2670 judicum,
1168 2585 1225 2670 qui
1241 2607 1376 2649 caussas
1395 2585 1453 2670 pri-

203 2699 293 2756 vatas
308 2688 508 2784 judicarent,
525 2691 572 2753 ita
596 2690 743 2755 meminit
759 2690 888 2756 Gellius
903 2694 1007 2756 Noctt.
1026 2695 1121 2756 Auia.
1139 2693 1228 2754 XIV.
1247 2693 1278 2755 2.
1306 2695 1380 2770 Quo
1393 2697 1452 2776 prl-

201 2821 286 2861 mum
307 2807 442 2879 tempore
463 2819 484 2860 a
507 2797 709 2860 Praetoribus
730 2801 828 2862 lectus
850 2803 882 2861 iu
897 2801 1022 2882 judices
1048 2821 1133 2874 sum,
1162 2811 1200 2863 ut
1213 2801 1362 2883 judicia,
1381 2821 1454 2884 quae

201 2907 402 2987 adpellautur
417 2908 562 2987 priuata,
584 2909 771 2990 suscperem
794 2916 856 2971 etc.
872 2907 916 2989 d).

270 3112 303 3180 d)
323 3113 366 3164 De
388 3110 513 3179 judicum
537 3110 654 3164 decuriis
678 3112 804 3166 universe
831 3110 1018 3166 disseruerunt
1043 3111 1180 3166 Ferratius
1207 3111 1306 3180 Epicu.
1326 3113 1349 3166 1.
1367 3119 1392 3166 ὁ.
1409 3114 1449 3164 lo.

201 3197 269 3249 Tob.
287 3193 421 3247 Krebsius
439 3192 467 3245 in
487 3194 595 3260 egregia
613 3197 684 3248 Diae.
707 3197 739 3248 dc
751 3197 875 3266 judicum
895 3199 1076 3251 Romanorum
1097 3196 1217 3249 decuriis.
1236 3196 1314 3264 Lips.
1335 3201 1447 3252 17414.

203 3283 334 3351 (Opusec.
353 3297 380 3345 p.
395 3282 540 3348 61-108.)
560 3281 669 3332 Ernesti
687 3281 753 3333 Eae.
770 3282 853 3334 XIV.
872 3283 908 3334 ad
923 3281 1029 3334 Sueten.
1052 3278 1140 3332 riter.
1158 3298 1181 3331 c.
1193 3286 1236 3333 41.
1255 3289 1292 3344 et,
1313 3283 1362 3350 qui
1380 3284 1443 3333 bunc

200 3368 290 3420 locum
308 3382 323 3416 e
340 3365 520 3417 marmoribus
538 3380 625 3431 nuper
643 3365 722 3418 docte
739 3365 899 3432 illustravit,
916 3367 960 3420 lo.
979 3365 1071 3418 Labus
1089 3364 1117 3416 in
1135 3365 1280 3430 splendido
1300 3367 1441 3431 opusculo:

200 3452 260 3507 Ara
274 3449 360 3502 arcura
372 3459 492 3518 cooperta
507 3450 535 3501 in
549 3448 706 3518 Haiuburpa
714 3449 881 3518 -publlieata
894 3468 943 3504 can
954 3451 1047 3504 alcuue
1059 3451 1221 3520 spiepaziam'
1234 3451 1363 3518 (Milano
1375 3453 1445 3504 1⁸2⁰.

200 3537 240 3604 4.)
260 3551 286 3600 p.
303 3539 415 3588 21—27.
433 3534 476 3586 lid
495 3535 618 3587 decurias
632 3535 757 3602 judicum
776 3543 898 3603 spectare
910 3535 999 3600 etiam,
1013 3551 1082 3604 quae
1096 3537 1207 3590 Sueten.
1220 3553 1244 3586 u.
1261 3536 1358 3590 Claud.
1371 3553 1394 3589 c.
1405 3539 1446 3588 2³.

200 3621 234 3672 de
251 3635 341 3671 rerum
359 3625 420 3671 actu
439 3620 526 3672 diviso
544 3621 690 3673 memoriae
707 3622 840 3687 prodidit,
866 3620 972 3672 monuit
989 3622 1097 3673 Ernesti
1116 3621 1151 3673 ad
1175 3622 1202 3672 b.
1220 3622 1237 3672 Ι.
1257 3621 1329 3686 Sed,
1357 3622 1380 3673 si
1399 3622 1448 3672 hoc

200 3704 344 3768 sumimus,
371 3707 489 3768 oportet,
517 3703 640 3757 decurias
661 3707 786 3773 judicum
804 3707 885 3759 etiam
903 3693 1060 3775 adjudicip
1084 3706 1189 3772 privata
1215 3705 1258 3772 (in
1278 3706 1381 3773 quibus
1399 3719 1448 3770 po-

200 3787 332 3841 tissimum
351 3803 440 3842 rerum
452 3786 534 3842 actus
551 3795 674 3844 versatus
695 3793 750 3858 est)
777 3791 954 3858 pertinuisse,
978 3791 1012 3842 de
1034 3777 1090 3858 ι’ῃιο
1108 3792 1198 3844 adhue
1214 3789 1285 3842 inter
1305 3790 1382 3844 viros
1400 3791 1449 3842 do·
1516 3809 1517 3820 ι

199 3879 257 3927 ctos
275 3873 420 3926 dubitatur.
445 3872 562 3926 Minime
576 3880 666 3928 tamen
684 3877 767 3942 hujus
781 3877 929 3929 sententiae
952 3881 1140 3942 argumentum
1154 3873 1319 3930 Heineeoins
1333 3875 1450 3928 debebat

200 3967 288 4027 petere
306 3976 322 4012 a
339 3958 447 4012 nominc
455 3959 579 4028 judicum
598 3961 809 4022 ducenariorum,
827 3962 901 4030 qnod
919 3964 999 4027 plane
1017 3975 1156 4026 perperam
1175 3959 1323 4025 intellexit,
1343 3961 1449 4030 quippe

199 4047 371 4112 repetendum
390 4045 425 4096 ab
441 4043 564 4098 inferiori
580 4062 664 4098 censu
675 4047 841 4099 ducenorum
853 4047 912 4098 HS.
927 4047 1119 4115 quisuffieeret
1133 4041 1196 4097 lr'uic
1207 4043 1346 4108 decuriae,
1362 4061 1449 4112 quum
1515 4085 1516 4094 .

198 4130 309 4200 reliquis
321 4146 390 4195 opus
403 4135 475 4182 esset
491 4132 577 4197 duplo
591 4129 700 4197 majori,
720 4147 767 4184 seu
788 4131 981 4199 quadringenis
998 4132 1054 4184 HS.
1071 4131 1112 4184 Ol.
1126 4131 1199 4184 Guil.
1213 4129 1321 4182 Budaei
1335 4132 1449 4184 Aduott.

197 4216 226 4266 la
240 4217 273 4267 D.
291 4231 317 4281 p.
335 4219 394 4269 3⁷5.
412 4207 454 4268 ed.
472 4213 556 4268 Basil.
574 4231 598 4270 a.
620 4221 693 4269 1557.
711 4217 914 4270 adsumserit
931 4218 1077 4269 Adversas.
1093 4216 1208 4269 XXIX.
1229 4221 1269 4268 16.
1288 4217 1349 4269 luc.
1370 4217 1450 4270 Peri-

198 4301 271 4353 eonii
289 4302 359 4354 Dias.
374 4302 407 4352 de
425 4301 481 4368 lepe
505 4301 613 4353 Voconia
624 4302 842 4372 feminarumque
860 4304 933 4372 apud
943 4311 1042 4354 veteres
1054 4298 1259 4360 hereditatium
1272 4298 1302 4353 in
1320 4303 1449 4355 Discern.

196 4393 293 4451 septem
310 4400 336 4450 p.
357 4389 413 4439 196.
431 4401 472 4454 sq.
490 4390 517 4436 et
535 4385 642 4438 Ernesti
657 4387 693 4437 ad
711 4387 817 4440 Sueten.
837 4390 906 4458 Auy.
925 4407 948 4440 a.
966 4392 1008 4441 32.
1021 4373 1110 4440 Haud.
1128 4388 1171 4437 De
1184 4384 1269 4438 tob’us
1288 4387 1374 4453 liujus
1393 4385 1448 4440 loci
1514 4382 1515 4464 l

196 4476 352 4534 argumento
369 4471 417 4523 cir.
429 4477 456 4522 et
467 4472 571 4524 chnzc
583 4473 673 4538 Frpm.
689 4470 738 4539 leq.
753 4471 846 4525 Serull.
860 4474 1075 4542 repetundarum.
1088 4470 1198 4538 Proleq.
1210 4486 1238 4536 p.
1250 4472 1448 4524 xlv-xva

195 4552 325 4603 Huschke
343 4554 412 4606 anal.
431 4553 479 4605 litt.
498 4571 524 4618 p.
541 4559 688 4610 uae-243.
706 4555 843 4610 Zimmern
862 4558 941 4612 Ram.
958 4559 1040 4612 Prae.
1059 4558 1080 4624 ξ.
1094 4560 1188 4610 8-10.
1204 4556 1313 4608 Walter
1329 4557 1447 4609 Rechts·

192 4633 337 4701 geschichte
355 4651 382 4700 p.
399 4639 545 4692 ars-⁷17.
566 4637 652 4692 Milli.
