3062 5156
416 407 471 474 Du
493 407 589 474 donn
614 406 756 490 Qnmrr.
782 407 840 474 Er
862 405 976 476 Cmr.
1252 413 1326 482 289
1444 487 1448 496 .

78 589 168 668 leges,
184 603 247 646 aon
262 586 364 646 solum
378 603 460 665 quae
474 586 571 664 rogos·
584 585 758 664 suspicions
777 581 942 644 Consulem
959 583 1162 661 addensat,
1176 586 1234 646 scd
1246 605 1328 666 quac

77 693 152 754 odeo
174 696 207 752 s'n
239 696 434 754 contrariom
467 699 643 763 calmont,
671 698 707 751 ut
737 691 921 770 popularem
953 695 1045 754 ctiam
1062 693 1231 769 socsrcnt:
1255 693 1328 756 mdc

77 819 241 882 cognomen
246 801 374 878 socrum
386 799 563 878 Poplicolae
577 807 631 859 cst.
645 796 766 859 Paullo
784 796 969 862 distinctius
982 818 1052 860 rem
1064 799 1215 862 referunt
1232 799 1327 864 Plut-

78 907 159 970 arch.
175 911 229 968 ott.
242 907 361 986 Popltc.
376 905 426 966 11.
443 913 478 968 ct
488 904 626 987 Dionys.
638 903 754 966 Halic.
770 903 805 964 V.
817 903 865 965 19.
882 925 924 967 ex
943 905 1060 988 quibus
1071 911 1213 987 constat,
1223 906 1328 989 prima

77 1014 149 1096 lege
166 1011 269 1075 fuisse
288 1017 494 1093 caotum‚'nn
513 1027 591 1086 Quis
614 1027 731 1074 nonas
749 1027 997 1076 nscrsrssoun
1017 1031 1172 1077 cassum
1189 1029 1327 1078 rusussu

78 1137 212 1183 rorum:
240 1135 300 1195 our
321 1135 425 1183 sucus
450 1133 795 1200 consummares
820 1133 957 1183 sacrun
981 1137 1098 1185 ussum
1122 1121 1227 1184 altera
1249 1141 1328 1205 pro-

77 1227 283 1291 vocationem
304 1247 490 1288 concessam
510 1225 787 1309 amagistratihus
803 1225 845 1288 ad
870 1226 1043 1310 populum,
1061 1247 1172 1312 neque
1190 1229 1328 1312 permis·

78 1357 140 1399 sum
161 1335 333 1420 cuiquam,
355 1333 519 1417 supplicio
539 1339 701 1413 extremo,
725 1333 927 1416 antilogus,
952 1343 1009 1398 aut
1031 1335 1155 1399 mulcta
1180 1336 1329 1400 animad-

78 1452 205 1507 vertere
219 1441 255 1505 in
264 1449 519 1526 provocantem,
535 1439 643 1503 donec
661 1438 802 1524 populus
820 1463 861 1504 ea
874 1441 917 1504 dc
933 1463 970 1504 rc
986 1442 1100 1505 ivisset
1115 1443 1150 1506 in
1166 1443 1329 1527 suffragia.

78 1551 248 1614 Posterior
263 1550 322 1613 lex
341 1571 439 1633 quum
458 1547 603 1610 omnium
622 1547 755 1609 minime
770 1546 918 1631 placeret
932 1549 1096 1633 Petriciis,
1114 1552 1238 1635 quippe
1255 1551 1330 1614 fun-

79 1659 231 1722 damento
247 1657 490 1740 ἀριστοκρατίας,
507 1676 603 1738 quam
620 1653 845 1736 adfectabant,
857 1659 989 1740 penitus
1009 1658 1215 1740 subvertens,
1230 1659 1329 1723 variis

80 1767 199 1830 artibus
221 1761 424 1848 aliquamdiu
443 1763 550 1842 cluss,
570 1769 669 1845 atquc
685 1762 762 1826 hinc
782 1764 946 1827 relatione
961 1786 1028 1828 non
1044 1787 1111 1829 una
1124 1766 1331 1831 restituenda

79 1876 143 1938 visa
159 1881 221 1936 cst.
243 1872 446 1936 Retulernnt
470 1889 551 1952 crgo
575 1869 723 1934 eamdem
740 1871 781 1934 A.
796 1872 840 1936 U.
856 1871 893 1934 G.
914 1889 1018 1935 ccciv.
1034 1873 1073 1935 L.
1088 1873 1242 1938 Valerius
1261 1877 1329 1938 Po·

79 1982 200 2066 plicola
219 1980 352 2043 Potitus
376 1986 410 2042 ct
429 1979 476 2040 M.
499 1978 658 2040 Horatius
680 1979 842 2043 Barbatus
863 1979 953 2042 Coss.
978 1985 1064 2042 teste
1085 1981 1184 2045 Livio
1200 1984 1259 2044 III.
1278 1983 1329 2044 ῦὸ.

79 2088 208 2153 Retulit
230 2087 364 2151 tertium
389 2085 475 2150 alter
489 2084 535 2146 M.
553 2083 707 2148 Valerius
727 2085 852 2152 Corvus
875 2107 962 2150 anno
977 2087 1019 2150 U.
1038 2087 1074 2150 G.
1087 2107 1226 2153 coocnu.
1255 2090 1331 2168 Qua

80 2197 117 2260 de
138 2217 177 2260 re
197 2196 286 2258 idem
302 2194 416 2258 Livius
434 2195 474 2255 X.
487 2191 519 2254 9.
546 2193 649 2254 Tertio
670 2213 711 2254 eo
735 2193 794 2271 (de
810 2193 1049 2278 provocatione
1073 2194 1152 2276 lex)
1175 2207 1242 2258 tom
1258 2207 1331 2278 post

79 2327 166 2388 reges
185 2310 311 2366 coactos
329 2304 396 2363 loto
416 2309 479 2374 cst,
497 2320 657 2381 sempera
671 2300 800 2377 fomciio
816 2301 934 2361 eoclcm
960 2299 1114 2361 Onusam
1132 2305 1332 2364 renovandos

79 2417 204 2496 soqrius
220 2412 309 2472 houd
324 2413 419 2472 ultam
428 2409 536 2485 subsc
551 2425 632 2478 reor,
649 2427 743 2487 quom
758 2407 841 2489 quod
852 2410 928 2488 plus
941 2425 1116 2488 paucorum
1131 2427 1219 2490 opes,
1237 2429 1332 2488 quam

74 2523 203 2582 'llutos
228 2521 341 2599 plebis,
365 2523 524 2598 poterant.
555 2513 664 2591 Quum
692 2535 735 2576 ne
758 2514 804 2576 sic
831 2513 965 2598 quidem
997 2515 1180 2579 consultum
1205 2513 1331 2600 populo

81 2627 260 2705 videretur,
283 2644 413 2707 semper
433 2623 468 2684 in
495 2623 692 2685 contrarium
717 2621 897 2685 nitentibus
917 2623 1088 2687 Patribus:
1113 2632 1262 2709 quartum
1288 2623 1331 2686 de

83 2732 320 2818 provocatione
341 2729 499 2814 populum
522 2731 655 2813 rogavit
678 2730 724 2792 M.
741 2729 879 2792 Porcius
901 2731 1027 2814 Laeca,
1050 2732 1106 2817 qui
1130 2731 1228 2795 etiam
1256 2753 1333 2816 gra-

84 2839 171 2904 viore
195 2861 308 2924 poena
329 2836 657 2901 animadvertendum
677 2836 791 2901 statuit
807 2839 840 2899 in
856 2859 931 2920 eos,
949 2839 1005 2922 qui
1026 2839 1130 2902 civem
1146 2839 1332 2904 Romanum

81 2949 133 3012 vel
154 2948 388 3011 verberassent
409 2944 465 3007 vel
480 2953 669 3035 necassent:
690 2945 763 3009 Liv.
780 2945 827 3007 X.
841 2943 870 3007 9.
897 2943 997 3029 Cujus
1019 2947 1105 3034 legis
1125 2949 1258 3010 Porcios
1275 2947 1333 3009 ‘in-

82 3058 173 3142 signe
197 3061 444 3118 monumentum
468 3061 575 3116 exstat
591 3075 706 3116 numus
722 3052 830 3137 gentis
846 3052 1003 3138 Porciae,
1026 3054 1142 3138 inquo
1168 3055 1218 3117 vir
1238 3053 1335 3138 palu»

82 3164 187 3246 datus,
203 3162 331 3226 medius
346 3163 434 3225 inter
449 3167 597 3245 togatum
611 3168 848 3244 provocantem
866 3168 900 3222 et
913 3157 1066 3223 lictorem
1084 3161 1192 3242 virgas
1208 3161 1334 3223 minan-

81 3279 158 3354 tem,
177 3271 388 3354 conspicitur,
401 3268 515 3334 addita
529 3267 761 3351 inscriptione:
778 3285 945 3331 provoco:
962 3266 1036 3332 Car.
1047 3267 1156 3330 Patin.
1169 3269 1207 3328 dc
1222 3269 1332 3329 Foocs'l.

81 3381 169 3443 Rom.
180 3402 214 3462 p.
230 3379 303 3440 229.
317 3380 389 3439 edit.
405 3375 514 3440 Potin.
529 3381 575 3457 ¹¹).
597 3375 748 3438 Porciam
770 3374 897 3460 legem,
913 3398 1012 3460 quum
1030 3384 1064 3439 et
1083 3376 1155 3458 ipsa
1170 3379 1333 3439 vetustate

82 3486 317 3566 obsolevisset,
334 3485 444 3547 denuo
460 3485 494 3546 in
513 3505 604 3547 usum
624 3481 795 3546 revocavit
816 3483 852 3545 C.
869 3483 1081 3567 Sempronius
1098 3482 1282 3564 Gracchus,
1297 3492 1334 3546 ut

82 3616 122 3656 ex
137 3595 328 3678 fragmento
346 3591 503 3654 orationis
520 3590 733 3656 Gracchanae
751 3591 838 3676 opud
855 3590 1001 3654 Gellium
1020 3591 1126 3654 Noctt.
1140 3595 1235 3656 Attr'c.
1252 3593 1292 3654 X.
1304 3591 1334 3658 3.

83 3711 177 3767 acute
201 3701 333 3784 colligit
354 3699 427 3763 Car.
450 3698 606 3782 Sigonius
631 3699 671 3760 dc
692 3702 821 3780 antiquo
834 3701 914 3780 juro
928 3703 984 3760 cr‘c.
1004 3699 1092 3760 Rom.
1108 3702 1134 3761 I.
1148 3699 1179 3761 6.
1194 3703 1237 3782 ¹).
1266 3699 1333 3764 Sed

82 3829 142 3873 nec
157 3813 244 3892 leges
255 3817 403 3870 comatae
413 3807 468 3868 hic
478 3805 805 3889 praetermittendae,
818 3804 908 3869 latae
919 3807 962 3870 A.
972 3807 1014 3869 U.
1027 3806 1064 3869 G.
1075 3824 1172 3870 cccx.
1184 3805 1240 3890 Sp.
1254 3807 1334 3871 Cas-

83 3917 129 3979 sio
152 3915 341 3980 Viscellino
366 3923 400 3978 et
417 3916 576 3978 Postumo
594 3912 746 3975 Cominio
762 3912 920 3981 Aurunco
936 3912 980 3976 II.
997 3911 1087 3976 Coss.
1109 3935 1207 3998 quum
1226 3914 1333 3998 plebs,

149 4157 183 4222 u)
205 4154 263 4206 Gur
280 4167 336 4205 noa
354 4152 402 4206 illa
418 4151 519 4204 Porcio
531 4151 630 4204 Gabai
647 4151 683 4204 sit
699 4151 851 4216 tribuenda,
868 4167 924 4204 non
942 4150 1030 4214 video,
1045 4150 1101 4204 imo
1115 4155 1143 4202 et
1153 4151 1277 4216 pluribus
1292 4170 1335 4206 ra·

82 4239 201 4292 tionibus
220 4239 319 4290 ductus
335 4237 431 4290 credo:
451 4235 513 4312 licet
532 4235 609 4290 aliter
627 4235 693 4288 olim
711 4236 864 4302 Augustino
882 4235 997 4304 aliisque
1013 4235 1103 4288 visum
1126 4235 1215 4289 fucrit.
1239 4225 1335 4306 Neque

82 4324 230 4388 Heioeccio
243 4323 346 4375 adccdo
358 4321 522 4385 adfirmanti,
534 4320 662 4374 Porciam
676 4323 763 4386 legem
775 4338 792 4374 a
802 4322 926 4374 Graccho
939 4321 967 4374 ia
981 4337 1062 4373 usum
1075 4324 1237 4386 revocatam,
1250 4339 1335 4391 quum

83 4413 217 4461 vetustate
227 4405 417 4461 obsolevisset.
438 4407 483 4458 Ex
495 4407 646 4471 fragmento
664 4405 795 4458 orationis
808 4407 981 4460 Gracchanae
998 4407 1027 4458 id
1040 4421 1097 4458 noo
1111 4406 1231 4470 adparet.
1253 4407 1335 4460 Coos.

153 4496 186 4562 x)
206 4495 251 4546 De
268 4491 462 4558 provocatione
478 4491 514 4542 sd
531 4481 664 4556 popmnm
682 4491 726 4542 Pr.
745 4491 806 4544 Car.
823 4482 943 4544 cnutoni
962 4491 1037 4546 Dias.
1058 4492 1110 4544 Jus
1118 4491 1335 4560 provocatiooum

84 4595 115 4628 cs
127 4581 282 4648 antiquitate
299 4578 421 4630 Romano
436 4584 540 4627 erutum
561 4573 651 4641 (Lips.
666 4578 741 4627 172³.
759 4576 798 4641 4.)
813 4593 835 4628 c.
848 4580 873 4626 2.
892 4582 919 4627 et
930 4575 958 4627 io
971 4577 1083 4628 Collect.
1099 4576 1226 4630 Dissertt.
1242 4576 1336 4630 histor.
