3056 5168
226 418 315 488 748’
645 411 721 482 Lus
744 410 805 482 IV.
830 409 911 480 Tar.
934 409 1063 482 xviii.

228 589 500 677 conjiciebamus,
516 587 592 652 dum
615 588 759 652 ferretur
775 596 811 652 et
825 587 1060 673 exsequntioni
1074 587 1288 654 mandaretm·
1301 591 1473 654 sententia:

226 694 264 764 Ῐι.
286 701 317 760 5.
333 699 375 760 D.
399 699 439 760 ds
457 696 544 758 onst.
565 705 599 762 st
619 697 720 759 sabs'd.
741 715 821 759 rsor.
835 697 875 758 L.
893 695 924 758 2.
941 695 974 758 0.
997 695 1065 759 aad.
1091 695 1161 781 Ipsi
1182 697 1313 761 carceri
1332 705 1474 782 praeerat

228 803 541 884 commentariensis,
560 805 650 888 cujus
666 810 748 885 erat,
768 823 836 880 eos,
851 803 908 887 qui
927 803 961 865 iu
975 803 1109 866 vincula
1123 802 1257 888 publica
1276 805 1475 889 conjiceren-

227 921 296 996 tur,
311 913 346 975 in
361 911 615 975 commentarios
636 913 780 993 referre,
797 930 983 994 eorumque
1005 913 1141 975 nomina
1157 911 1360 976 'lbiumviris
1380 931 1473 974 rernm

228 1018 417 1104 capitalium
446 1018 585 1103 singulis
609 1018 775 1082 mensibus
801 1020 975 1103 ingerere:
995 1019 1035 1084 L.
1062 1021 1120 1082 att.
1145 1019 1179 1082 0.
1198 1019 1266 1082 aad.
1288 1019 1381 1083 Ptin
1400 1019 1472 1080 Hes.

227 1127 307 1191 Nat.
327 1126 396 1188 1⁷11.
409 1125 461 1191 38.
476 1128 523 1206 s).

816 1279 846 1361 §-
859 1277 890 1340 7.

794 1391 918 1446 Verbera.

265 1485 271 1494 “
311 1509 479 1574 umam
501 1508 641 1572 fustibus
662 1516 697 1571 et
715 1508 817 1592 virgis
837 1509 1084 1595 infligebantur.
1105 1507 1395 1594 utnusquam
1416 1509 1478 1574 m

109 1627 115 1642 ⁸
228 1617 317 1680 mani
335 1618 369 1680 in
388 1617 501 1682 eastris
515 1617 563 1698 h),
583 1615 634 1679 bis
658 1616 692 1678 in
715 1616 796 1678 urbe
818 1619 1014 1699 utebantur,
1030 1638 1093 1681 nec
1115 1620 1158 1682 ab
1180 1617 1252 1682 ullo
1273 1624 1407 1680 temere
1427 1639 1477 1680 ex-

228 1732 368 1788 tremum
390 1734 529 1788 sumtum
545 1733 596 1787 est
617 1723 822 1809 supplicium,
838 1726 916 1810 quin
936 1725 1036 1810 virgis
1058 1726 1147 1809 prius
1168 1726 1203 1788 in
1218 1729 1320 1808 terga
1342 1726 1478 1788 saevire-

229 1839 298 1894 tur:
319 1832 433 1895 Livius
459 1832 529 1894 VII.
554 1832 603 1893 19.
640 1831 706 1894 Sed
731 1840 849 1916 postea
876 1834 1040 1916 virgarum
1063 1842 1152 1895 metu
1175 1832 1265 1896 cives
1292 1854 1368 1895 esse
1391 1833 1475 1896 variis

229 1937 361 2022 legibus
381 1937 557 2020 liberatos,
573 1940 643 2023 jam
668 1959 766 2022 supra
789 1942 935 2024 Adpend.
960 1941 1028 2002 Lib.
1050 1943 1077 2002 I.
1100 1941 1129 2021 §.
1151 1937 1202 2002 28.
1226 1942 1475 2004 observavimus.

231 2045 299 2109 Sub
314 2045 572 2130 Imperatoribus
588 2045 688 2108 variis
709 2047 881 2110 verberum
904 2048 1082 2133 generibus
1104 2049 1263 2112 saevitum
1282 2059 1337 2112 est
1355 2048 1390 2110 in
1411 2069 1478 2109 cor-

230 2175 313 2240 pora
326 2153 426 2216 etiam
447 2152 566 2234 libera,
582 2152 686 2216 veluti
701 2156 809 2237 virgis,
822 2159 952 2238 flagris,
970 2157 1148 2238 plumbatis,
1164 2154 1206 2218 de
1222 2156 1347 2241 quibus
1364 2155 1478 2240 suppli·

231 2265 355 2325 ciorum
371 2261 548 2346 generibus
571 2261 755 2325 adcuratius
777 2271 883 2324 actum
907 2262 949 2326 ab
971 2263 1027 2344 iis,
1044 2262 1100 2348 qui
1122 2262 1165 2325 de
1181 2263 1386 2326 cruciatibus
1405 2283 1477 2324 mar-

230 2378 337 2453 tyrum
361 2390 404 2431 ex
426 2369 576 2433 instituto
592 2377 733 2453 egerunt
747 2370 791 2450 i).
811 2369 922 2454 Magis
942 2370 1162 2454 ignominiosa
1175 2369 1396 2452 fastigatione
1418 2378 1476 2433 erat

221 2480 409 2560 flagellatio.
431 2475 497 2539 Illa
517 2476 616 2540 liberi
632 2475 795 2558 homines,
810 2478 872 2542 bac
894 2478 979 2540 servi
995 2476 1250 2540 adiciebantur.
1271 2483 1308 2540 L
1323 2477 1380 2541 10.
1394 2481 1433 2538 D.
1447 2479 1475 2536 ds

231 2587 330 2649 Pasa.
349 2584 387 2644 L.
401 2583 452 2646 28.
468 2585 496 2664 §.
511 2583 541 2646 2.
556 2584 597 2646 Ι).
613 2585 677 2646 aod.
693 2589 739 2645 tit.
758 2584 796 2644 L.
814 2586 865 2645 45.
881 2586 922 2646 Ι).
937 2587 976 2653 de
992 2585 1094 2667 Iajar.
1115 2583 1216 2647 Unde
1236 2583 1399 2670 flagella,
1420 2605 1475 2647 ser-

233 2691 314 2756 vilia
342 2691 503 2770 verbera,
533 2689 723 2752 sustinuisse
752 2698 846 2775 patet
875 2691 1059 2772 Christum,
1086 2691 1298 2754 Servatorem
1321 2703 1473 2756 nostrum:

231 2799 386 2878 Evangal.
400 2796 498 2860 Joan.
514 2819 540 2859 e.
561 2797 610 2859 19.
629 2819 657 2860 a.
676 2798 705 2860 l.
731 2796 773 2884 [*
787 2798 828 2861 cs.
844 2799 997 2880 Eooagal.
1018 2797 1138 2862 matth.
1153 2819 1179 2861 a.
1191 2797 1243 2861 27.
1261 2821 1291 2862 o.
1308 2799 1365 2863 26.
1386 2802 1475 2864 Marc.

232 2927 259 2968 e.
274 2903 323 2967 15.
336 2926 364 2967 a.
380 2903 446 2990 lu]
467 2905 556 2990 quod
572 2926 606 2968 se
628 2905 669 2969 ad
692 2907 845 2969 servilem
861 2905 1079 2969 humilitatem
1101 2927 1162 2990 pro
1178 2905 1273 2969 nobis
1298 2906 1476 2971 demiserat.

231 3012 335 3078 Plura
359 3011 402 3076 de
430 3012 658 3097 flagellatione
687 3024 721 3076 et
748 3014 964 3097 instigatione
993 3014 1123 3077 notavit
1150 3013 1292 3078 Emnnd.
1320 3014 1476 3078 Herillins

232 3121 336 3184 tctus
353 3120 388 3182 in
404 3119 497 3181 Notis
515 3122 688 3204 philologia.
709 3125 742 3184 im
758 3125 938 3204 passionem
956 3123 1077 3183 Christi
1087 3120 1165 3206 [*in
1184 3123 1335 3204 Opasoa„
1351 3143 1431 3204 quaa
1442 3122 1479 3182 ad

233 3229 392 3290 historiam
421 3247 460 3288 aa
481 3229 680 3310 philologiam
704 3249 829 3290 sacram
858 3237 1018 3311 spectant,
1046 3229 1165 3292 Fascio.
1189 3231 1215 3291 I.
1246 3231 1480 3308 (Rottsrodami

232 3334 342 3415 1693.)
355 3357 390 3417 p.
408 3333 481 3396 591.
497 3355 560 3417 sqq.
579 3333 636 3420 X.]
665 3335 720 3399 De
736 3338 923 3418 plumbatis,
946 3357 1026 3420 quas
1043 3335 1279 3400 Constantinus
1295 3337 1335 3400 L.
1348 3337 1378 3399 2
1391 3336 1422 3396 0.
1438 3335 1473 3394 da

234 3443 347 3504 Erant.
372 3445 476 3504 trabat.
503 3443 648 3525 sustulit,
675 3444 827 3528 Cujacius
849 3451 885 3506 et
907 3442 1036 3526 Amays
1061 3445 1106 3504 ad
1123 3447 1209 3506 ittam
1233 3445 1354 3525 legens,
1376 3439 1478 3506 Guido

233 3549 427 3612 Panoiroius
452 3550 600 3610 tussam.
617 3570 684 3612 oar.
706 3554 774 3612 teat.
795 3552 862 3614 nt.
883 3553 909 3612 I.
928 3571 954 3612 a.
974 3551 1026 3612 41.
1053 3551 1172 3614 Jacob.
1194 3549 1426 3614 Gothoiiedus
1444 3547 1481 3610 ad

234 3656 273 3717 L.
289 3655 320 3718 2.
338 3657 370 3718 0.
388 3657 499 3719 ibeod.
513 3659 551 3719 ds
569 3657 695 3734 Quaest.
717 3666 751 3722 et
767 3659 809 3722 V.
822 3660 864 3722 A.
881 3657 1014 3722 Gornel.
1031 3681 1093 3722 van
1108 3657 1354 3742 Bynkershoek
1375 3659 1481 3720 osser-

303 3921 336 3988 g)
356 3923 418 3974 Ant.
436 3923 614 3975 Bombardini
636 3923 682 3976 Tr,
701 3926 732 3976 de
750 3943 858 3978 earcere
875 3925 1025 3994 etantiqua
1043 3924 1099 3994 ejas
1115 3941 1173 3978 ass.
1191 3924 1224 3975 P.
1243 3923 1267 3974 Ι.
1291 3921 1396 3976 Pstar.
1417 3923 1484 3975 lm

236 4009 261 4061 8.
278 4011 305 4058 et
322 4006 349 4058 in
371 4005 447 4058 Titos.
466 4007 561 4059 Palen.
580 4009 613 4059 Τ.
632 4010 680 4062 111.
703 4026 729 4077 p.
748 4013 892 4065 731-831.
911 4008 1001 4062 Haud.

303 4092 336 4159 b)
356 4091 530 4144 Fustuarinm
549 4093 712 4158 supplicium
729 4095 896 4148 ordinarium
914 4099 973 4146 erat
990 4108 1099 4154 eorum,
1115 4089 1164 4159 qni
1181 4090 1279 4142 dnoem
1294 4089 1486 4142 deseruenat:

237 4175 331 4228 (tisero
347 4177 466 4243 Ptitipp.
479 4175 536 4230 Ill.
552 4181 578 4228 6.
596 4177 690 4231 Livius
710 4181 737 4233 V.
754 4186 779 4234 6.
797 4181 852 4234 tere
870 4180 922 4233 sub
930 4181 984 4248 fia.
1003 4178 1067 4240 Quo
1079 4178 1134 4230 ritu
1147 4176 1223 4229 istud
1234 4183 1361 4228 sumtum
1374 4176 1421 4240 sit,
1443 4176 1487 4226 do·

236 4267 279 4314 eet
295 4261 427 4328 Polybius
445 4261 589 4315 Historiam
620 4263 663 4315 Vl.
681 4269 724 4319 ³⁷.
753 4268 833 4319 Heia.

304 4346 328 4414 i)
349 4349 411 4400 Car.
425 4347 481 4401 Gir.
494 4346 528 4399 de
540 4349 682 4402 Winokler
696 4351 765 4404 Dim.
782 4353 813 4403 de
825 4352 952 4420 supplicia
960 4345 1160 4418 plumbatarum
1177 4345 1264 4397 medis
1280 4353 1372 4396 aetate
1387 4348 1487 4396 amenta

237 4429 312 4494 Lips.
331 4436 404 4486 1744.
422 4438 448 4487 4.
465 4438 492 4484 et
508 4431 537 4483 in
557 4432 668 4500 θρωπε.
686 4437 718 4487 Τ.
732 4437 754 4486 1.
772 4452 800 4502 p.
811 4441 958 4490 215-255.
971 4431 1073 4500 Heynii
1093 4433 1145 4483 Pr.
1168 4430 1224 4482 sur
1241 4432 1324 4498 amois
1341 4431 1419 4482 eaesi
1437 4431 1488 4482 Ro·

237 4529 315 4563 mano
331 4523 420 4577 mors,
449 4518 495 4586 qai
510 4534 571 4568 moa
592 4521 681 4572 securi
693 4521 861 4588 percutiendi
876 4525 979 4573 essent?
1001 4521 1076 4572 Gon.
1097 4517 1208 4570 17841.
1227 4521 1255 4567 et
1271 4516 1302 4568 in
1324 4514 1443 4583 Opusce.
1461 4515 1488 4564 T·

203 4672 211 4684 .
233 4597 287 4649 111.
305 4613 331 4662 p.
350 4604 493 4656 iss-197.
512 4599 601 4655 aaut.
