3080 5154
517 409 572 477 lls.
598 410 866 477 Anonmoumus.
1250 413 1320 478 149

85 589 224 670 naturali,
249 589 341 674 quasi
371 585 472 670 pretii
494 585 586 649 loco:
615 585 717 670 Gojus
734 583 949 670 [*genuinus
964 589 991 649 1.
1009 585 1038 668 §.
1062 585 1133 648 119.
1155 583 1210 671 ct]
1235 585 1324 668 repud

36 773 41 784 ‚
86 698 185 762 Boeth.
203 676 422 760 Commenta
440 697 535 758 Cicer.
553 695 652 776 Pupio.
667 694 696 754 5.
719 692 799 756 Ant.
820 693 1002 778 Schulting.
1022 694 1139 775 Jurr‘sp.
1154 704 1214 757 oet.
1233 703 1321 756 antr-
1351 711 1356 726 ¹
1409 675 1412 683 ’

80 809 143 889 just.
152 828 182 888 p.
196 806 247 868 54.
274 807 325 868 Ea
341 802 540 886 mancipatio
564 811 617 866 ter
639 809 709 864 erat
728 802 912 884 repetenda
927 803 971 882 l).
994 801 1071 879 Quo
1095 803 1201 884 facto,
1224 809 1322 885 pater

86 913 221 977 naturalis
235 912 358 997 injure
375 911 517 974 cedebat
527 911 638 980 ,filium
646 957 656 993 ,
674 918 708 972 et
722 918 790 972 tum
807 908 944 995 adoptio
960 917 1034 974 erat
1047 910 1213 994 perfecta:
1231 908 1320 973 Gell.

86 1025 101 1082 l.
114 1044 134 1083 c.
147 1023 345 1103 Adoptantur
359 1008 478 1092 autem,
494 1041 588 1102 quum
605 1040 624 1080 a
637 1027 781 1101 parente,
799 1019 832 1079 in
845 1019 939 1100 cujus
952 1029 1108 1100 potestate
1125 1030 1211 1092 suat,
1227 1021 1321 1080 tertia

85 1131 343 1211 mensurationem
359 1130 437 1210 jure
454 1129 619 1201 ceduntur,
644 1136 739 1209 atqua
761 1126 800 1187 at
825 1147 870 1201 eo,
892 1129 945 1208 qui
969 1129 1113 1209 adoptat,
1135 1129 1222 1207 apud
1238 1147 1320 1209 eum,

86 1237 154 1318 apud
167 1258 256 1317 quem
273 1239 351 1318 legis
370 1239 450 1298 actio
463 1244 519 1309 est,
538 1236 737 1296 subdebantur
751 1234 796 1315 l¹).
816 1234 860 1297 Et
877 1233 941 1296 hoc
956 1217 1088 1319 quidem
1104 1235 1169 1299 ritu
1186 1255 1248 1318 per
1265 1256 1320 1299 aes

86 1343 228 1407 etlibram
245 1343 423 1429 adoptavit
432 1343 601 1428 Augustus
619 1339 734 1426 Cajum
751 1350 786 1405 et
801 1341 956 1406 Lucium:
978 1343 1069 1407 Suet.
1085 1345 1171 1428 Aug.
1186 1365 1211 1407 c.
1226 1343 1279 1407 64.

558 1573 561 1578 .
666 1562 674 1579 .
695 1516 746 1579 16.

416 1635 471 1694 Qui
483 1633 622 1703 potuerint
641 1518 769 1702 asdoptara
784 1644 811 1687 ct
827 1635 969 1703 adoptarit

149 1736 427 1820 Quandoquidem
450 1757 532 1820 ergo
547 1736 630 1799 haec
650 1735 788 1820 adoptio
805 1757 872 1799 non
894 1736 929 1797 in
950 1734 1108 1818 comitiis,
1129 1735 1188 1799 sed
1211 1757 1321 1800 coram

87 1848 256 1932 magistratu
271 1847 390 1909 tiebatz
412 1845 535 1908 factum
557 1851 608 1906 est
626 1843 720 1925 iude,
742 1852 779 1907 ut
802 1852 837 1907 et
861 1842 1085 1929 sexagenariis
1107 1845 1249 1909 minores
1260 1845 1321 1908 ad-

87 1963 179 2037 optare
201 1963 356 2040 possent,
378 1975 441 2016 nec
464 1951 600 2016 masculi
621 1952 743 2033 solum,
758 1952 817 2014 sed
841 1961 876 2017 et
900 1953 1044 2016 feminac
1068 1953 1323 2041 adoptarenturt

88 2061 145 2147 Gaji
160 2060 468 2128 11111.Ι.5.2.(1611.
484 2061 591 2124 Noott.
606 2063 675 2126 Att.
697 2060 732 2123 V.
747 2059 798 2122 19.
829 2099 834 2108 ·

643 2239 672 2319 §-
695 2238 745 2303 17.

416 2356 563 2424 Adrapatio
578 2373 631 2426 per
648 2357 807 2426 rescriptam
827 2357 972 2426 Principis.
1265 2423 1269 2434 .

152 2461 196 2524 Et
220 2459 256 2522 id
278 2457 412 2544 quidem
445 2457 479 2520 in
507 2457 645 2541 antiqua
673 2457 734 2521 illa
762 2458 938 2544 liberaque
967 2460 1140 2544 republica
1167 2459 1322 2526 obtinuit.

88 2564 193 2630 Postea
222 2567 335 2631 variae
364 2567 480 2631 sensim
512 2564 708 2628 adciderunt
739 2567 948 2632 mutationes.
976 2569 1021 2632 Et
1043 2569 1322 2654 primoquidem,

90 2666 215 2738 comitiis*
228 2675 450 2757 cessantibus,
466 2672 639 2757 Principes
654 2675 820 2760 rescriptis
837 2676 903 2740 suis
919 2675 1155 2762 adrogationes
1168 2677 1322 2742 solebant

92 2783 251 2846 concedere
278 2783 414 2867 pariter,
441 2790 475 2847 ct
501 2782 703 2845 confirmare.
729 2781 865 2868 [Cujac.
888 2785 1015 2848 otnero.
1032 2788 1107 2850 XII.
1122 2785 1195 2873 lta]
1221 2785 1323 2864 Quod

88 2888 134 2951 vel
148 2889 217 2955 ideo
230 2891 309 2975 jure
328 2891 439 2955 facere
458 2897 633 2976 poterant,
650 2891 728 2974 quio
747 2890 842 2954 simul
865 2901 959 2955 erant
972 2893 1154 2958 Pontifices
1178 2893 1323 2978 maximi,

90 3017 204 3081 quorum
221 3007 308 3077 erat,
325 2998 367 3062 de
389 2998 661 3084 adrogationibus
684 2998 864 3084 dispicere:
878 2999 1043 3064 Raevard.
1059 3002 1098 3064 de
1112 3012 1231 3065 auum.
1240 3023 1323 3084 pru-

89 3105 155 3169 dent.
167 3108 195 3170 6.
220 3109 357 3172 Factum
373 3109 409 3172 id
432 3129 503 3172 csse
520 3107 676 3192 exemplo
694 3107 834 3189 Galbae,
852 3108 908 3192 qui
923 3107 1045 3191 primus
1060 3117 1208 3172 veterem
1223 3109 1321 3172 ritum

89 3213 237 3300 neglexit,
257 3237 325 3280 non
348 3219 405 3280 abs
426 3197 667 3304 resuspicatur
687 3215 767 3282 Ant.
790 3215 974 3302 Schulting.
990 3218 1034 3282 od
1053 3217 1176 3300 lupun.
1192 3217 1324 3298 Fragor.

96 3319 203 3387 Virta.
213 3347 247 3406 p.
259 3323 331 3387 589.
355 3323 456 3390 Certe
465 3326 536 3410 jam
551 3325 717 3390 Antonini
732 3325 787 3387 Pii
801 3333 955 3411 tempore
969 3325 1205 3412 adrogationes
1221 3324 1324 3390 factas
1431 3367 1436 3376 ·

90 3447 145 3516 esse
165 3432 361 3496 auctoritate
382 3434 572 3522 Principum
593 3441 687 3519 patet
708 3453 750 3496 ex
765 3434 803 3495 L.
826 3433 877 3498 38.
893 3435 934 3498 D.
955 3437 984 3498 lr.
1007 3446 1029 3499 t.
1052 3435 1128 3499 Hac
1148 3455 1326 3514 verumu-

89 3539 195 3602 tatione
212 3540 317 3604 semel
336 3542 485 3620 admissa,
502 3543 603 3606 etiam
627 3543 771 3606 feminae
794 3542 848 3621 (L.
865 3542 917 3605 21.
936 3545 1022 3606 lan
1042 3549 1082 3625 t.)
1100 3551 1135 3607 et
1153 3542 1319 3630 pupilli1)

89 3677 367 3693 5——

144 3749 165 3815 i)
184 3749 214 3803 Si
232 3748 336 3802 scilicet
353 3749 402 3804 filii
420 3751 481 3801 loco
500 3750 609 3805 deberet
627 3765 687 3804 esse
704 3734 858 3816 adoptivus}
876 3752 948 3804 Nam
966 3751 990 3804 si
1008 3749 1073 3820 quis
1089 3748 1223 3806 inlocum
1240 3767 1325 3820 nepo-

91 3828 118 3882 tis
131 3834 317 3901 adoptaretur,
347 3834 429 3887 unica
452 3833 653 3901 mancipatione
675 3840 751 3887 actus
775 3837 978 3890 absolvebatur:
995 3837 1059 3904 Ulp.
1076 3837 1185 3904 Frapm.
1206 3837 1277 3890 XII.
1295 3837 1325 3891 id

91 3919 243 3982 quodetiam
262 3921 361 3974 deinde
381 3921 409 3973 in
433 3918 541 3974 feminis
558 3920 746 3974 observatum:
765 3921 860 3990 Cujac.
878 3921 1007 3976 Enarrat.
1025 3922 1062 3976 cd
1078 3922 1103 3974 d
1121 3923 1154 3976 L.
1171 3921 1220 3974 ult.
1243 3921 1272 3974 0.
1292 3922 1325 3976 dr

89 4001 137 4054 Ado
154 4013 170 4056 t.
189 4006 271 4058 Heia.

134 4021 176 4156 Pk)
194 4090 239 4155 Id,
258 4089 335 4158 qaod
360 4088 441 4142 etiam
465 4091 609 4142 confirmat
624 4089 762 4156 genuinus
778 4083 880 4159 (lajas,
900 4094 922 4146 1.
942 4097 1000 4146 134.
1020 4091 1179 4155 Caeterum,
1197 4107 1269 4159 qnae
1285 4091 1326 4146 ibi

90 4170 209 4236 leguntur:
235 4181 284 4228 aut
300 4175 520 4242 remancipautur
539 4175 662 4241 parenti,
681 4183 727 4227 aut
738 4177 809 4245 jure
824 4179 1024 4246 morabantur,
1044 4189 1076 4227 oa
1094 4175 1135 4227 sio
1151 4174 1325 4242 intelligenda

91 4270 138 4308 csse
153 4260 274 4323 arbitror,
291 4265 323 4312 ut
340 4259 579 4327 remancipationis
594 4261 656 4312 loco
673 4260 708 4313 ab
725 4261 856 4328 adoptivo
869 4266 946 4330 patre
963 4260 1110 4323 taciendsc,
1128 4259 1209 4313 etiam
1223 4260 1326 4330 injure

90 4342 163 4395 cessio
179 4346 299 4399 adbiberi
317 4345 445 4412 potuerit.
464 4345 552 4398 Miill.

144 4429 167 4495 1)
186 4431 277 4485 Multa
299 4429 431 4505 requisita
454 4430 498 4483 hic
520 4437 597 4484 erant
614 4431 793 4486 observanda.
822 4432 1014 4502 Inquirebatur
1032 4432 1061 4486 in
1079 4429 1264 4497 adrogatiouis
1282 4447 1326 4484 ra·

90 4507 182 4580 donam,
199 4533 233 4568 ne
251 4532 307 4586 qua
324 4516 412 4584 turpis
430 4531 527 4572 caussa
545 4517 682 4570 subesset:
700 4519 733 4570 L.
748 4523 788 4573 17.
802 4535 848 4593 pr.
863 4517 937 4571 D.l.
955 4527 973 4571 t.
991 4517 1223 4584 Expendebantur
1243 4517 1327 4569 tacul-

89 4599 145 4650 tates
162 4605 217 4655 tum
236 4602 395 4669 adrogantis
413 4607 472 4657 tum
489 4602 654 4668 adrogandi,
671 4603 786 4673 ejusque
805 4603 888 4658 simut
905 4603 962 4658 vita
978 4609 1102 4658 anteacta
1118 4602 1226 4658 curiose
1243 4617 1328 4657 excu-
