3062 5164
207 367 279 432 316
577 364 759 432 durarum
783 365 858 431 Lna
883 366 910 431 l.
934 365 1019 433 Cur.
1046 366 1088 433 V.

736 579 739 584 -
759 541 843 594 CAP.
861 541 896 593 V.

209 671 272 734 DE
295 671 566 756 uunuchHS,
590 673 815 754 COLONHS,
837 672 1204 757 PRAEFECTURIS‚
1227 673 1470 740 CIVITATI-

627 781 715 845 BUS
736 781 1042 846 FOEDERATIS.

799 1006 806 1020 .
827 959 899 1022 119.

513 1074 570 1128 Cirr
586 1075 629 1127 hic
645 1084 742 1143 σφεων
759 960 965 1146 dfnnidpiu,
982 1078 1092 1130 camna}
1107 1086 1156 1130 ete.

292 1173 383 1250 Quid
398 1174 587 1240 interfuerit
600 1177 688 1240 inter
696 1179 772 1262 jura
787 1178 942 1260 civitatis,
957 1179 1063 1255 Latii,
1077 1179 1208 1260 ltaliae,
1225 1188 1261 1242 et
1276 1179 1467 1262 provincia-

210 1303 291 1363 rum,
306 1282 383 1344 satis
401 1282 508 1347 adhuc
523 1285 656 1348 videtur
670 1309 690 1349 a
704 1287 800 1349 nobis
816 1270 1029 1369 explicatum.
1042 1286 1092 1350 At
1104 1309 1172 1351 non
1184 1308 1301 1350 omues
1318 1288 1354 1350 in
1369 1287 1464 1350 Latio
1517 1299 1518 1366 l

210 1389 362 1454 civitates
368 1391 447 1474 jure
462 1393 567 1476 Latii,
587 1405 650 1456 nec
666 1414 780 1458 omnes
795 1394 830 1456 in
845 1395 944 1460 ltalia
953 1396 1030 1480 jure
1044 1395 1185 1477 Italico,
1205 1404 1262 1460 aut
1278 1396 1315 1458 in
1331 1396 1464 1479 provin·

211 1499 269 1562 ciis
287 1501 365 1584 jure
389 1501 629 1584 provinciarum
659 1524 739 1566 usae
766 1510 855 1576 sunt3
882 1503 940 1566 sed
966 1503 1053 1568 aliae
1078 1521 1352 1584 nummulorum,
1381 1503 1457 1564 aliae

211 1625 445 1690 conorunnnll,
466 1609 553 1672 aliae
576 1626 908 1693 emerentianam,
928 1607 1015 1675 aliae
1035 1611 1109 1674 aliis
1122 1613 1313 1676 nominibus
1329 1620 1402 1675 sunt
1415 1612 1459 1672 in·
1517 1633 1518 1638 ¹

211 1715 369 1800 nignitate,
385 1717 428 1780 de
444 1717 562 1801 quibus
576 1719 713 1803 singulis
728 1718 843 1803 paullo
858 1719 1044 1784 distinctius
1060 1720 1225 1805 agendum
1240 1721 1288 1802 1’).

777 1899 807 1980 §.
826 1897 897 1960 120.

698 2015 771 2075 Quid
787 2016 928 2084 municipia
942 2015 990 2084 q?

296 2113 502 2178 Mrrrcrras
530 2115 669 2195 (Gellio
692 2117 826 2200 quidem
852 2121 1011 2200 auctore)
1039 2125 1135 2182 erant
1162 2119 1244 2178 aaa
1267 2118 1459 2181 Romanius

213 2227 395 2306 municmiia,
409 2225 531 2307 legibus
545 2228 610 2289 cuia
626 2234 659 2288 ct
672 2247 728 2288 auo
736 2229 815 2308 jure
829 2234 962 2304 utentes,
976 2231 1117 2290 munerib
1131 2234 1252 2288 tantum
1268 2247 1345 2288 cum
1353 2228 1460 2308 populo
1517 2295 1518 2300 .

283 2429 316 2496 b)
336 2430 420 2484 Hand
440 2431 551 2500 quidem
565 2432 756 2485 confundenda
773 2438 837 2484 suut
854 2433 1066 2502 municipiorum,
1084 2431 1247 2484 coloniarum
1270 2438 1300 2483 et
1312 2433 1462 2500 praesecta-

213 2533 307 2569 rurum
322 2515 395 2582 jura,
412 2531 502 2583 neque
519 2531 580 2567 curn
600 2515 708 2570 civitate
720 2519 855 2582 Romana,
869 2534 958 2586 neque
973 2534 1035 2569 oum
1047 2516 1207 2568 Latinorum
1225 2521 1274 2568 aut
1284 2517 1385 2569 Italico
1394 2517 1462 2584 jure;

214 2605 400 2654 verumtamen
417 2613 473 2652 non
490 2599 529 2651 ita
546 2607 605 2652 erat
622 2617 666 2655 res
683 2604 872 2670 proponenda,
890 2603 970 2671 quasi
987 2603 1110 2668 singulae
1127 2602 1155 2654 in
1173 2602 1239 2654 orbe
1255 2605 1388 2656 Romano
1406 2602 1459 2654 ciri-
1517 2647 1518 2658 .

215 2691 283 2740 aaa
300 2690 349 2738 aut
366 2685 446 2748 Latii,
464 2692 512 2738 aut
529 2687 631 2753 ltaliae,
649 2695 697 2742 aut
713 2689 924 2756 provinciarum,
936 2693 984 2740 aut
994 2686 1214 2754 municipiorum,
1230 2693 1279 2740 aut
1289 2685 1461 2748 coloniarum,

215 2777 263 2824 aut
279 2772 508 2837 praefecturarum
521 2788 586 2826 usae
597 2773 698 2826 luerint
704 2775 776 2840 jure.
794 2774 902 2828 Etenim
914 2773 1008 2830 Italiae
1022 2773 1170 2840 municipia
1184 2775 1248 2842 jure
1262 2773 1362 2826 Italico
1375 2773 1463 2840 gavisa

215 2863 280 2909 snut
299 2858 347 2924 (eo
364 2855 501 2922 nimirum,
520 2859 594 2927 quod
607 2859 751 2926 Savignius
770 2860 935 2934 descriptum
950 2858 1025 2914 dedit
1042 2859 1070 2912 in
1083 2868 1218 2912 commeat.
1236 2875 1322 2925 supra
1341 2859 1411 2926 adi
1427 2862 1463 2911 01-

215 2947 271 2996 not.
289 2941 306 2996 i.
324 2944 423 3010 land),
441 2941 524 3012 idque
541 2945 658 2999 subinde
675 2947 756 2998 etiam
767 2945 952 3011 compluribus
966 2945 1167 3012 provinciarum
1184 2943 1340 2998 civitatibus
1359 2945 1464 2996 attribu·

215 3035 274 3082 tum
288 3035 334 3082 ‘est
353 3029 402 3097 (de
411 3030 529 3096 savigny
545 3031 638 3084 Gcccfi.
654 3033 679 3084 d.
694 3033 731 3084 R.
744 3033 780 3084 R.
793 3033 828 3083 im
843 3031 1002 3083 Mittalcltcr
1019 3033 1051 3083 Τ.
1063 3032 1084 3084 1.
1096 3033 1117 3100 ᾗ.
1132 3035 1173 3084 18.
1191 3031 1234 3083 ed.
1251 3031 1303 3097 2).
1322 3030 1463 3080 Praeterea

215 3109 384 3170 coloniarum
401 3115 470 3168 aliae
487 3122 564 3170 erant
580 3117 680 3170 civium
697 3119 893 3180 Romanorum,
908 3117 978 3170 aliae
995 3119 1052 3184 (vel
1069 3115 1161 3183 potius
1176 3117 1338 3184 pleraeque)
1359 3115 1463 3168 Latino·

216 3217 277 3255 rum
297 3202 418 3269 (Walter
439 3203 474 3255 R.
496 3203 530 3255 G.
548 3219 575 3270 p.
600 3208 659 3258 203.
678 3204 735 3272 sq.)
757 3202 785 3255 iu
810 3203 950 3269 republica
971 3218 1035 3254 vero
1058 3202 1175 3268 regenda
1201 3201 1461 3267 administrandaque

216 3287 339 3341 coloniae
356 3287 459 3353 eadem,
474 3294 505 3340 ut
523 3285 680 3355 municipia,
694 3286 734 3340 uti
752 3289 877 3341 solebant
894 3285 1010 3340 civitatis
1023 3289 1118 3341 forma.
1136 3287 1169 3338 In
1185 3285 1371 3352 praefecturas
1381 3282 1458 3338 Roma

175 3365 179 3372 ’
217 3374 327 3442 quidem
339 3371 494 3427 mittebatur
507 3375 658 3441 praefectus
671 3373 878 3426 duumvirorum
891 3373 966 3436 loco;
981 3372 1155 3440 caeteroquin
1167 3371 1354 3438 praefecturae
1366 3385 1461 3422 earum·

218 3474 271 3526 que
292 3458 396 3513 incolae
414 3459 496 3513 simili
509 3459 554 3513 usi
570 3466 636 3513 sunt
652 3458 816 3524 conditione,
829 3459 1059 3528 quemadmodum
1070 3459 1191 3526 reliquae
1202 3456 1231 3509 iu
1242 3455 1324 3510 Italia
1341 3453 1463 3508 civitates

218 3544 252 3599 de
270 3543 389 3612 Savigny
410 3545 504 3598 Gascl.
523 3547 549 3598 cl.
570 3547 607 3598 R.
625 3546 662 3600 R.
680 3545 715 3598 im
734 3545 893 3598 Mittelaltcr
910 3546 942 3597 T.
960 3545 982 3597 1.
999 3545 1019 3612 ξ.
1039 3549 1080 3598 14.
1100 3540 1187 3594 Mill.

204 3678 208 3684 .
286 3631 316 3699 o)
336 3630 379 3682 De
395 3648 425 3682 re
442 3630 601 3697 municipali
616 3629 671 3685 vid.
684 3631 791 3684 Trekell
809 3632 826 3684 l.
846 3631 863 3683 l.
884 3631 918 3682 P.
937 3629 960 3682 I.
979 3647 1000 3681 c.
1017 3634 1043 3682 5.
1062 3636 1123 3680 sect.
1140 3631 1165 3679 2.
1183 3641 1211 3692 p.
1223 3629 1276 3679 2:³2
1290 3655 1319 3664 —
1335 3630 1396 3678 312.
1409 3625 1464 3678 ua-

218 3714 307 3768 zoohii
325 3734 415 3769 comm.
435 3716 505 3769 laud.
519 3717 552 3768 P.
570 3716 605 3767 11.
623 3733 650 3782 p.
668 3715 716 3782 391
731 3747 766 3756 -
777 3719 837 3770 400.
853 3720 879 3767 et
893 3711 1017 3781 inprimis
1031 3713 1105 3766 Frid.
1117 3711 1212 3766 Rothii
1229 3711 1261 3763 dc
1272 3728 1304 3762 rc
1319 3707 1466 3778 municipali

219 3799 402 3854 Romanorum
419 3799 497 3854 Libri
513 3800 554 3853 ΙΙ.
577 3802 676 3868 Stuttg.
703 3807 778 3856 1801.
803 3806 828 3854 8.
849 3800 912 3868 (ubi
929 3801 950 3851 I.
968 3804 993 3853 4.
1010 3803 1068 3852 not.
1085 3802 1128 3852 20.
1146 3813 1172 3864 p.
1195 3799 1313 3850 9-11.
1338 3795 1420 3849 Gellii
1437 3793 1464 3846 ab

219 3888 337 3940 Auctore
359 3885 437 3939 initio
460 3887 481 3952 ξ.
501 3891 558 3940 120.
583 3887 701 3954 adlegati
723 3889 792 3944 fides
815 3887 1005 3952 labefactatur)
1027 3890 1110 3954 alque
1134 3883 1168 3935 de
1186 3881 1306 3948 savigny
1327 3881 1423 3935 Geruli.
1445 3880 1465 3932 d.

220 3971 256 4024 R.
281 3971 317 4024 R.
334 3972 370 4023 im
384 3970 541 4022 Mittdultcr
559 3975 590 4025 T.
609 3975 629 4028 I.
648 3991 671 4026 c.
688 3979 713 4028 2.
731 3990 759 4040 p.
778 3977 811 4026 16
823 4001 857 4012 -
869 3976 911 4026 49.
938 3973 973 4040 (ἓ.
992 3973 1108 4023 6--16Ι
1125 3969 1168 4022 ed.
1186 3969 1226 4035 2.)
1247 3973 1273 4019 et
1291 3983 1319 4033 p.
1334 3969 1466 4020 68-71.

222 4056 257 4124 (ξ.
276 4058 344 4124 20).
362 4057 458 4120 Qualis
476 4063 567 4111 autem
585 4059 796 4124 municipiorum
814 4062 900 4110 status
926 4057 977 4110 sub
994 4053 1208 4122 Imperatoribus
1226 4051 1350 4120 priorum
1368 4053 1466 4105 seculo

219 4157 281 4195 rum
298 4142 387 4207 fuerit,
405 4158 478 4195 nunc
490 4145 651 4212 cognovimu
715 4143 862 4198 Frontonis
877 4142 934 4196 Lib.
953 4141 993 4194 ΙΙ.
1007 4143 1043 4194 ad
1059 4141 1155 4193 amicos
1173 4139 1248 4209 epist.
1267 4143 1308 4191 ll.
1321 4139 1362 4191 cd.
1377 4135 1465 4190 Berol.

222 4227 272 4296 (T.
291 4229 332 4281 II.
346 4246 374 4297 p.
392 4233 483 4284 297-
494 4234 554 4284 309.
574 4232 614 4284 cd.
705 4231 801 4296 olam),
820 4231 855 4281 ad
870 4245 951 4298 quem
965 4218 1055 4280 lo'oum
1067 4226 1201 4292 insignem
1218 4226 1251 4276 cf.
1266 4236 1338 4290 quae
1349 4221 1466 4275 animad-

220 4313 301 4366 vertit
318 4314 484 4370 Niebuhrius
502 4299 528 4382 p.
546 4321 605 4369 218.
625 4292 666 4385 εξ
683 4315 772 4369 Haud.
791 4317 834 4367 De
848 4315 987 4368 civitatum
1005 4311 1099 4365 ltaliae
1116 4312 1204 4364 forma
1221 4308 1276 4362 vid.
1288 4308 1372 4360 etiam
1390 4307 1465 4360 Dirt·

221 4413 269 4452 sen
288 4398 340 4453 obs.
360 4403 396 4454 ad
416 4400 480 4454 Tau.
499 4401 609 4454 Hercei.
631 4411 737 4470 partem
761 4401 882 4464 alteram,
901 4417 968 4468 quae
992 4397 1069 4465 culpo
1088 4397 1158 4449 ucria
1183 4395 1354 4462 Neapolitani
1369 4393 1465 4446 nomiae

221 4486 402 4541 uenit.Bcroi.
422 4491 496 4540 1817.
514 4491 539 4540 8.
560 4488 616 4554 (Cf.
632 4487 675 4553 Ej.
694 4487 741 4538 civ.
754 4483 823 4538 All.
841 4487 873 4536 T.
891 4485 927 4535 ΙΙ.
944 4499 1019 4538 num.
1041 4484 1081 4548 2.)
1101 4487 1128 4534 et
1141 4481 1176 4534 de
1188 4481 1307 4546 Sevigny
1332 4473 1464 4532 Vollescll.

223 4575 247 4626 d.
269 4571 351 4640 Tasci
372 4589 421 4625 aaa
445 4571 589 4633 Heraclea,
613 4571 642 4624 in
667 4571 693 4623 d.
712 4569 841 4624 Zeitacfir.
858 4569 888 4636 s.
903 4568 990 4638 pescli.
1010 4568 1046 4620 R.
1072 4566 1110 4620 W.
1137 4567 1169 4617 T.
1187 4563 1240 4616 lx.
1259 4580 1286 4630 p.
1303 4568 1352 4616 321
1367 4563 1464 4613 -301,
