3080 5154
116 326 122 338 '
206 361 255 430 ss
681 353 757 422 nn.
783 351 809 420 r.
836 352 923 420 rm·
942 352 985 418 n.

207 546 380 598 mosmos
395 543 475 612 uos,
490 545 574 594 rosr
589 542 728 612 auarus
741 529 973 592 viminosos
989 541 1170 592 nacor-rou
1184 529 1238 608 r)2
1256 526 1297 592 L.
1311 525 1384 590 lla.
1394 525 1469 608 §.2

207 641 250 702 o.
263 641 305 704 a«
320 639 408 702 rea.
427 639 484 702 mr.
500 637 539 700 ι.
550 637 580 699 s.
595 637 630 698 a.
648 641 682 698 a
696 617 778 716 quer.
794 657 898 698 om.
912 639 945 698 a
956 639 1072 717 τηειρ.
1086 639 1187 697 mre
1204 643 1469 698 „mamm

152 787 160 808 s
207 748 246 810 L.
259 746 311 809 41.
326 748 370 810 D.
381 747 420 809 de
431 746 508 808 ae.
526 745 634 806 eredit.
650 759 832 812 nscsrruu
851 747 944 816 enen,
962 743 1071 827 inquit
1086 741 1216 823 Festus,
1231 743 1355 814 datur,
1374 741 1469 823 pssid-

208 855 285 938 quid
299 875 320 916 a
329 855 491 936 plerisque
509 852 721 934 prudentius
738 851 947 934 adprobatum
960 859 1016 913 est.
1041 849 1138 914 (lons.
1151 851 1251 914 Barn.
1263 849 1411 922 Briseon.
1426 849 1471 910 de

214 963 304 1024 Verl.
326 960 434 1042 siged-
451 980 535 1022 voce
557 960 731 1042 Receptmu
749 967 784 1022 et
801 957 890 1022 Guil.
901 957 1055 1022 Budaeus
1075 957 1296 1020 atumem.
1311 955 1404 1017 adli.
1415 956 1469 1018 11.

208 1070 238 1152 s.
253 1069 283 1132 1.
298 1069 339 1130 D.
359 1069 399 1130 de
424 1067 516 1129 Veri.
531 1068 637 1149 sigulfi
660 1066 751 1144 Quin
776 1074 810 1129 et
831 1082 988 1129 amunta
1006 1080 1112 1146 sume,
1135 1085 1273 1150 quarum
1295 1062 1398 1128 toties
1410 1063 1469 1148 jus

209 1183 357 1240 nostrum
367 1174 528 1255 meminit,
538 1173 622 1236 nihil
636 1173 728 1238 aliud
739 1179 834 1254 sunt‚·
844 1181 943 1257 quam
958 1174 1077 1237 breves
1089 1172 1251 1257 quaedam
1269 1170 1468 1256 positiones,

104 1310 106 1314 ’
210 1303 296 1368 quse
311 1303 382 1346 rem
401 1282 466 1346 tori
482 1281 707 1366 disputatione
720 1279 903 1360 delinitam,
929 1288 965 1344 et
977 1279 1281 1366 jureconsultorum
1301 1299 1469 1342 consensu

209 1398 379 1475 receptam
394 1389 526 1454 concise
539 1395 704 1452 enarrant
721 1387 889 1478 Raevard.
904 1389 943 1450 de
951 1389 1096 1452 auctorit.
1107 1389 1259 1470 prodent.
1269 1385 1321 1449 15.
1327 1386 1470 1470 plotio,

210 1520 255 1582 sq.
270 1507 302 1562 et
317 1498 485 1562 timuerent.
499 1497 544 1560 ad
555 1497 593 1558 1..
604 1497 635 1559 1.
647 1497 687 1560 de
697 1497 854 1578 dog-jur.
867 1518 899 1578 p.
913 1493 985 1561 125.

611 1674 852 1860 Jureeomuteljus
868 1788 1064 1857 suppleverunt.
1091 1757 1093 1763 Ι

295 1890 459 1974 Tertium,
476 1889 566 1976 quod
576 1889 814 1974 jureconsultis
824 1890 880 1977 jus
897 1889 1084 1962 Romanum
1104 1888 1220 1972 debet,
1245 1896 1344 1975 caput
1360 1888 1469 1952 veluti

82 2011 85 2014 '
207 1997 432 2084 adpendicem
456 1996 630 2084 quamdam
653 1997 727 2060 XII
749 1995 935 2062 tabularum
957 2003 991 2060 et
1012 1996 1214 2084 reliquarum
1239 1997 1352 2082 legum
1378 2019 1470 2062 com-

211 2107 379 2192 plectitur.
395 2106 464 2171 Ubi
478 2106 565 2169 enim
582 2104 725 2169 deficere
747 2101 946 2168 videbantur
965 2103 1070 2189 leges,
1094 2113 1129 2198 et
1144 2106 1340 2170 Praetorum
1359 2104 1471 2168 Aedi-

211 2213 359 2299 liumque
377 2215 497 2297 edicta,
512 2213 560 2278 ibi
572 2211 875 2300 jureconsultorum
894 2219 977 2296 erat,
989 2214 1044 2298 jus
1059 2234 1102 2275 ex
1119 2213 1289 2297 aequitate
1302 2213 1471 2297 supplere.

213 2322 303 2390 Hinc
322 2323 488 2408 permulta
503 2329 582 2396 nata
607 2330 681 2387 sunt
701 2323 736 2386 iu
744 2320 1047 2407 jureconsultorum
1066 2321 1186 2385 scholis
1212 2343 1250 2386 ec
1271 2320 1471 2404 disputatio-

212 2431 309 2495 nibus
324 2431 471 2512 decreta‚
486 2451 572 2514 quae
590 2451 633 2492 ex
651 2428 744 2493 nulla
762 2430 884 2513 scripta
902 2427 993 2512 lege,
1018 2429 1180 2518 nulloque
1199 2429 1310 2494 edicto
1328 2429 1472 2492 descen-

214 2537 343 2602 derunt.
362 2537 418 2604 Sic
433 2537 612 2622 adquisitio
627 2558 657 2600 v.
671 2559 699 2600 c.
713 2558 775 2620 per
793 2535 1045 2620 adrogationem
1062 2537 1200 2604 inventa
1216 2539 1325 2604 fuerat
1343 2537 1472 2622 aJure-

214 2645 387 2710 consultis:
404 2649 507 2729 princ.
531 2647 609 2706 Inst.
633 2645 673 2706 de
696 2645 840 2726 adquirit.
864 2664 926 2725 per
950 2645 1094 2728 adrogat.
1121 2646 1281 2712 Eamdem
1305 2645 1471 2732 originem

213 2753 314 2818 tuisse
340 2753 490 2816 novimus
512 2748 753 2832 codicillorum,
770 2750 1040 2815 exheredationis
1055 2757 1289 2837 postumorum,
1312 2753 1472 2818 differen-

213 2863 282 2927 tiae
293 2862 382 2925 inter
393 2859 689 2924 exheredationem
705 2857 858 2941 filiorum,
867 2858 1008 2924 filiarum
1020 2868 1055 2923 et
1066 2870 1235 2946 nepotum,
1247 2862 1473 2948 stipulationis

213 2969 441 3054 Aquillianae,
456 2967 595 3054 regulae
610 2967 817 3031 Catonianae
830 2969 893 3048 57),
910 2968 1049 3032 actionis
1065 2969 1115 3034 rei
1138 2972 1290 3052 uxoriaet
1310 2970 1473 3055 querelae

214 3076 394 3142 inofficiosi
413 3075 614 3157 testamenti,
630 3075 838 3160 aliorumque
853 3075 889 3138 id
902 3098 1005 3162 genus
1024 3077 1168 3162 capitum
1184 3078 1270 3164 juris
1283 3082 1330 3161 ¹).
1359 3077 1474 3142 Lucu·

213 3183 340 3248 lentum
354 3184 439 3249 hanc
463 3185 497 3249 in
518 3206 587 3248 rem
608 3190 718 3245 exstat
738 3183 961 3247 testimonium
983 3184 1154 3249 Ciceronis
1172 3185 1207 3249 in
1229 3195 1308 3250 orat.
1321 3207 1384 3269 pro
1399 3187 1473 3250 Mu·

215 3315 316 3356 raena
326 3315 351 3356 e.
365 3293 414 3356 12.
429 3293 533 3371 Quum
541 3291 703 3374 permulta
708 3293 879 3371 praeclare
891 3293 1010 3374 legebus
1020 3302 1125 3355 essent
1136 3297 1314 3370 constituta,
1329 3315 1367 3356 ea
1376 3297 1475 3376 jure-

215 3401 425 3464 consultorum
444 3403 578 3482 ingentis
597 3400 751 3479 pleraque
772 3407 923 3480 corrupte
946 3420 984 3461 ao
1013 3401 1188 3482 depravata
1207 3409 1293 3464 sunt.
1319 3399 1474 3466 Mulieres

215 3527 322 3572 omnes
337 3515 470 3590 propter
487 3510 701 3590 infirmitatem
728 3510 851 3570 consilii
869 3509 1004 3590 majores
1020 3512 1054 3570 tn
1075 3517 1214 3570 tutorum
1230 3516 1389 3591 potestate
1404 3530 1475 3574 esee

215 3617 398 3678 columam.-
417 3615 453 3675 lu·
461 3618 650 3676 moererent
661 3633 782 3695 genera
797 3624 945 3686 tutorum,
962 3635 1042 3696 qaae
1046 3624 1205 3696 potestate
1216 3619 1384 3679 mulierum
1399 3637 1474 3678 oon·

215 3725 403 3784 timerentur.
425 3721 526 3784 Sacra
542 3723 671 3784 interire
682 3722 732 3782 1111
741 3723 927 3783 noluerunt:
948 3723 1058 3784 lterum
1072 3727 1197 3805 rirgem'o
1209 3725 1356 3787 senescet
1370 3730 1474 3788 cotim-

284 3927 318 3994 y)
337 3923 569 3996 Frequentissima
588 3924 617 3980 in
631 3925 694 3996 jure
711 3931 806 3979 nostro
823 3923 963 3992 loquutio:
988 3925 1057 3978 Post
1068 3945 1177 3995 maenae
1194 3929 1335 3982 varietates
1351 3928 1475 3987 claruit:

216 4012 250 4066 L.
269 4011 318 4064 ult.
339 4012 374 4063 D.
387 4028 442 4079 pro
458 4012 551 4080 sepas.
568 4013 601 4064 L.
618 4015 662 4065 32.
681 4012 717 4063 D.
736 4011 768 4062 de
791 4007 876 4077 01119.
894 4018 920 4061 et
938 4019 989 4064 act.
1001 4011 1034 4064 L.
1045 4017 1090 4066 65.
1105 4014 1127 4080 §.
1142 4019 1166 4066 l.
1186 4015 1217 4066 de
1234 4015 1328 4083 Lapat.
1346 4019 1373 4070 2.
1392 4017 1476 4074 Heia.

285 4095 558 4164 yy)‘Addideramus
571 4097 600 4150 in
614 4095 751 4163 prioribus
764 4092 944 4149 editionibus:
962 4095 1149 4150 metanoeis
1156 4098 1310 4167 pupillaris,
1326 4102 1475 4156 ansonis

217 4178 286 4231 inter
303 4181 389 4232 virum
409 4190 436 4233 et
451 4199 562 4234 uxorem
576 4180 742 4250 prohibitam·
759 4180 808 4232 sed
823 4180 857 4232 de
868 4177 911 4232 his
925 4179 984 4246 jem
996 4181 1073 4234 aliter
1085 4183 1227 4240 sentimus.
1253 4185 1326 4238 Nam
1339 4185 1474 4240 substitu-

218 4260 257 4314 tio
273 4263 417 4330 pupillaris
434 4283 497 4320 vere
514 4272 556 4320 est
573 4283 608 4318 ex
621 4266 679 4317 XII
698 4263 807 4330 tabulis,
826 4265 897 4332 lego:
916 4267 1064 4340 Pateriem.
1081 4267 1121 4320 uti
1140 4267 1251 4336 legassit
1268 4275 1320 4322 oet.
1339 4270 1421 4338 (Vid.
1434 4277 1474 4324 ts·

218 4362 281 4399 men
292 4347 324 4400 L.
337 4353 362 4402 2.
381 4365 421 4415 pr.
433 4350 470 4403 D.
489 4352 520 4404 de
532 4351 601 4419 vulp.
617 4358 643 4401 et
656 4365 724 4417 pop.
741 4337 848 4416 sabab.
867 4349 1053 4406 Donationum
1073 4352 1232 4408 interritos
1250 4360 1277 4407 et
1294 4343 1398 4408 osores
1409 4372 1474 4423 pro·

218 4429 314 4483 bibitio
331 4448 366 4483 ex
386 4440 482 4488 namra
500 4436 529 4488 in
545 4449 655 4488 manum
673 4435 859 4488 conventionis
878 4435 946 4488 tluit.
966 4435 1047 4490 Heia.

288 4519 319 4585 a)
340 4517 405 4572 Vid.
422 4525 449 4572 et
467 4518 529 4586 Gaji
547 4519 609 4572 inst.
628 4521 649 4572 1.
668 4521 690 4587 §-
712 4525 768 4574 115.
790 4526 847 4574 118.
868 4517 954 4572 llsrllt.
