3062 5156
578 379 760 448 Anmrom
785 380 860 448 Lm.
886 380 913 446 l.
938 379 1025 448 Car.
1050 381 1076 448 1.

776 556 806 636 §-
825 555 876 618 19.

618 670 700 724 Verus
717 679 868 724 auctorest
887 671 1037 724 Caracalla.

284 775 391 838 Verus
416 792 497 856 ergo
521 771 667 834 famosae
683 772 772 835 illius
795 771 1037 834 constitutionis
1059 772 1240 860 auctorest
1260 768 1447 832 Antoninus

202 880 388 963 Caracalla,
405 880 462 964 qui
485 879 606 962 primus
631 880 756 960 edixit,
770 890 823 962 ut,
839 884 871 941 ἐπ
891 881 966 942 orbe
979 881 1122 942 Romano
1142 883 1200 960 qm·
1214 888 1336 952 essent,
1350 897 1448 940 armes

200 994 281 1051 cives
303 991 522 1071 efficeremur.-
543 988 582 1047 L.
596 986 646 1050 17.
666 990 708 1050 D.
724 989 764 1049 de
779 988 875 1088 Quia
894 990 972 1048 hom.
999 985 1215 1050 Occasionem
1239 984 1339 1050 datae
1359 983 1447 1065 hujus
1516 991 1517 1052 Ῑ

200 1096 286 1181 legis
302 1095 425 1158 docent
439 1096 597 1175 Excepta
611 1096 721 1158 Dionis
738 1096 769 1156 V
765 1099 908 1156 eteriano
917 1117 951 1176 p.
963 1094 1035 1156 745.
1050 1095 1074 1158 J
1075 1115 1125 1156 am
1142 1093 1271 1176 pridem
1286 1091 1448 1176 Augustus
1516 1107 1517 1132 ³

201 1203 387 1268 vicesimam
402 1201 625 1265 hereditatum
640 1205 669 1280 ⁰)
692 1200 888 1281 induxerat,
909 1200 1148 1284 locupletando
1164 1201 1292 1266 aerario
1308 1197 1448 1276 militari,

203 1311 292 1396 quod
315 1309 461 1394 vectigal
480 1331 523 1372 ex
538 1309 778 1372 hereditatibus
803 1309 1072 1392 dependebatur:
1089 1309 1131 1372 de
1156 1329 1221 1393 quo
1239 1308 1310 1391 jam
1326 1307 1448 1389 pridem

201 1418 388 1483 luculenter
406 1425 547 1501 egerunt
556 1415 710 1480 Valesius
727 1417 770 1479 ad
785 1416 877 1480 illum
893 1417 1013 1480 Dionis
1028 1417 1148 1498 locum,
1164 1415 1298 1479 Salmas.
1314 1417 1353 1476 de
1368 1415 1449 1476 modo
1516 1393 1517 1414 ³

202 1549 290 1590 usur.
306 1549 332 1588 e.
349 1525 399 1588 19.
421 1526 512 1588 Petr.
530 1524 733 1587 Burmannus
748 1527 788 1586 de
804 1528 945 1606 vectigal.
963 1528 1076 1606 populi
1085 1526 1224 1586 Romani
1233 1545 1259 1586 c.
1274 1522 1325 1583 11.
1341 1523 1448 1606 etjam
1516 1511 1517 1580 i

204 1641 281 1698 ante
296 1635 356 1697 hos
372 1635 443 1697 Jac.
460 1632 572 1716 Cujac.
592 1632 719 1694 observ.
739 1633 774 1693 V.
788 1632 838 1695 16.
853 1633 910 1694 XI.
925 1632 976 1694 24.
992 1632 1192 1696 Pendebant
1206 1630 1293 1694 istud
1309 1629 1448 1712 vectigal
1468 1616 1471 1624 ¹
1516 1609 1517 1618 ἵ

205 1764 249 1805 ex
268 1741 411 1824 Augusti
429 1740 581 1803 instituto
596 1738 738 1804 heredes
761 1741 924 1821 extranei,
940 1740 1084 1804 Romani
1099 1740 1199 1821 clvoS,
1215 1739 1272 1823 qui
1286 1737 1450 1800 heredita·

203 1859 271 1914 tem
294 1849 450 1929 adibant,
472 1848 536 1910 nisi
552 1847 606 1911 vel
625 1869 787 1931 pauperes
804 1857 912 1910 essent
929 1848 1148 1928 hereditates,
1166 1846 1222 1910 vel
1236 1845 1300 1930 ipsi
1315 1845 1450 1912 heredes
1516 1855 1517 1912 ξ

204 1955 414 2040 adgnationis
433 1957 510 2039 jure
541 1955 684 2038 exlege
706 1955 781 2018 XII
810 1954 995 2018 tabularum
1019 1955 1222 2018 hereditates
1245 1955 1449 2018 sortirentur:
1516 1939 1517 1978 ³

191 2066 273 2154 ,Dio
297 2064 384 2127 Cass.
400 2063 470 2124 LV.
488 2062 540 2124 25.
572 2063 698 2127 Postea
716 2051 862 2126 mitiores
891 2063 1063 2146 Principes
1090 2054 1284 2147 quibusdam
1307 2063 1450 2145 cognatis

204 2173 382 2237 vicesimae
407 2171 615 2234 vacationem
649 2168 787 2234 subinde
814 2170 993 2234 dederunt:
1016 2171 1106 2234 Plin.
1127 2172 1251 2252 Paneg.
1273 2193 1300 2232 o.
1313 2169 1367 2233 37
1409 2169 1450 2232 At
1516 2151 1517 2162 ἵ

207 2278 395 2360 Caracalla,
412 2300 511 2364 quum
532 2278 764 2361 largitionibus
786 2278 955 2362 stupendis
975 2278 1163 2342 eluvionem
1186 2278 1265 2340 fisco
1280 2275 1450 2354 intulisset,

206 2387 374 2472 duplicato
399 2385 461 2450 illo
481 2407 602 2468 onere,
627 2386 788 2449 decimam
810 2385 888 2448 loco
910 2386 1088 2450 vicesimae
1111 2386 1258 2467 induxit,
1284 2385 1375 2468 cujus
1398 2383 1452 2445 de-

206 2497 311 2558 cimae
327 2503 460 2579 practer
474 2495 644 2577 Excerpta
655 2494 775 2557 Dionis
792 2495 940 2559 meminit
955 2494 1055 2578 etiam
1066 2494 1230 2577 Ulpianus
1245 2493 1334 2576 opud
1343 2494 1452 2554 Aucto

206 2603 400 2666 rescellas.
425 2603 499 2684 Lag.
520 2602 603 2664 Mos.
623 2610 653 2664 et
668 2603 762 2664 Rom.
781 2605 826 2664 tit.
841 2603 961 2687 16.fin.
995 2603 1044 2687 Ut
1066 2623 1147 2687 ergo
1168 2599 1314 2683 vectigal
1334 2597 1453 2662 istuda

208 2709 456 2795 quamplurimis
476 2709 733 2793 dependeretur,
753 2706 923 2793 omnibus,
946 2711 1003 2794 qui
1023 2709 1058 2773 in
1081 2711 1163 2772 orbe
1178 2709 1333 2772 Romano
1354 2711 1452 2782 erant,

166 2876 169 2881 f
208 2803 374 2882 civitatem
393 2817 503 2898 dedit,
522 2817 603 2900 λόγῳ
619 2818 673 2900 μὲν
692 2824 794 2901 τιμῶν,
809 2823 883 2903 ἔργῳ
903 2819 951 2895 δέ,
971 2814 1052 2894 ὅπως
1069 2823 1163 2882 πλείω
1181 2815 1334 2899 αὐτῷκαὶ
1353 2818 1387 2880 ἐκ
1405 2815 1453 2876 τοῦ

206 2923 351 2991 τοιούτου
368 2929 475 3013 προσῇ,
494 2922 545 2989 διὰ
562 2923 599 2990 τό
619 2922 693 3000 τοὺς
709 2930 812 3002 ξένους
831 2926 868 2991 τὰ
885 2923 987 2990 πολλὰ
1007 2926 1107 2990 αὐτῶν.
1118 2922 1159 3009 μή
1179 2923 1343 3000 συντελεῖν,
1360 2924 1454 3003 opeda

208 3035 331 3115 quidem
350 3034 493 3094 honorem
515 3037 559 3094 eis
581 3033 737 3114 trr'duons,
759 3035 815 3095 sed
838 3055 875 3096 re
896 3055 989 3106 aero,
1010 3042 1047 3094 ut
1060 3035 1288 3115 fiscum'srmm
1309 3037 1454 3112 augeret:

84 3157 90 3168 ·
208 3144 442 3222 qurppe'quum
462 3145 629 3224 peregrr‘m'
645 3144 798 3222 pleraque
821 3143 932 3203 horum
962 3143 1158 3222 vectigalium
1184 3161 1246 3200 oon
1267 3137 1454 3219 penderent:

123 3273 134 3282 ²
208 3255 245 3311 ut
265 3248 312 3310 ait
332 3247 400 3310 Dio
422 3247 457 3309 in
480 3249 642 3328 Excerptt.
667 3249 768 3310 Voles.
788 3271 823 3339 p.
840 3247 912 3308 745.
945 3235 1101 3311 Ceterum
1126 3246 1273 3331 quamvis
1294 3261 1454 3306 successor

210 3355 418 3437 caracallae,
440 3355 618 3435 Macrinus,
634 3354 795 3417 decimam
815 3355 923 3437 illam,
945 3355 1070 3418 civibus
1091 3364 1156 3418 tam
1176 3353 1364 3433 molestam,
1380 3353 1453 3414 abo-

209 3463 311 3525 leret:
329 3462 384 3546 jus
408 3469 516 3524 tamen
540 3462 682 3525 civitatis
705 3463 778 3525 orbi
800 3463 956 3527 Romano
982 3462 1085 3526 semel
1111 3463 1222 3525 datum
1242 3483 1309 3524 non
1326 3459 1453 3538 ademit,
1483 3473 1486 3480 ’

210 3570 298 3632 unde
319 3570 438 3635 sensim
455 3570 605 3633 exolevit
620 3569 660 3632 in
681 3573 763 3634 orbe
785 3571 938 3634 Romano
965 3571 1134 3655 antiquum
1156 3568 1240 3632 illud
1262 3570 1352 3634 inter
1374 3568 1454 3630 cives

210 3687 246 3742 et
263 3677 457 3761 peregrinos
476 3677 661 3740 discrimen.
754 3715 757 3719 ·

787 3832 815 3911 ς.
836 3830 887 3892 20.

380 3943 535 3998 Chastitutio
553 3962 584 3996 ea
603 3947 639 3997 od
654 3947 787 4014 inpensas,
806 3963 858 3998 oon
876 3947 937 3996 item
952 3946 989 3997 ad
1005 3942 1139 4018 lidertrhos
1153 3943 1293 4011 peruasit.

293 4055 382 4119 Illud
400 4054 506 4118 adhuc
520 4056 730 4137 monendum,
744 4057 785 4119 ad
802 4036 890 4117 solos
906 4055 1067 4138 ingenuos
1085 4052 1283 4136 pertinuisse
1300 4046 1455 4114 Antonini

214 4161 406 4226 Caracallae
428 4163 712 4246 constitutionem,
731 4185 798 4226 non
818 4163 860 4225 ad
882 4146 1060 4225 libertinae
1084 4158 1283 4223 conditionis
1298 4159 1455 4220 homines:

212 4269 291 4332 Noa.
315 4270 502 4332 LXXVIII.
527 4273 557 4331 5.
589 4269 687 4333 Unde
716 4253 814 4333 etiam
842 4278 918 4354 post
945 4291 1018 4332 eam
1042 4268 1312 4336 constitutionem
1340 4264 1454 4328 salvum
1516 4353 1517 4358 γ

283 4468 316 4532 o)
335 4468 378 4518 De
395 4466 524 4519 vicesima
541 4464 720 4519 hereditatum
738 4464 862 4533 inprimis
879 4467 1061 4520 conferendus
1080 4463 1246 4531 Wielingius
1263 4465 1380 4518 Lectica
1390 4459 1456 4532 juris

214 4552 304 4605 civilis
321 4553 358 4612 11.
373 4557 416 4606 32.
435 4550 523 4604 Haud.
