3056 5168
466 413 523 486 na
547 413 710 484 Punmms
734 410 896 482 Jnnrcrri.
1230 413 1309 488 745
1401 397 1403 400 ⁵

45 593 187 675 possets
201 606 266 652 aaa
290 592 560 666 ortabanturcscd
579 595 612 654 r'n
634 587 745 673 quotus
763 589 974 672 quaerebatur
995 588 1036 650 de
1056 587 1249 665 embertus,
1268 592 1312 654 ds.

50 699 165 782 quitus
182 705 240 760 aut
254 698 365 761 ousae
384 699 469 779 lagos
486 709 587 771 neat,
607 701 675 772 cat,
692 702 724 760 si
741 701 826 780 leges
838 705 958 769 sumt,
980 695 1204 779 pascuorum
1224 707 1309 762 atro-

49 809 122 868 oa'as
141 805 320 878 duceretur,
338 815 431 886 qaam
450 807 671 868 armandum
693 807 779 887 tages
794 801 999 892 judtqaretur
1016 806 1210 884 mendam
1232 825 1309 868 essa.

50 915 91 974 Ia
112 913 240 993 judiciis
257 912 388 991 publicas
409 913 622 975 cartreiaatur
638 918 721 974 inter
742 933 776 974 sc
791 913 973 982 Praetores,
993 929 1086 990 quam
1104 914 1237 993 quicqua
1253 914 1308 975 da·

49 1020 309 1082 serueueram
337 1022 562 1100 quaestuosus,
591 1019 631 1080 ds
655 1022 701 1091 oi,
726 1019 765 1080 ds
797 1019 973 1080 adulterio:
994 1021 1028 1080 ia
1051 1021 1326 1084 emarcescente·

49 1127 349 1208 cognoscebant-aus
367 1125 526 1200 Consules,
544 1135 602 1188 aut
619 1135 703 1188 totsss
718 1125 867 1199 matus,
880 1135 937 1187 aut
955 1125 1118 1207 Pnicaspe,
1133 1135 1193 1190 aut
1204 1129 1308 1190 Pras*

39 1235 156 1312 sactus
172 1232 249 1292 Urbs·
257 1235 343 1294 sistra
360 1232 394 1294 0.
406 1233 550 1314 Iapu‘elcm,
572 1241 629 1294 aut
638 1233 748 1311 Prass.
764 1234 875 1296 Pract.
890 1234 976 1294 utrm
991 1233 1024 1294 0.
1038 1235 1184 1314 lapidem,
1202 1243 1261 1297 aret
1276 1240 1308 1298 cic

44 1341 220 1423 praeelectas
233 1340 432 1418 Imperatoris
450 1339 565 1422 Legati
576 1341 661 1422 Aug.
675 1361 737 1422 pro
746 1335 859 1410 Prast.
876 1344 909 1402 in
918 1343 1030 1422 popula·
1045 1361 1116 1403 ocra
1130 1341 1308 1403 Proconsu-

49 1450 107 1510 les.
129 1447 183 1510 Ex
200 1445 317 1528 quibus
338 1453 441 1529 patet,
461 1447 488 1509 I.
504 1446 635 1530 publiea
650 1447 779 1530 judicia
799 1447 948 1511 instituta
965 1467 1037 1512 esee
1051 1447 1094 1510 de
1107 1447 1308 1527 criminibus,

51 1554 96 1626 dc
118 1554 237 1637 quibus
258 1552 351 1635 leges
366 1552 455 1616 latae
472 1562 584 1635 erant,
602 1561 637 1618 et
650 1554 743 1618 linita
759 1553 825 1618 illis
848 1555 979 1638 legibus
994 1576 1114 1640 poena,
1130 1554 1307 1618 secundum

53 1681 137 1746 quas
158 1659 253 1742 leges
268 1659 429 1744 postulari
444 1668 557 1746 posset
572 1684 591 1726 a
606 1681 814 1747 quocumque
830 1663 921 1744 cive,
938 1662 993 1746 qui
1017 1662 1142 1746 publici
1164 1662 1307 1726 criminis

51 1768 198 1852 aliquem
222 1765 328 1831 v'ellet
340 1765 507 1851 adcusare,
530 1769 593 1835 nisi
608 1778 729 1852 esseut,
746 1771 864 1855 q'uibus
879 1769 956 1854 jure
972 1769 1007 1834 id
1028 1769 1117 1834 haud
1131 1770 1250 1834 liceret
1265 1773 1307 1850 ⁰).

51 1877 100 1940 At
115 1873 380 1970 extraorrlinaria
396 1876 526 1960 judicia
540 1897 583 1940 ex
604 1876 735 1962 legibus
757 1875 898 1961 publicis
916 1898 983 1941 non
1001 1887 1075 1941 orta
1090 1886 1179 1962 sunt,
1195 1878 1229 1940 in
1249 1877 1308 1940 iis·
1354 1935 1359 1944 ,

54 2005 118 2068 que
135 1982 316 2070 quaesitum
333 1981 375 2045 de
393 1983 593 2067 criminibus,
608 1985 650 2049 de
667 1985 785 2070 quibus
802 1993 858 2050 aut
875 1983 988 2049 nullae
1004 1985 1180 2050 exstabant
1201 1984 1306 2070 leges,

58 2099 115 2154 aut
139 2110 247 2172 poena
269 2090 362 2156 nulla
384 2091 492 2156 fuerat
514 2092 616 2156 finita.
636 2092 680 2156 II.
704 2093 737 2156 in
757 2092 892 2177 judiciis
914 2092 1055 2176 publicis
1078 2093 1211 2158 sortitos
1234 2113 1306 2159 esse

53 2198 144 2262 inter
164 2191 198 2276 se
218 2197 413 2279 Praetores,
439 2219 536 2284 quam
560 2199 698 2284 quisque
723 2199 862 2263 deberet
886 2219 1043 2263 exercere
1067 2199 1306 2284 quaestionem,

52 2303 158 2369 veluti
173 2303 215 2367 de
237 2305 280 2379 vi,
296 2304 337 2368 de
354 2305 530 2388 adulterio,
545 2306 589 2388 de,
606 2307 794 2392 majestate:
815 2305 853 2369 L.
868 2306 897 2368 2.
911 2307 940 2386 ὃ.
955 2305 1006 2370 32.
1023 2308 1063 2367 D.
1082 2308 1121 2368 dc
1140 2307 1227 2388 urrg.
1237 2307 1305 2386 jar.

51 2413 91 2476 In
116 2411 386 2476 extraordinariis
409 2434 489 2476 vero
514 2415 708 2498 cognovisse
728 2423 784 2478 aut
800 2411 978 2493 Consules,
1001 2421 1057 2476 aut
1079 2421 1184 2476 totum
1201 2411 1305 2474 Sena-

50 2528 131 2595 tum,
145 2527 202 2584 aut
213 2520 413 2604 Principem,
430 2530 485 2584 aut
496 2521 707 2584 Praefectum
723 2522 796 2586 urbi
812 2521 897 2584 intra
915 2520 1125 2583 centesimum
1147 2496 1304 2602 lapirlem,

51 2628 164 2692 autin
187 2627 366 2710 provinciis
394 2629 610 2714 Imperatoris
637 2629 783 2716 Legatos
808 2627 952 2714 Augusti
980 2649 1040 2712 pro
1064 2627 1244 2708 Praetore,
1269 2627 1334 2692 in.

49 2733 168 2820 populi
195 2754 273 2797 vero
306 2735 526 2799 Proconsules
542 2736 586 2818 l).
618 2735 725 2800 Addit
750 2736 912 2800 Graevius
941 2736 1037 2800 aliam
1073 2734 1303 2814 differentiam,

49 2843 136 2926 quod
150 2845 183 2903 in
197 2843 325 2924 judiacis
338 2845 468 2924 publicis
484 2845 606 2923 quilibet
621 2866 660 2905 cr
677 2845 793 2925 populo
808 2844 965 2905 adcusare
976 2845 1133 2925 pomerii,-
1150 2848 1183 2904 ta
1198 2851 1305 2904 catra-

48 2950 220 3012 ordinarc'is
239 2936 311 3010 uero
332 2953 519 3022 ausaritis,
538 2953 629 3030 cajus
658 2951 852 3026 interfuerit,
882 2969 978 3033 quam
1001 2949 1081 3012 licet
1105 2949 1304 3032 argumentis

48 3054 140 3118 haud
156 3055 366 3138 poenitendis
382 3057 416 3116 in
432 3055 566 3119 dubium
584 3056 708 3119 vocarit
730 3055 869 3118 Illustris
885 3055 1080 3132 Thomasius
1096 3057 1166 3117 allici.
1184 3065 1217 3119 et
1226 3056 1303 3139 jure

50 3161 206 3248 quidem,
222 3163 247 3225 si
269 3163 352 3226 haec
368 3163 518 3227 definitio
542 3162 583 3227 ad
607 3165 716 3228 omnia
738 3163 874 3227 crimina
896 3159 1157 3226 extraordinaria
1177 3164 1304 3226 refera-

49 3279 122 3334 tur:
144 3269 178 3332 id
203 3270 279 3332 satis
300 3278 409 3335 tamen
437 3280 561 3334 certum
587 3271 719 3334 videtur
741 3271 783 3334 de
805 3269 982 3354 plerisque.
1005 3269 1091 3332 Sane
1114 3270 1149 3333 id
1175 3277 1303 3332 constat

50 3377 244 3442 deuotione
267 3379 408 3462 sepulcri
431 3378 563 3443 violati:
586 3377 857 3461 u.1.§.9.1..6.
875 3378 915 3437 Ι).
932 3377 971 3438 ele
991 3373 1133 3458 Sapolos.
1151 3379 1216 3438 ciat.
1244 3397 1304 3438 ex-

48 3485 178 3572 pilatae
196 3484 404 3548 hereditatis:
417 3492 450 3548 L.
466 3489 497 3548 4.
512 3489 553 3549 I).
570 3489 671 3568 Ecpc‘t.
690 3488 755 3548 her.
778 3483 866 3563 Quin
885 3487 927 3548 ob
942 3483 1026 3547 hanc
1040 3484 1142 3569 ipsum
1159 3503 1302 3554 caussam

48 3595 136 3656 haec
153 3590 274 3656 delicta
291 3599 420 3676 precato
440 3594 663 3678 adpellantur:
682 3595 719 3654 L.
735 3593 763 3655 l.
780 3595 808 3676 §.
820 3596 875 3656 ult.
888 3594 929 3653 D.
947 3595 985 3654 de
1002 3594 1097 3654 Poen.
1115 3593 1150 3654 L.
1165 3591 1195 3654 2.
1210 3600 1243 3656 et
1258 3611 1302 3674 sq.

47 3705 94 3764 D.
119 3703 158 3762 de
179 3701 323 3786 Concuss.
343 3701 378 3762 L.
403 3699 432 3760 3.
448 3703 487 3765 Ι).
507 3705 546 3764 dc
563 3704 780 3765 Praevaricat.
800 3701 838 3761 J..
863 3700 891 3762 1.
911 3703 951 3762 D.
973 3701 1011 3762 de
1032 3703 1201 3762 Stelliorsat.
1226 3699 1303 3783 quia

47 3829 121 3873 non
138 3808 286 3870 omnibus
301 3799 490 3891 ¹promiscue
507 3809 684 3873 adcusandi
700 3807 756 3894 jus
773 3816 852 3871 erat.
874 3805 1036 3892 Alioquin
1053 3808 1139 3870 enim
1156 3815 1190 3870 et
1205 3805 1300 3892 plura
1421 3781 1432 3800 Ι

50 3937 351 3952 m

123 3997 153 4064 c)
174 3997 300 4064 Explicat
318 3997 346 4053 id
365 3999 461 4054 Macer
479 4001 511 4053 L.
531 4007 553 4056 1.
572 4004 607 4055 D.
626 4004 657 4054 dc
676 4000 757 4056 Poll.
766 4000 854 4070 judic.
873 3998 919 4052 Sic
934 3999 1042 4066 publica
1051 3995 1157 4065 judicia
1175 3995 1299 4050 orieban-

48 4089 96 4135 tur
116 4098 151 4134 ex
169 4085 228 4148 lege
244 4083 320 4136 lulla
337 4085 372 4136 dc
389 4083 544 4152 adulteriis,
562 4085 728 4154 majestatis,
752 4085 786 4138 de
803 4085 830 4138 vi
848 4084 957 4150 publica
974 4089 1001 4136 et
1019 4081 1132 4149 privata,
1151 4083 1299 4147 peculatus,

47 4166 172 4219 ambitus
191 4171 240 4218 etc.
269 4169 349 4221 Heln.

123 4249 156 4316 a)
177 4251 339 4304 onerant
356 4251 408 4302 noe
425 4250 484 4318 ipse
502 4253 562 4306 car.
584 4253 712 4318 Sigonius
731 4237 992 4308 tessaracota.
1008 4270 1038 4319 ρ.
1057 4253 1117 4304 eso.
1141 4249 1184 4299 et
1202 4247 1230 4299 in
1249 4248 1300 4298 noc

46 4336 199 4404 praecipua
211 4337 489 4390 extraordinariorum
497 4345 523 4392 ct
538 4338 703 4408 publicorum
715 4337 881 4404 judiciorum
896 4339 948 4391 sita
962 4338 1046 4390 fuisse
1056 4335 1163 4388 videtur
1175 4333 1298 4384 differen-

47 4423 96 4474 tia.
118 4419 203 4482 Quin.
219 4419 281 4472 ideo
306 4421 377 4473 dicta
403 4423 469 4474 llaec
489 4423 594 4488 judicia
610 4422 736 4476 videntur
754 4436 1009 4482 nxrnsoamusnrs,
1036 4419 1101 4486 quia
1117 4424 1181 4470 tuuc
1198 4434 1251 4469 uon
1269 4417 1297 4480 ii,

46 4520 136 4572 penes
156 4518 226 4571 quos
244 4504 387 4558 criminum
411 4508 585 4574 quaestiones
604 4507 757 4564 ordinariae
779 4514 871 4571 erunt,
894 4507 943 4560 sad
967 4505 1014 4558 alii
1038 4501 1191 4570 superiores
1214 4500 1298 4566 mugi-
1321 4528 1323 4532 ·

47 4595 156 4645 stratus
174 4593 252 4642 extra
270 4590 394 4647 ordinem
409 4591 578 4659 judicabant.
610 4594 689 4648 Heio.
1341 4585 1343 4593 ¹
