3040 5164
227 385 300 450 tlo
669 377 743 445 Lm.
768 377 812 445 ll.
838 377 917 446 Tm.
943 376 1036 445 Vlll.

226 557 297 618 nr.
317 556 378 617 ar.
402 553 440 615 r.
462 553 513 615 12.
535 575 588 635 pr.
607 554 645 615 1..
670 553 721 616 so.
742 554 772 634 §-
791 553 822 616 a
847 554 889 616 n.
910 553 950 614 a
971 522 1150 616 mafora
1174 551 1212 612 a.
1238 553 1268 612 n
1291 553 1334 616 o.
1351 553 1391 612 a.
1417 555 1466 613 n·-

226 671 304 725 oort.
326 663 363 723 L.
382 660 434 723 48.
452 661 489 722 L.
503 659 554 722 59.
569 662 611 722 D.
626 661 725 724 Solem
745 672 839 723 matr.
858 659 897 722 L.
912 682 966 722 un.
983 662 1012 742 ς.
1028 660 1058 722 6.
1076 661 1109 722 C.
1123 661 1164 722 de
1176 661 1240 722 Res
1248 679 1304 723 ur.
1320 668 1378 720 act.
1399 659 1466 722 satis

228 775 364 832 constat.

812 921 840 1001 §-
861 917 891 980 9.

466 1035 598 1090 Alienatio
608 1036 697 1103 fundi
713 1035 808 1087 dotalis
826 1035 917 1087 Italici
934 1036 989 1104 Iope
1007 1036 1083 1088 Jalta
1096 1033 1240 1104 prohibito.

311 1152 420 1231 Quum
437 1175 517 1216 vero
539 1151 804 1238 frequentissima
820 1160 929 1215 essent
945 1153 1032 1236 apud
1047 1152 1216 1218 Romanos
1237 1150 1399 1232 divortia,
1419 1153 1465 1215 ad-
1510 1215 1511 1218 ,

229 1281 337 1347 eoque
353 1260 534 1325 verendum
549 1260 729 1340 videretur,
745 1279 807 1340 ne,
823 1258 980 1342 dissipata
999 1259 1096 1338 dote,
1110 1280 1230 1322 uxores
1252 1258 1353 1323 domo
1370 1269 1465 1322 extru-

130 1395 133 1400 ·
229 1368 404 1433 derenturz
426 1389 492 1430 non
516 1366 614 1430 modo
636 1367 831 1452 repudiatae
854 1388 1061 1448 concessum,
1077 1376 1113 1430 ut
1137 1367 1249 1430 dotem
1277 1367 1408 1430 actione
1427 1369 1464 1428 rei

229 1476 367 1539 uxoriae
389 1483 574 1558 repeteret,
597 1497 694 1559 quam
717 1475 751 1536 iu
768 1475 932 1538 actionem
956 1495 999 1536 ex
1022 1474 1179 1558 stipulatu
1195 1474 1364 1536 convertit
1379 1475 1464 1537 Justi-
1511 1463 1512 1490 ¹

229 1584 361 1646 nianus:
378 1582 416 1643 L.
432 1604 485 1645 un.
501 1584 530 1663 ἕ.
546 1582 597 1643 14.
613 1584 645 1643 G.
661 1583 701 1644 do
714 1582 777 1643 Rea·
788 1601 878 1644 naor.
893 1591 953 1644 oct.
971 1587 1115 1644 inexact.
1133 1584 1237 1666 ate'pal.
1252 1603 1368 1644 verum
1383 1581 1462 1643 etiam
1511 1569 1512 1572 ¹

230 1699 358 1754 cautum
375 1697 423 1752 est
445 1689 503 1750 sub
519 1688 662 1772 Augusti
683 1687 834 1771 imperio,
856 1709 899 1750 ue
915 1689 1048 1752 maritus
1066 1688 1201 1750 fundum
1216 1687 1371 1752 Italicum
1387 1689 1463 1752 dota-

229 1798 296 1860 lem
312 1798 416 1859 'uxore
436 1794 491 1859 vel
512 1795 615 1859 iuvita
633 1794 814 1877 alienaret,
829 1795 886 1858 vel
901 1797 1130 1860 consentiente
1151 1794 1330 1879 obligaret.
1351 1799 1400 1860 Ex
1412 1817 1465 1878 qua

230 1906 309 1990 lege
330 1903 418 1968 istud
433 1903 488 1986 jus
504 1903 659 1985 manarit,
683 1893 816 1966 dubium
835 1902 936 1966 visum
957 1911 1007 1965 est
1024 1904 1102 1966 viris
1126 1905 1241 1967 doctis.
1263 1905 1349 1987 Legi
1367 1903 1463 1966 Juliae

231 2022 266 2075 et
283 2012 408 2094 Papiae
423 2009 506 2072 illud
523 2010 637 2072 tribuit
653 2010 724 2072 dac.
740 2008 968 2073 Gothofredus
984 2011 1028 2071 od
1040 2010 1078 2072 L.
1097 2011 1159 2073 Jut.
1178 2021 1208 2072 et
1226 2015 1310 2094 Pap.
1327 2034 1352 2074 c.
1366 2009 1415 2072 20.
1428 2032 1465 2090 sp.

232 2119 290 2184 sed
313 2115 513 2203 argumentis
533 2115 708 2180 admodum
730 2117 881 2200 incertis,
907 2125 941 2181 et
964 2138 1049 2202 quae
1072 2117 1143 2201 ipse
1167 2127 1287 2202 postea
1311 2118 1465 2198 deseritp.
1513 2146 1514 2172 t

231 2225 302 2290 335.
323 2224 433 2308 Magis
449 2224 624 2308 probabile
643 2233 703 2305 est,
720 2245 790 2288 csse
802 2225 873 2287 'hoc
894 2235 993 2309 caput
1008 2225 1093 2308 legis
1110 2225 1222 2288 Juliae
1239 2226 1282 2289 de
1300 2226 1465 2306 adulteriis,

234 2335 285 2397 cui
299 2334 397 2397 etiam
416 2331 499 2395 illud
517 2331 631 2395 inserit
642 2333 740 2395 Barn.
757 2333 902 2397 Brisson.
919 2335 963 2394 od
973 2334 1010 2394 L.
1026 2335 1088 2395 «Ῑαὶ.
1107 2335 1146 2395 de
1161 2335 1258 2396 adult.
1275 2355 1301 2395 c.
1312 2335 1366 2397 39.
1374 2333 1465 2417 plat.
1513 2311 1514 2342 ³

233 2443 318 2506 Nam
340 2441 417 2505 huic
435 2440 505 2525 legi
520 2438 608 2503 istud
630 2447 728 2523 caput
746 2440 869 2504 diserte
891 2442 1006 2504 tribuit
1026 2439 1151 2503 Paulus
1169 2443 1310 2523 Recepit.
1332 2443 1466 2504 Senteatt.

234 2552 276 2612 ΙΙ.
291 2550 342 2612 21.
368 2547 480 2634 [Add.
505 2548 559 2610 Jo.
580 2546 669 2610 Guil.
688 2549 881 2613 Hoffmanni
902 2549 1014 2610 Comm.
1037 2551 1082 2610 ad
1100 2550 1137 2610 L.
1156 2551 1271 2612 Juliom
1292 2551 1332 2612 de
1352 2553 1465 2612 adulto.
1514 2576 1515 2640 p

234 2679 259 2720 c.
275 2655 305 2718 8.
318 2657 346 2737 §.
361 2655 391 2718 7.
400 2677 434 2736 p.
449 2653 519 2716 163.
535 2653 596 2740 ap]
611 2660 656 2735 ε).
680 2656 724 2719 Et
740 2664 837 2739 caput
856 2655 941 2738 legis
957 2655 1070 2719 Juliae
1092 2656 1134 2718 de
1151 2655 1229 2719 dote
1245 2656 1359 2720 soluto
1371 2655 1463 2720 matri·
1514 2669 1515 2680 ³

235 2764 346 2826 monio
369 2762 553 2846 repetenda
571 2762 671 2847 plane
691 2763 798 2843 aliud,
825 2770 859 2825 et
877 2762 999 2825 abhoc
1019 2762 1270 2826 diversissimum
1288 2764 1407 2845 fuisse,
1422 2764 1466 2825 de-

146 2913 149 2926 »
236 2871 483 2934 monstravimus
499 2870 533 2933 iu
553 2872 666 2932 Comm.
685 2872 728 2932 od
746 2871 783 2931 L.
801 2871 863 2932 Jul.
881 2880 914 2933 et
929 2876 1011 2953 Pop.
1031 2873 1129 2954 Popp.
1147 2870 1254 2933 IL19.
1268 2894 1303 2954 p.
1320 2872 1395 2935 327.
1418 2871 1466 2933 Cur

236 3001 316 3044 vero
333 2978 374 3042 ad
390 2977 460 3060 sola
475 2979 611 3061 praedia
625 2978 743 3041 Italica
758 2978 840 3040 haec
861 2977 918 3042 lex
933 2980 1147 3063 pertinuerit,
1162 2980 1262 3043 facile
1277 2989 1383 3064 patet.
1406 2979 1465 3042 Sola

237 3085 373 3172 praedia
393 3084 510 3149 ltalica
533 3095 688 3169 poterant
709 3087 860 3171 usucapi,
879 3107 945 3150 non
969 3089 1049 3150 item
1073 3087 1310 3170 provincialia,
1333 3097 1371 3151 ut
1391 3107 1466 3170 supra

238 3201 412 3258 ostensum.
434 3192 524 3256 Hinc
538 3215 605 3257 non
620 3213 754 3256 necesse
771 3202 858 3275 erat,
876 3201 911 3257 ut
926 3193 998 3256 viro
1008 3193 1218 3261 alienatione
1243 3195 1375 3280 praedii
1390 3195 1466 3258 dota-

237 3302 277 3367 lis
293 3301 503 3388 provincialis
522 3301 784 3378 interdiceretur,
801 3325 898 3387 quum
920 3302 984 3363 hoc
1000 3303 1041 3365 ab
1057 3323 1178 3384 uxore,
1194 3303 1305 3366 soluto
1322 3305 1464 3366 matrimo-

239 3412 308 3492 nio,
324 3409 421 3472 facile
438 3416 550 3492 posset
564 3410 735 3491 vindicari,
750 3409 908 3494 nullaque
925 3410 957 3472 ei
973 3411 1098 3493 opponi
1110 3420 1221 3494 posset
1239 3412 1395 3495 exceptio
1406 3429 1468 3471 usu-

240 3517 388 3600 capionis
406 3517 451 3596 ¹¹).
485 3517 537 3578 Ex
565 3537 630 3600 quo
659 3539 744 3608 vero¹
765 3517 968 3581 Justiuiauus
990 3519 1198 3602 usucapionis
1226 3520 1282 3602 jus
1314 3520 1410 3583 etiam
1437 3513 1467 3578 ad

240 3624 376 3711 praedia
393 3622 610 3709 provincialia
627 3626 780 3710 protulit:
792 3647 858 3687 non
874 3625 984 3709 potuit
1000 3647 1066 3689 non
1085 3625 1182 3688 etiam
1198 3627 1409 3710 praediorum
1423 3623 1468 3686 do·

240 3732 354 3798 talium
370 3731 404 3795 in
424 3731 601 3815 provinciis
620 3735 754 3797 sitorum
773 3733 1007 3797 alienationem
1026 3733 1191 3796 inhibere:
1212 3734 1250 3795 L.
1269 3729 1469 3816 on.§.15.0.

241 3841 279 3904 de
299 3841 361 3902 Iter·
376 3861 435 3901 uc.
449 3849 508 3902 oct.
532 3862 596 3923 qua
619 3844 717 3906 etiam
739 3843 889 3906 maritum
913 3842 1048 3905 fundum
1071 3842 1233 3923 dotalem,
1259 3843 1470 3905 consentiente

240 3967 360 4028 uxore,
378 3946 523 4010 alienare
541 3949 657 4013 vetuit.

241 4108 540 4120 Ἦ

310 4199 343 4266 g)
363 4198 434 4250 lod.
460 4199 552 4264 Stepb.
577 4200 669 4253 buzae
687 4202 756 4254 Diae.
777 4200 900 4254 calibem
924 4199 989 4252 obss.
1011 4201 1152 4255 nonnullas
1175 4203 1212 4254 ad
1228 4205 1310 4271 tapam
1329 4203 1427 4256 lulium
1450 4197 1472 4246 dt

233 4284 325 4351 fondo
343 4283 431 4339 dotali.
452 4285 482 4336 1..
502 4285 535 4336 Β.
557 4291 630 4340 1781.
647 4293 672 4340 4.
689 4287 779 4340 Haud.

312 4369 344 4435 b)
364 4369 508 4422 Caeterum
524 4368 579 4421 vid.
600 4371 662 4439 GaJ'i
674 4375 733 4424 tart.
745 4373 781 4423 ΙΙ.
793 4373 813 4439 t.
824 4375 867 4424 6³.
880 4401 913 4410 —
923 4370 1021 4438 „quod
1039 4367 1148 4438 quidem
1163 4371 1220 4437 jus,
1238 4375 1329 4422 utrum
1348 4372 1382 4423 ad
1394 4367 1473 4421 Italica

243 4457 348 4504 tantum
366 4452 489 4518 praedia,
508 4470 543 4505 an
561 4456 641 4508 etlam
659 4458 694 4508 ad
711 4455 886 4522 provincialia
907 4455 1050 4521 pertineat,
1076 4453 1237 4508 dubitatur?
1248 4485 1283 4495 -
1301 4456 1344 4509 Cf.
1361 4463 1387 4508 et
1403 4455 1473 4516 Hur⁰

246 4537 282 4590 R.
303 4539 336 4589 G.
355 4537 407 4590 ΧΙ.
423 4554 449 4604 p.
467 4542 510 4592 66.
529 4539 615 4592 Miilsl.
1370 4549 1373 4558 ’
