3130 5148
100 343 107 356 “
212 345 258 411 10
404 391 413 404 .
665 359 1009 407 recasurum

211 513 473 599 quamplurima,
496 511 616 576 Edicta
630 521 790 598 perpetua
811 521 846 576 et
869 514 1107 599 Imperatorum
1129 514 1298 598 rescripta,
1320 513 1417 597 adeo,
1430 523 1472 578 ut

210 625 244 687 in
258 643 413 706 magnum
430 623 566 683 auarum
579 643 675 702 super
693 625 773 684 ultae
790 625 1023 685 cumulaturum
1039 625 1144 705 legum
1164 625 1322 685 cumulum
1336 616 1472 686 excres-

181 766 183 770 ·
211 737 302 794 ceret
312 729 463 794 Romana
470 727 740 811 jurisprudentia
757 727 830 791 Liv.
844 731 909 790 111.
919 728 971 793 34.
988 727 1113 814 [Status
1126 726 1330 812 reipublicae
1341 730 1472 794 Roma-

210 859 274 902 nac
286 844 361 922 post
372 835 496 898 bellum
505 835 664 898 Punicum
672 835 735 898 III.
747 835 1005 918 corruptissimus
1017 835 1096 899 fuit:
1107 835 1232 920 Vellej.
1243 836 1373 900 Paterc.
1381 840 1425 902 II.
1438 837 1470 898 1.

210 946 302 1011 Fieri
318 953 426 1008 autem
439 963 506 1024 non
520 950 641 1026 potest,
659 943 738 1027 quin
755 944 1036 1026 perturbatissimo
1047 943 1251 1028 reipublicae
1262 945 1470 1028 statuplures

209 1055 303 1138 leges
318 1051 480 1115 feranturr
495 1049 769 1134 quemadmodum
782 1051 817 1113 id
831 1051 987 1114 indicium
1003 1049 1154 1116 adfectae
1167 1047 1471 1116 'valetudinislucu-

110 1154 112 1158 ’
210 1159 423 1226 lentissimum
438 1165 497 1241 est,
510 1160 541 1224 si
552 1157 699 1242 plurimis
707 1159 888 1242 pharmacis
896 1166 1028 1222 utantur
1038 1159 1196 1222 homines.
1206 1161 1344 1224 Isocrat.
1355 1163 1470 1242 Areop.

206 1291 240 1352 p.
253 1267 341 1353 292]
360 1268 583 1331 Romanarum
596 1265 706 1350 legum
717 1266 922 1350 Senatusque
940 1267 1161 1332 consultorum
1176 1267 1345 1330 historiam
1356 1265 1469 1350 plures

212 1359 388 1456 dederuut,
416 1374 450 1436 in
469 1373 587 1457 quibus
603 1373 749 1436 eminent
770 1373 893 1436 Paulus
914 1373 1092 1456 Manutius,
1111 1374 1235 1437 Antan.
1252 1374 1470 1458 Augustinus,

211 1482 333 1546 Paulus
351 1481 491 1562 Merula,
504 1480 621 1543 Franc.
639 1479 858 1564 Hotomanus,
881 1482 983 1544 Janus
1004 1481 1160 1546 Vincent.
1181 1480 1342 1545 Gravina:
1360 1481 1420 1545 sed
1433 1482 1471 1544 hi

213 1611 325 1653 omnes
338 1597 449 1652 tamen
467 1582 503 1652 in
516 1596 607 1652 tanta
618 1609 722 1651 messe
733 1588 822 1652 haud
831 1589 908 1653 leve
924 1590 997 1652 aliis
1010 1588 1216 1675 reliquerunt
1233 1589 1452 1675 spicilegium.

792 1772 820 1852 §-
842 1770 894 1832 11.

445 1899 493 1952 De'
503 1899 649 1952 uniuersali
655 1900 731 1970 juris
751 1901 831 1954 Rom.
850 1901 1000 1954 collectione
1018 1901 1116 1970 copitar
1136 1899 1236 1953 Cicero.

296 2017 337 2081 In
356 2023 448 2081 tanta
462 2015 574 2099 legum
587 2015 810 2078 Romanarum
829 2016 994 2101 farragine
1007 2017 1095 2081 haud
1111 2018 1210 2103 pauci
1228 2017 1269 2079 de
1289 2015 1472 2079 universali

215 2124 354 2209 quadam
356 2125 441 2208 juris
455 2123 599 2186 Romani
611 2123 811 2187 collectione
829 2126 976 2210 cogitare
992 2133 1182 2210 coeperunt.
1199 2123 1473 2208 Agitaverathoc

214 2231 385 2296 consilium
402 2231 520 2294 Cicero
535 2234 582 2315 5),
599 2232 689 2315 cujus
704 2232 869 2316 integrum
882 2255 923 2298 ea
939 2233 981 2296 de
993 2255 1029 2296 re
1040 2234 1159 2297 librum
1168 2231 1281 2296 laudat
1289 2231 1331 2293 A.
1340 2229 1472 2293 Gellius

214 2339 319 2402 Noctt.
332 2341 427 2402 Attio.
439 2339 522 2401 122.
538 2339 752 2416 Quinctilian.
767 2343 845 2403 Inst.
858 2343 946 2403 Orat.
956 2343 1031 2403 XII.
1039 2341 1069 2404 3.
1082 2313 1158 2425 Ipse
1173 2358 1305 2425 quoque
1320 2337 1473 2401 luculen-

214 2455 280 2510 tam
307 2447 395 2510 illius
417 2434 526 2529 operis
556 2455 757 2530 σκιαγραφίαν
786 2449 843 2510 sub
870 2447 976 2511 Crassi
999 2470 1141 2532 persona
1165 2446 1304 2510 dederat
1325 2444 1412 2508 libro
1431 2447 1473 2506 <lc

221 2556 354 2617 Oratore
368 2555 392 2617 I.
405 2555 456 2617 42.
471 2557 504 2636 ¹)
531 2551 645 2617 sedin
657 2555 827 2638 spongiam
842 2555 991 2620 incubuit
1003 2555 1058 2620 hic
1068 2556 1235 2620 Ciceronis
1246 2554 1345 2638 Ajax.

793 2736 821 2816 s.
843 2735 893 2797 12.

419 2861 452 2914 Ut
470 2869 495 2913 et
513 2861 570 2915 Jul.
592 2863 699 2930 Caesar,
717 2874 744 2916 et
761 2865 809 2918 On.
826 2867 971 2937 Pompeius
987 2875 1012 2919 et
1032 2865 1217 2920 Constantinus
1231 2865 1272 2918 M.

297 2975 392 3040 Idem
407 2977 513 3068 labor,
529 2985 613 3043 teste
627 2981 788 3044 Suetonio
802 2984 865 3045 Jul.
878 3005 903 3046 c.
910 2983 961 3044 44.
978 2983 1045 3047 Jul.
1055 2982 1245 3056 Caesarem3
1260 2977 1349 3043 idem
1361 2976 1473 3062 etjam

217 3090 315 3148 antea
324 3082 585 3171 CnPompejum
595 3090 754 3170 exercuit,
770 3091 796 3151 si
805 3111 884 3154 vera
891 3090 993 3152 refert
1001 3090 1145 3153 Isidorus
1151 3090 1247 3174 Hisp.
1260 3089 1348 3170 Orig.
1361 3085 1474 3164 V.l‚5.

217 3199 261 3273 et,
279 3193 336 3278 qui
351 3193 438 3257 hunc
451 3194 633 3278 exscripsit,
650 3195 825 3258 Gratianus
844 3219 913 3260 cun.
925 3197 955 3258 2.
970 3199 1105 3258 distinct.
1118 3195 1148 3257 7.
1164 3195 1217 3258 lta
1237 3193 1322 3256 enim
1339 3192 1388 3254 ibi
1410 3190 1475 3253 Isi-

218 3299 330 3364 dorus:
344 3303 445 3383 Leges
464 3311 568 3364 cutem
590 3305 736 3386 redigere
757 3309 789 3365 r'rr
814 3307 907 3367 libros
921 3308 1046 3386 primus
1065 3305 1182 3365 Consul
1197 3301 1365 3382 Pompejus
1381 3302 1476 3360 insti-

217 3415 307 3470 tuere
325 3411 430 3481 uoluit,
449 3409 506 3470 sed
519 3430 581 3470 non
591 3416 816 3491 perseuerauit,
841 3413 1082 3474 obtrectatorum
1100 3419 1193 3472 metu.
1213 3407 1337 3472 Deinde
1355 3407 1476 3467 Caesar

286 3666 320 3732 y)
340 3666 499 3719 Ciceronem
513 3681 570 3718 non
580 3666 665 3720 fuisse
676 3668 704 3721 iu
713 3670 840 3722 Romana
849 3654 1067 3737 jurisprudentia
1077 3665 1221 3733 hospitem,
1235 3667 1278 3719 rel
1288 3666 1389 3732 scripta
1400 3663 1477 3716 illius

218 3750 414 3803 demonstrent.
433 3751 467 3813 Q.
483 3751 629 3803 Scaevolae
640 3752 746 3818 nugari
761 3768 792 3804 se
805 3769 916 3819 operam
931 3755 1048 3817 dedisse,
1058 3757 1171 3806 testatur
1186 3753 1284 3818 ipsein
1295 3752 1386 3802 Bruto
1395 3768 1417 3802 c.
1432 3753 1477 3801 89.

219 3835 344 3904 quamvis
362 3839 467 3901 postea,
481 3851 515 3886 eo
532 3843 641 3888 mortuo
655 3841 683 3887 et
694 3836 728 3899 Q.
742 3837 868 3889 Mucium
880 3840 1047 3901 Scaevolam,
1062 3839 1226 3905 pontificem,
1244 3833 1414 3903 aliquamdiu
1425 3849 1476 3885 eu-

220 3920 308 3972 dierit.
334 3920 410 3972 Idem
429 3921 460 3971 de
477 3921 558 3989 Lepp.
577 3921 600 3972 1.
621 3925 645 3975 4.
663 3921 700 3974 Et
717 3919 746 3972 in
765 3929 832 3972 orat.
852 3937 904 3988 pro
923 3923 1058 3976 Muraena
1078 3942 1100 3976 c.
1121 3927 1159 3976 13.
1178 3923 1305 3984 minatur,
1323 3934 1361 3981 se,
1380 3918 1405 3970 si
1423 3917 1477 3970 sibi

219 4005 324 4056 homini
342 4011 474 4070 occupato
496 4007 665 4057 stomachum
683 4004 824 4068 moverint,
839 4004 930 4057 triduo
944 4005 1163 4071 jureconsultum
1181 4006 1377 4073 professurum.
1395 4001 1478 4053 Unde

220 4093 248 4140 et
264 4087 335 4140 inter
348 4086 552 4153 jureconsultos
568 4088 694 4141 Ciceroni
713 4090 804 4139 locum
821 4089 897 4142 dedit
911 4091 984 4144 Guil.
997 4093 1074 4143 Grot.
1094 4093 1142 4143 Vit.
1162 4089 1343 4141 Jureccruult.
1361 4089 1385 4139 1.
1403 4091 1429 4140 9.
1448 4102 1478 4153 p.

112 4222 118 4233 ,
220 4177 262 4225 61.
282 4171 337 4224 Sed
354 4187 389 4225 au
407 4189 523 4240 magnus
541 4174 570 4225 in
587 4173 639 4223 hac
656 4177 714 4223 arte
731 4173 825 4236 suerit,
842 4176 932 4227 adhuc
949 4176 1000 4228 suh
1015 4176 1109 4243 judice
1128 4175 1161 4228 lis
1179 4180 1228 4227 est.
1245 4175 1308 4227 Vid.
1324 4172 1477 4237 Schultiug.

173 4302 183 4311 ,
226 4257 303 4309 Orat·
319 4257 351 4308 de
359 4259 479 4326 jurispr.
501 4257 642 4310 Ciceronis.
660 4257 813 4322 Byukersh.
828 4258 980 4312 Praeterm.
992 4261 1029 4312 ud
1044 4261 1076 4311 L.
1086 4265 1111 4311 2.
1123 4260 1144 4326 ξ.
1158 4261 1200 4310 38.
1213 4258 1248 4310 D.
1261 4258 1293 4308 de
1309 4256 1340 4308 0.
1353 4256 1382 4307 J.
1392 4259 1477 4335 ruffi.

121 4329 125 4333 ’
184 4408 188 4413 .
221 4359 258 4409 eq.
276 4341 356 4394 Heia.
375 4343 457 4394 Laut.
476 4341 560 4393 Andr.
578 4341 747 4407 Hemberger
768 4343 827 4396 obs.
845 4343 881 4394 ad
901 4343 1037 4396 Gravinae
1059 4344 1124 4412 orry.
1134 4343 1196 4412 jur.
1218 4343 1266 4395 cie.
1283 4341 1312 4394 in
1330 4355 1427 4406 opusc.
1448 4355 1477 4406 p.

221 4429 281 4478 334.
298 4441 339 4494 sq.
357 4424 494 4478 Zimmern
512 4425 546 4476 R.
565 4425 599 4477 G.
617 4427 638 4478 l.
656 4430 763 4491 p.·288.
777 4442 819 4494 sq.
838 4427 925 4480 uruit

291 4510 322 4577 e)
342 4510 406 4562 vid.
424 4510 522 4562 Blume
539 4509 568 4562 in
586 4510 614 4563 d.
632 4511 763 4565 zeitschr.
781 4512 799 4564 l.
816 4507 908 4577 resch.
925 4513 959 4566 R.
977 4511 1024 4565 W.
1041 4512 1091 4565 IV.
1108 4527 1135 4577 p.
1153 4513 1214 4566 378.
1233 4523 1274 4576 sq.
1293 4507 1380 4562 dsrill.
