<?xml version="1.0" encoding="UTF-8"?>
<!DOCTYPE html PUBLIC "-//W3C//DTD XHTML 1.0 Transitional//EN"
    "http://www.w3.org/TR/xhtml1/DTD/xhtml1-transitional.dtd">
<html xmlns="http://www.w3.org/1999/xhtml" xml:lang="en" lang="en">
 <head>
  <title>
</title>
<meta http-equiv="Content-Type" content="text/html;charset=utf-8" />
  <meta name='ocr-system' content='tesseract 3.04.00' />
  <meta name='ocr-capabilities' content='ocr_page ocr_carea ocr_par ocr_line ocrx_word'/>
</head>
<body>
  <div class='ocr_page' id='page_1' title='image "./jogottliebheine00haubgoog_0616.png"; bbox 0 0 3056 5154; ppageno 0'>
   <div class='ocr_carea' id='block_1_1' title="bbox 283 397 1309 486">
    <p class='ocr_par' dir='ltr' id='par_1_1' title="bbox 283 397 1309 486">
     <span class='ocr_line' id='line_1_1' title="bbox 283 397 1309 486; baseline 0.017 -17"><span class='ocrx_word' id='word_1_1' title='bbox 283 451 286 458; x_wconf 82' lang='lat'><em>.</em></span> <span class='ocrx_word' id='word_1_2' title='bbox 349 402 405 470; x_wconf 82' lang='lat' dir='ltr'><strong>Du</strong></span> <span class='ocrx_word' id='word_1_3' title='bbox 429 401 610 474; x_wconf 71' lang='lat' dir='ltr'><strong>Cotinos.</strong></span> <span class='ocrx_word' id='word_1_4' title='bbox 633 401 804 476; x_wconf 67' lang='lat' dir='ltr'><strong>Comen</strong></span> <span class='ocrx_word' id='word_1_5' title='bbox 831 405 926 476; x_wconf 79' lang='lat' dir='ltr'><strong>Eur.</strong></span> <span class='ocrx_word' id='word_1_6' title='bbox 954 397 1051 478; x_wconf 76' lang='lat' dir='ltr'><strong>etc.&#39;</strong></span> <span class='ocrx_word' id='word_1_7' title='bbox 1145 428 1150 437; x_wconf 92' lang='grc'><strong><em>·</em></strong></span> <span class='ocrx_word' id='word_1_8' title='bbox 1235 417 1309 486; x_wconf 74' lang='lat' dir='ltr'><strong>did</strong></span> 
     </span>
    </p>
   </div>
   <div class='ocr_carea' id='block_1_2' title="bbox 39 577 1312 1842">
    <p class='ocr_par' dir='ltr' id='par_1_2' title="bbox 39 577 1312 1842">
     <span class='ocr_line' id='line_1_2' title="bbox 39 577 1310 666; baseline 0.003 -20"><span class='ocrx_word' id='word_1_9' title='bbox 39 581 187 648; x_wconf 83' lang='lat' dir='ltr'><strong>Horum</strong></span> <span class='ocrx_word' id='word_1_10' title='bbox 201 578 259 652; x_wconf 82' lang='lat' dir='ltr'><strong>elii</strong></span> <span class='ocrx_word' id='word_1_11' title='bbox 274 579 308 644; x_wconf 91' lang='lat' dir='ltr'><strong>in</strong></span> <span class='ocrx_word' id='word_1_12' title='bbox 324 585 522 663; x_wconf 78' lang='lat' dir='ltr'><strong>perpetuum</strong></span> <span class='ocrx_word' id='word_1_13' title='bbox 541 577 748 660; x_wconf 75' lang='lat' dir='ltr'><strong>locabantur,</strong></span> <span class='ocrx_word' id='word_1_14' title='bbox 764 599 902 664; x_wconf 88' lang='lat' dir='ltr'><strong>quornm</strong></span> <span class='ocrx_word' id='word_1_15' title='bbox 918 581 1035 664; x_wconf 85' lang='lat' dir='ltr'><strong>pensio</strong></span> <span class='ocrx_word' id='word_1_16' title='bbox 1057 581 1135 666; x_wconf 85' lang='lat' dir='ltr'><strong>ipsis</strong></span> <span class='ocrx_word' id='word_1_17' title='bbox 1156 583 1310 650; x_wconf 82' lang='lat' dir='ltr'><strong>inhaere-</strong></span> 
     </span>
     <span class='ocr_line' id='line_1_3' title="bbox 40 682 1309 777; baseline 0.006 -26"><span class='ocrx_word' id='word_1_18' title='bbox 40 689 126 767; x_wconf 84' lang='lat' dir='ltr'><strong>bat,</strong></span> <span class='ocrx_word' id='word_1_19' title='bbox 141 697 175 750; x_wconf 88' lang='lat' dir='ltr'><strong>et</strong></span> <span class='ocrx_word' id='word_1_20' title='bbox 197 687 333 770; x_wconf 77' lang='lat' dir='ltr'><strong>vectr&#39;gal</strong></span> <span class='ocrx_word' id='word_1_21' title='bbox 349 682 546 748; x_wconf 81' lang='lat' dir='ltr'><strong>vocabatur:</strong></span> <span class='ocrx_word' id='word_1_22' title='bbox 568 686 625 750; x_wconf 91' lang='lat' dir='ltr'><strong>alii</strong></span> <span class='ocrx_word' id='word_1_23' title='bbox 648 685 690 750; x_wconf 88' lang='lat' dir='ltr'><strong>ad</strong></span> <span class='ocrx_word' id='word_1_24' title='bbox 713 693 836 749; x_wconf 88' lang='lat' dir='ltr'><strong>certum</strong></span> <span class='ocrx_word' id='word_1_25' title='bbox 859 694 996 772; x_wconf 84' lang='lat' dir='ltr'><strong>tempus.</strong></span> <span class='ocrx_word' id='word_1_26' title='bbox 1021 689 1155 754; x_wconf 80' lang='lat' dir='ltr'><strong>Priores</strong></span> <span class='ocrx_word' id='word_1_27' title='bbox 1175 695 1309 777; x_wconf 83' lang='lat' dir='ltr'><strong>proprie</strong></span> 
     </span>
     <span class='ocr_line' id='line_1_4' title="bbox 41 791 1310 883; baseline 0.002 -25"><span class='ocrx_word' id='word_1_28' title='bbox 41 793 127 877; x_wconf 83' lang='lat' dir='ltr'><strong>agri</strong></span> <span class='ocrx_word' id='word_1_29' title='bbox 143 791 328 876; x_wconf 84' lang='lat' dir='ltr'><strong>vectigales</strong></span> <span class='ocrx_word' id='word_1_30' title='bbox 344 791 549 868; x_wconf 83' lang='lat' dir='ltr'>dicebantur,</span> <span class='ocrx_word' id='word_1_31' title='bbox 561 798 596 854; x_wconf 92' lang='lat' dir='ltr'><strong>et</strong></span> <span class='ocrx_word' id='word_1_32' title='bbox 612 791 654 855; x_wconf 95' lang='lat' dir='ltr'><strong>de</strong></span> <span class='ocrx_word' id='word_1_33' title='bbox 669 791 711 856; x_wconf 87' lang='lat' dir='ltr'><strong>iis</strong></span> <span class='ocrx_word' id='word_1_34' title='bbox 725 795 795 877; x_wconf 84' lang='lat' dir='ltr'><strong>agit</strong></span> <span class='ocrx_word' id='word_1_35' title='bbox 810 793 925 858; x_wconf 88' lang='lat' dir='ltr'><strong>titulus</strong></span> <span class='ocrx_word' id='word_1_36' title='bbox 935 795 1165 879; x_wconf 78' lang='lat' dir='ltr'><strong>Digestorum:</strong></span> <span class='ocrx_word' id='word_1_37' title='bbox 1182 798 1221 860; x_wconf 75' lang='lat' dir='ltr'><strong>st</strong></span> <span class='ocrx_word' id='word_1_38' title='bbox 1232 821 1310 883; x_wconf 80' lang='lat' dir='ltr'><strong>eger</strong></span> 
     </span>
     <span class='ocr_line' id='line_1_5' title="bbox 41 897 1309 990; baseline 0.005 -26"><span class='ocrx_word' id='word_1_39' title='bbox 41 901 216 982; x_wconf 73' lang='lat' dir='ltr'><strong>vectigalis</strong></span> <span class='ocrx_word' id='word_1_40' title='bbox 229 907 371 981; x_wconf 82' lang='lat' dir='ltr'><strong>petatur.</strong></span> <span class='ocrx_word' id='word_1_41' title='bbox 393 897 527 964; x_wconf 86' lang='lat' dir='ltr'><strong>Deinde</strong></span> <span class='ocrx_word' id='word_1_42' title='bbox 549 919 630 962; x_wconf 77' lang='lat' dir='ltr'><strong>uem</strong></span> <span class='ocrx_word' id='word_1_43' title='bbox 649 899 726 984; x_wconf 86' lang='lat' dir='ltr'><strong>qnia</strong></span> <span class='ocrx_word' id='word_1_44' title='bbox 748 921 848 984; x_wconf 82' lang='lat' dir='ltr'><strong>saepe</strong></span> <span class='ocrx_word' id='word_1_45' title='bbox 867 911 902 967; x_wconf 89' lang='lat' dir='ltr'><strong>et</strong></span> <span class='ocrx_word' id='word_1_46' title='bbox 923 903 1040 966; x_wconf 89' lang='lat' dir='ltr'><strong>inculti</strong></span> <span class='ocrx_word' id='word_1_47' title='bbox 1062 904 1135 988; x_wconf 80' lang='lat' dir='ltr'><strong>agri</strong></span> <span class='ocrx_word' id='word_1_48' title='bbox 1149 903 1211 966; x_wconf 89' lang='lat' dir='ltr'><strong>bac</strong></span> <span class='ocrx_word' id='word_1_49' title='bbox 1230 905 1309 990; x_wconf 84' lang='lat' dir='ltr'><strong>lege</strong></span> 
     </span>
     <span class='ocr_line' id='line_1_6' title="bbox 43 1005 1310 1095; baseline 0.004 -25"><span class='ocrx_word' id='word_1_50' title='bbox 43 1006 189 1076; x_wconf 82' lang='lat' dir='ltr'><strong>fruendi</strong></span> <span class='ocrx_word' id='word_1_51' title='bbox 205 1005 372 1088; x_wconf 80' lang='lat' dir='ltr'><strong>darentur,</strong></span> <span class='ocrx_word' id='word_1_52' title='bbox 389 1005 525 1072; x_wconf 78' lang='lat' dir='ltr'><strong>Graecis</strong></span> <span class='ocrx_word' id='word_1_53' title='bbox 549 1007 736 1072; x_wconf 76' lang='lat' dir='ltr'><strong>nominibus</strong></span> <span class='ocrx_word' id='word_1_54' title='bbox 751 1009 866 1074; x_wconf 85' lang='lat' dir='ltr'><strong>venire</strong></span> <span class='ocrx_word' id='word_1_55' title='bbox 882 1016 1065 1091; x_wconf 85' lang='lat' dir='ltr'><strong>coeperunt</strong></span> <span class='ocrx_word' id='word_1_56' title='bbox 1079 1017 1145 1074; x_wconf 84' lang='lat' dir='ltr'><strong>tam</strong></span> <span class='ocrx_word' id='word_1_57' title='bbox 1161 1012 1233 1094; x_wconf 78' lang='lat' dir='ltr'><strong>egri</strong></span> <span class='ocrx_word' id='word_1_58' title='bbox 1249 1012 1310 1095; x_wconf 91' lang='lat' dir='ltr'><strong>illi,</strong></span> 
     </span>
     <span class='ocr_line' id='line_1_7' title="bbox 45 1111 1310 1200; baseline 0 -18"><span class='ocrx_word' id='word_1_59' title='bbox 45 1136 155 1200; x_wconf 86' lang='lat' dir='ltr'><strong>qnam</strong></span> <span class='ocrx_word' id='word_1_60' title='bbox 178 1113 352 1182; x_wconf 72' lang='lat' dir='ltr'><strong>redeuntia</strong></span> <span class='ocrx_word' id='word_1_61' title='bbox 375 1111 454 1178; x_wconf 84' lang='lat' dir='ltr'><strong>inde</strong></span> <span class='ocrx_word' id='word_1_62' title='bbox 483 1113 678 1197; x_wconf 75' lang='lat' dir='ltr'><strong>vectigalia,</strong></span> <span class='ocrx_word' id='word_1_63' title='bbox 704 1129 975 1181; x_wconf 70' lang='lat' dir='ltr'><strong>mauranussos</strong></span> <span class='ocrx_word' id='word_1_64' title='bbox 994 1125 1073 1200; x_wconf 85' lang='lat' dir='ltr'><strong>putu</strong></span> <span class='ocrx_word' id='word_1_65' title='bbox 1096 1123 1131 1179; x_wconf 85' lang='lat' dir='ltr'><strong>et</strong></span> <span class='ocrx_word' id='word_1_66' title='bbox 1153 1134 1310 1200; x_wconf 77' lang='lat' dir='ltr'><strong>cnuoum,</strong></span> 
     </span>
     <span class='ocr_line' id='line_1_8' title="bbox 47 1220 1310 1307; baseline 0.003 -21"><span class='ocrx_word' id='word_1_67' title='bbox 47 1221 148 1307; x_wconf 88' lang='lat' dir='ltr'><strong>quod</strong></span> <span class='ocrx_word' id='word_1_68' title='bbox 160 1222 218 1288; x_wconf 85' lang='lat' dir='ltr'><strong>snb</strong></span> <span class='ocrx_word' id='word_1_69' title='bbox 233 1220 451 1287; x_wconf 76' lang='lat' dir='ltr'><strong>Constantino</strong></span> <span class='ocrx_word' id='word_1_70' title='bbox 466 1221 515 1286; x_wconf 80' lang='lat' dir='ltr'><strong>tt.</strong></span> <span class='ocrx_word' id='word_1_71' title='bbox 532 1220 669 1304; x_wconf 84' lang='lat' dir='ltr'><strong>primurn</strong></span> <span class='ocrx_word' id='word_1_72' title='bbox 693 1220 814 1286; x_wconf 86' lang='lat' dir='ltr'><strong>factum</strong></span> <span class='ocrx_word' id='word_1_73' title='bbox 834 1222 1016 1306; x_wconf 83' lang='lat' dir='ltr'><strong>suspicatur</strong></span> <span class='ocrx_word' id='word_1_74' title='bbox 1036 1222 1217 1290; x_wconf 86' lang='lat' dir='ltr'><strong>Scbilterna</strong></span> <span class='ocrx_word' id='word_1_75' title='bbox 1242 1227 1310 1290; x_wconf 71' lang='lat' dir='ltr'><strong>Iis·</strong></span> 
     </span>
     <span class='ocr_line' id='line_1_9' title="bbox 47 1326 1311 1421; baseline 0.002 -27"><span class='ocrx_word' id='word_1_76' title='bbox 47 1334 178 1421; x_wconf 64' lang='lat' dir='ltr'><strong>eredat.</strong></span> <span class='ocrx_word' id='word_1_77' title='bbox 193 1329 284 1396; x_wconf 72' lang='lat' dir='ltr'><strong>XVI.</strong></span> <span class='ocrx_word' id='word_1_78' title='bbox 298 1327 350 1396; x_wconf 83' lang='lat'><strong>66.</strong></span> <span class='ocrx_word' id='word_1_79' title='bbox 364 1348 410 1409; x_wconf 66' lang='lat' dir='ltr'><strong>sq.</strong></span> <span class='ocrx_word' id='word_1_80' title='bbox 429 1326 557 1392; x_wconf 78' lang='lat' dir='ltr'><strong>Eadem</strong></span> <span class='ocrx_word' id='word_1_81' title='bbox 577 1349 657 1392; x_wconf 81' lang='lat' dir='ltr'><strong>vero</strong></span> <span class='ocrx_word' id='word_1_82' title='bbox 680 1327 856 1394; x_wconf 86' lang='lat' dir='ltr'><strong>locationis</strong></span> <span class='ocrx_word' id='word_1_83' title='bbox 880 1330 1008 1413; x_wconf 83' lang='lat' dir='ltr'><strong>species</strong></span> <span class='ocrx_word' id='word_1_84' title='bbox 1029 1329 1147 1395; x_wconf 70' lang='lat' dir='ltr'><strong>sendm</strong></span> <span class='ocrx_word' id='word_1_85' title='bbox 1171 1339 1311 1397; x_wconf 73' lang='lat' dir='ltr'><strong>exterres</strong></span> 
     </span>
     <span class='ocr_line' id='line_1_10' title="bbox 47 1433 1312 1522; baseline 0.001 -21"><span class='ocrx_word' id='word_1_86' title='bbox 47 1436 96 1501; x_wconf 84' lang='lat' dir='ltr'><strong>ad</strong></span> <span class='ocrx_word' id='word_1_87' title='bbox 112 1434 253 1519; x_wconf 85' lang='lat' dir='ltr'><strong>praedia</strong></span> <span class='ocrx_word' id='word_1_88' title='bbox 267 1433 481 1517; x_wconf 83' lang='lat' dir='ltr'><strong>templerum,</strong></span> <span class='ocrx_word' id='word_1_89' title='bbox 495 1433 740 1517; x_wconf 77' lang='lat' dir='ltr'><strong>patrimonialia</strong></span> <span class='ocrx_word' id='word_1_90' title='bbox 756 1435 923 1520; x_wconf 89' lang='lat' dir='ltr'><strong>principis,</strong></span> <span class='ocrx_word' id='word_1_91' title='bbox 939 1438 1082 1518; x_wconf 85' lang='lat' dir='ltr'><strong>urbane,</strong></span> <span class='ocrx_word' id='word_1_92' title='bbox 1098 1438 1177 1522; x_wconf 88' lang='lat' dir='ltr'><strong>quin</strong></span> <span class='ocrx_word' id='word_1_93' title='bbox 1193 1447 1228 1502; x_wconf 87' lang='lat' dir='ltr'><strong>et</strong></span> <span class='ocrx_word' id='word_1_94' title='bbox 1243 1440 1312 1522; x_wconf 83' lang='lat' dir='ltr'><strong>pri·</strong></span> 
     </span>
     <span class='ocr_line' id='line_1_11' title="bbox 48 1540 1310 1630; baseline 0.002 -22"><span class='ocrx_word' id='word_1_95' title='bbox 48 1552 206 1610; x_wconf 85' lang='lat' dir='ltr'><strong>vatorum</strong></span> <span class='ocrx_word' id='word_1_96' title='bbox 222 1541 269 1622; x_wconf 71' lang='grc' dir='ltr'><strong>ΙΙ).</strong></span> <span class='ocrx_word' id='word_1_97' title='bbox 290 1541 390 1607; x_wconf 83' lang='lat' dir='ltr'><strong>Unde</strong></span> <span class='ocrx_word' id='word_1_98' title='bbox 405 1540 500 1606; x_wconf 86' lang='lat' dir='ltr'><strong>Zeno</strong></span> <span class='ocrx_word' id='word_1_99' title='bbox 518 1542 714 1625; x_wconf 81' lang='lat' dir='ltr'><strong>Imperator,</strong></span> <span class='ocrx_word' id='word_1_100' title='bbox 729 1543 936 1628; x_wconf 71' lang='lat' dir='ltr'><strong>emphyteusi</strong></span> <span class='ocrx_word' id='word_1_101' title='bbox 950 1545 993 1608; x_wconf 82' lang='lat' dir='ltr'><strong>ab</strong></span> <span class='ocrx_word' id='word_1_102' title='bbox 1008 1545 1155 1608; x_wconf 84' lang='lat' dir='ltr'><strong>emtione</strong></span> <span class='ocrx_word' id='word_1_103' title='bbox 1170 1545 1310 1630; x_wconf 86' lang='lat' dir='ltr'><strong>aliisque</strong></span> 
     </span>
     <span class='ocr_line' id='line_1_12' title="bbox 49 1648 1311 1738; baseline 0.002 -24"><span class='ocrx_word' id='word_1_104' title='bbox 49 1648 279 1718; x_wconf 81' lang='lat' dir='ltr'><strong>contractibus</strong></span> <span class='ocrx_word' id='word_1_105' title='bbox 304 1649 468 1733; x_wconf 79' lang='lat' dir='ltr'><strong>sejuncta,</strong></span> <span class='ocrx_word' id='word_1_106' title='bbox 492 1669 581 1714; x_wconf 85' lang='lat' dir='ltr'><strong>novo</strong></span> <span class='ocrx_word' id='word_1_107' title='bbox 603 1652 801 1714; x_wconf 85' lang='lat' dir='ltr'><strong>contractui.</strong></span> <span class='ocrx_word' id='word_1_108' title='bbox 815 1648 1067 1736; x_wconf 80' lang='lat' dir='ltr'><strong>emphyteuseos</strong></span> <span class='ocrx_word' id='word_1_109' title='bbox 1089 1650 1184 1716; x_wconf 89' lang='lat' dir='ltr'><strong>dedit</strong></span> <span class='ocrx_word' id='word_1_110' title='bbox 1208 1653 1311 1738; x_wconf 74' lang='lat' dir='ltr'><strong>origi·</strong></span> 
     </span>
     <span class='ocr_line' id='line_1_13' title="bbox 50 1755 1005 1842; baseline -0.004 -18"><span class='ocrx_word' id='word_1_111' title='bbox 50 1780 148 1826; x_wconf 81' lang='lat' dir='ltr'><strong>nem:</strong></span> <span class='ocrx_word' id='word_1_112' title='bbox 164 1761 199 1823; x_wconf 76' lang='lat' dir='ltr'><strong>L.</strong></span> <span class='ocrx_word' id='word_1_113' title='bbox 214 1756 246 1822; x_wconf 87' lang='grc'><strong>1.</strong></span> <span class='ocrx_word' id='word_1_114' title='bbox 262 1755 295 1818; x_wconf 80' lang='lat' dir='ltr'><strong>O.</strong></span> <span class='ocrx_word' id='word_1_115' title='bbox 310 1757 349 1822; x_wconf 82' lang='lat' dir='ltr'><strong>da</strong></span> <span class='ocrx_word' id='word_1_116' title='bbox 363 1755 442 1820; x_wconf 64' lang='lat' dir='ltr'><strong>«bere</strong></span> <span class='ocrx_word' id='word_1_117' title='bbox 457 1758 644 1838; x_wconf 76' lang='lat' dir='ltr'><strong>empipiect.</strong></span> <span class='ocrx_word' id='word_1_118' title='bbox 662 1755 731 1837; x_wconf 82' lang='lat' dir='ltr'>(Cf.</span> <span class='ocrx_word' id='word_1_119' title='bbox 747 1757 821 1842; x_wconf 86' lang='lat' dir='ltr'><strong>Gaj.</strong></span> <span class='ocrx_word' id='word_1_120' title='bbox 836 1759 901 1824; x_wconf 90' lang='lat'>111.</span> <span class='ocrx_word' id='word_1_121' title='bbox 914 1758 1005 1841; x_wconf 74' lang='lat'>145.)</span> 
     </span>
    </p>
   </div>
   <div class='ocr_carea' id='block_1_3' title="bbox 631 1904 734 1986">
    <p class='ocr_par' dir='ltr' id='par_1_3' title="bbox 631 1904 734 1986">
     <span class='ocr_line' id='line_1_14' title="bbox 631 1904 734 1986; baseline 0 -20"><span class='ocrx_word' id='word_1_122' title='bbox 631 1905 660 1986; x_wconf 70' lang='lat' dir='ltr'><strong>s.</strong></span> <span class='ocrx_word' id='word_1_123' title='bbox 683 1904 734 1967; x_wconf 78' lang='lat'><strong>14.</strong></span> 
     </span>
    </p>
   </div>
   <div class='ocr_carea' id='block_1_4' title="bbox 7 2019 1374 3598">
    <p class='ocr_par' dir='ltr' id='par_1_4' title="bbox 539 2019 825 2089">
     <span class='ocr_line' id='line_1_15' title="bbox 539 2019 825 2089; baseline 0 -17"><span class='ocrx_word' id='word_1_124' title='bbox 539 2019 682 2072; x_wconf 80' lang='lat' dir='ltr'><strong>Societatee</strong></span> <span class='ocrx_word' id='word_1_125' title='bbox 695 2019 825 2089; x_wconf 81' lang='lat' dir='ltr'><strong>publicae.</strong></span> 
     </span>
    </p>

    <p class='ocr_par' dir='ltr' id='par_1_5' title="bbox 7 2117 1374 3598">
     <span class='ocr_line' id='line_1_16' title="bbox 142 2117 1310 2208; baseline 0.003 -21"><span class='ocrx_word' id='word_1_126' title='bbox 142 2123 195 2187; x_wconf 89' lang='lat' dir='ltr'><strong>De</strong></span> <span class='ocrx_word' id='word_1_127' title='bbox 210 2135 396 2187; x_wconf 73' lang='lat' dir='ltr'><strong>socinum</strong></span> <span class='ocrx_word' id='word_1_128' title='bbox 411 2117 512 2199; x_wconf 90' lang='lat' dir='ltr'><strong>idem,</strong></span> <span class='ocrx_word' id='word_1_129' title='bbox 528 2120 617 2207; x_wconf 93' lang='lat' dir='ltr'><strong>quod</strong></span> <span class='ocrx_word' id='word_1_130' title='bbox 635 2119 676 2183; x_wconf 91' lang='lat' dir='ltr'><strong>de</strong></span> <span class='ocrx_word' id='word_1_131' title='bbox 690 2119 857 2184; x_wconf 86' lang='lat' dir='ltr'><strong>locatione</strong></span> <span class='ocrx_word' id='word_1_132' title='bbox 873 2121 1108 2206; x_wconf 90' lang='lat' dir='ltr'><strong>conductione,</strong></span> <span class='ocrx_word' id='word_1_133' title='bbox 1119 2124 1310 2208; x_wconf 87' lang='lat' dir='ltr'><strong>tenendum,</strong></span> 
     </span>
     <span class='ocr_line' id='line_1_17' title="bbox 53 2225 1312 2310; baseline 0.002 -16"><span class='ocrx_word' id='word_1_134' title='bbox 53 2253 133 2294; x_wconf 86' lang='lat' dir='ltr'><strong>eam</strong></span> <span class='ocrx_word' id='word_1_135' title='bbox 157 2229 209 2293; x_wconf 84' lang='lat' dir='ltr'><strong>vel</strong></span> <span class='ocrx_word' id='word_1_136' title='bbox 226 2229 384 2310; x_wconf 82' lang='lat' dir='ltr'><strong>publicum</strong></span> <span class='ocrx_word' id='word_1_137' title='bbox 408 2245 497 2307; x_wconf 87' lang='lat' dir='ltr'><strong>esse,</strong></span> <span class='ocrx_word' id='word_1_138' title='bbox 514 2225 569 2289; x_wconf 91' lang='lat' dir='ltr'><strong>vel</strong></span> <span class='ocrx_word' id='word_1_139' title='bbox 585 2229 792 2309; x_wconf 65' lang='lat' dir='ltr'><strong>precatorum.</strong></span> <span class='ocrx_word' id='word_1_140' title='bbox 813 2227 961 2291; x_wconf 88' lang='lat' dir='ltr'><strong>Publicis</strong></span> <span class='ocrx_word' id='word_1_141' title='bbox 985 2229 1215 2296; x_wconf 87' lang='lat' dir='ltr'><strong>adcenscudae</strong></span> <span class='ocrx_word' id='word_1_142' title='bbox 1237 2243 1312 2297; x_wconf 86' lang='lat' dir='ltr'><strong>sunt</strong></span> 
     </span>
     <span class='ocr_line' id='line_1_18' title="bbox 53 2315 1310 2419; baseline 0.002 -19"><span class='ocrx_word' id='word_1_143' title='bbox 53 2339 234 2401; x_wconf 88' lang='lat' dir='ltr'><strong>societates</strong></span> <span class='ocrx_word' id='word_1_144' title='bbox 256 2335 523 2419; x_wconf 86' lang='lat' dir='ltr'><strong>publicanorum,</strong></span> <span class='ocrx_word' id='word_1_145' title='bbox 538 2335 595 2396; x_wconf 92' lang='lat' dir='ltr'><strong>vel</strong></span> <span class='ocrx_word' id='word_1_146' title='bbox 610 2334 863 2397; x_wconf 88' lang='lat' dir='ltr'><strong>conducentium</strong></span> <span class='ocrx_word' id='word_1_147' title='bbox 887 2315 1076 2418; x_wconf 83' lang='lat' dir='ltr'><strong>vectigalia.</strong></span> <span class='ocrx_word' id='word_1_148' title='bbox 1097 2339 1206 2402; x_wconf 84' lang='lat' dir='ltr'><strong>Divisi</strong></span> <span class='ocrx_word' id='word_1_149' title='bbox 1224 2341 1310 2402; x_wconf 89' lang='lat' dir='ltr'><strong>enim</strong></span> 
     </span>
     <span class='ocr_line' id='line_1_19' title="bbox 52 2441 1313 2509; baseline 0 0"><span class='ocrx_word' id='word_1_150' title='bbox 52 2448 90 2509; x_wconf 91' lang='lat' dir='ltr'><strong>in</strong></span> <span class='ocrx_word' id='word_1_151' title='bbox 106 2445 225 2508; x_wconf 86' lang='lat' dir='ltr'><strong>multas</strong></span> <span class='ocrx_word' id='word_1_152' title='bbox 241 2443 419 2508; x_wconf 79' lang='lat' dir='ltr'><strong>societates</strong></span> <span class='ocrx_word' id='word_1_153' title='bbox 434 2443 682 2508; x_wconf 84' lang='lat' dir='ltr'><strong>conducebant:</strong></span> <span class='ocrx_word' id='word_1_154' title='bbox 700 2451 734 2509; x_wconf 87' lang='lat' dir='ltr'><strong>et</strong></span> <span class='ocrx_word' id='word_1_155' title='bbox 749 2441 871 2504; x_wconf 89' lang='lat' dir='ltr'><strong>deinde</strong></span> <span class='ocrx_word' id='word_1_156' title='bbox 889 2465 932 2506; x_wconf 89' lang='lat' dir='ltr'><strong>ex</strong></span> <span class='ocrx_word' id='word_1_157' title='bbox 948 2443 1064 2506; x_wconf 86' lang='lat' dir='ltr'><strong>ordine</strong></span> <span class='ocrx_word' id='word_1_158' title='bbox 1081 2465 1139 2508; x_wconf 90' lang='lat' dir='ltr'><strong>sno</strong></span> <span class='ocrx_word' id='word_1_159' title='bbox 1155 2448 1313 2509; x_wconf 89' lang='lat' dir='ltr'><strong>creabant</strong></span> 
     </span>
     <span class='ocr_line' id='line_1_20' title="bbox 53 2550 1311 2635; baseline 0.001 -20"><span class='ocrx_word' id='word_1_160' title='bbox 53 2555 245 2634; x_wconf 78' lang='lat' dir='ltr'><strong>magristrum</strong></span> <span class='ocrx_word' id='word_1_161' title='bbox 262 2552 433 2628; x_wconf 70' lang='lat' dir='ltr'><strong>sociatam,</strong></span> <span class='ocrx_word' id='word_1_162' title='bbox 456 2551 512 2635; x_wconf 92' lang='lat' dir='ltr'><strong>qui</strong></span> <span class='ocrx_word' id='word_1_163' title='bbox 529 2550 658 2617; x_wconf 88' lang='lat' dir='ltr'><strong>Romae</strong></span> <span class='ocrx_word' id='word_1_164' title='bbox 679 2551 830 2614; x_wconf 87' lang='lat' dir='ltr'><strong>societati</strong></span> <span class='ocrx_word' id='word_1_165' title='bbox 846 2551 894 2618; x_wconf 88' lang='lat' dir='ltr'><strong>ita</strong></span> <span class='ocrx_word' id='word_1_166' title='bbox 908 2559 1079 2635; x_wconf 88' lang='lat' dir='ltr'><strong>praeerat,</strong></span> <span class='ocrx_word' id='word_1_167' title='bbox 1098 2560 1135 2617; x_wconf 92' lang='lat' dir='ltr'><strong>ut</strong></span> <span class='ocrx_word' id='word_1_168' title='bbox 1154 2562 1189 2615; x_wconf 89' lang='lat' dir='ltr'><strong>et</strong></span> <span class='ocrx_word' id='word_1_169' title='bbox 1204 2553 1311 2616; x_wconf 84' lang='lat' dir='ltr'><strong>socios</strong></span> 
     </span>
     <span class='ocr_line' id='line_1_21' title="bbox 54 2657 1311 2748; baseline 0.001 -25"><span class='ocrx_word' id='word_1_170' title='bbox 54 2658 152 2746; x_wconf 83' lang='lat' dir='ltr'><strong>quasi</strong></span> <span class='ocrx_word' id='word_1_171' title='bbox 177 2666 327 2728; x_wconf 81' lang='lat' dir='ltr'><strong>senatum</strong></span> <span class='ocrx_word' id='word_1_172' title='bbox 340 2657 501 2747; x_wconf 81' lang='lat' dir='ltr'><strong>cogendi,</strong></span> <span class='ocrx_word' id='word_1_173' title='bbox 518 2665 553 2720; x_wconf 90' lang='lat' dir='ltr'><strong>et</strong></span> <span class='ocrx_word' id='word_1_174' title='bbox 575 2658 618 2722; x_wconf 91' lang='lat' dir='ltr'><strong>ad</strong></span> <span class='ocrx_word' id='word_1_175' title='bbox 641 2657 761 2722; x_wconf 83' lang='lat' dir='ltr'><strong>coede</strong></span> <span class='ocrx_word' id='word_1_176' title='bbox 786 2658 955 2725; x_wconf 86' lang='lat' dir='ltr'><strong>societatis</strong></span> <span class='ocrx_word' id='word_1_177' title='bbox 974 2659 1119 2748; x_wconf 83' lang='lat' dir='ltr'><strong>negotiis</strong></span> <span class='ocrx_word' id='word_1_178' title='bbox 1142 2659 1311 2726; x_wconf 82' lang='lat' dir='ltr'><strong>referendi</strong></span> 
     </span>
     <span class='ocr_line' id='line_1_22' title="bbox 53 2766 1312 2853; baseline 0.001 -23"><span class='ocrx_word' id='word_1_179' title='bbox 53 2773 257 2852; x_wconf 87' lang='lat' dir='ltr'><strong>potestatem</strong></span> <span class='ocrx_word' id='word_1_180' title='bbox 280 2766 438 2848; x_wconf 82' lang='lat' dir='ltr'><strong>haberet,</strong></span> <span class='ocrx_word' id='word_1_181' title='bbox 453 2785 628 2849; x_wconf 87' lang='lat' dir='ltr'><strong>curamque</strong></span> <span class='ocrx_word' id='word_1_182' title='bbox 645 2786 775 2834; x_wconf 81' lang='lat' dir='ltr'><strong>omnem</strong></span> <span class='ocrx_word' id='word_1_183' title='bbox 798 2775 933 2853; x_wconf 76' lang='lat' dir='ltr'><strong>gereret</strong></span> <span class='ocrx_word' id='word_1_184' title='bbox 954 2766 1137 2834; x_wconf 84' lang='lat' dir='ltr'><strong>tabularum</strong></span> <span class='ocrx_word' id='word_1_185' title='bbox 1162 2778 1195 2831; x_wconf 90' lang='lat' dir='ltr'><strong>et</strong></span> <span class='ocrx_word' id='word_1_186' title='bbox 1210 2769 1312 2836; x_wconf 88' lang='lat' dir='ltr'><strong>ratio-</strong></span> 
     </span>
     <span class='ocr_line' id='line_1_23' title="bbox 55 2872 1310 2962; baseline 0.002 -24"><span class='ocrx_word' id='word_1_187' title='bbox 55 2897 152 2954; x_wconf 91' lang='lat' dir='ltr'><strong>num,</strong></span> <span class='ocrx_word' id='word_1_188' title='bbox 178 2894 264 2958; x_wconf 85' lang='lat' dir='ltr'><strong>quac</strong></span> <span class='ocrx_word' id='word_1_189' title='bbox 287 2872 433 2959; x_wconf 86' lang='lat' dir='ltr'><strong>undique</strong></span> <span class='ocrx_word' id='word_1_190' title='bbox 456 2875 498 2943; x_wconf 86' lang='lat' dir='ltr'><strong>ab</strong></span> <span class='ocrx_word' id='word_1_191' title='bbox 528 2873 582 2950; x_wconf 85' lang='lat' dir='ltr'><strong>iis,</strong></span> <span class='ocrx_word' id='word_1_192' title='bbox 602 2872 658 2962; x_wconf 84' lang='lat' dir='ltr'><strong>qui</strong></span> <span class='ocrx_word' id='word_1_193' title='bbox 679 2873 831 2939; x_wconf 83' lang='lat' dir='ltr'><strong>societati</strong></span> <span class='ocrx_word' id='word_1_194' title='bbox 857 2895 991 2958; x_wconf 81' lang='lat' dir='ltr'><strong>operam</strong></span> <span class='ocrx_word' id='word_1_195' title='bbox 1015 2874 1153 2956; x_wconf 87' lang='lat' dir='ltr'><strong>debant,</strong></span> <span class='ocrx_word' id='word_1_196' title='bbox 1170 2873 1310 2940; x_wconf 87' lang='lat' dir='ltr'><strong>Romam</strong></span> 
     </span>
     <span class='ocr_line' id='line_1_24' title="bbox 54 2980 1374 3072; baseline 0.004 -28"><span class='ocrx_word' id='word_1_197' title='bbox 54 2982 290 3051; x_wconf 81' lang='lat' dir='ltr'><strong>mittebantur:</strong></span> <span class='ocrx_word' id='word_1_198' title='bbox 306 2981 375 3046; x_wconf 83' lang='lat' dir='ltr'><strong>Cic.</strong></span> <span class='ocrx_word' id='word_1_199' title='bbox 392 2984 507 3064; x_wconf 73' lang='lat' dir='ltr'><strong>liipriirtt.</strong></span> <span class='ocrx_word' id='word_1_200' title='bbox 524 2981 568 3044; x_wconf 83' lang='lat' dir='ltr'><strong>cd</strong></span> <span class='ocrx_word' id='word_1_201' title='bbox 580 2981 703 3046; x_wconf 78' lang='lat' dir='ltr'><strong>Dicere.</strong></span> <span class='ocrx_word' id='word_1_202' title='bbox 720 2980 811 3046; x_wconf 84' lang='lat' dir='ltr'><em>XIII.</em></span> <span class='ocrx_word' id='word_1_203' title='bbox 826 2980 856 3043; x_wconf 88' lang='grc'><strong>9.</strong></span> <span class='ocrx_word' id='word_1_204' title='bbox 872 2985 906 3048; x_wconf 77' lang='lat' dir='ltr'><strong>L.</strong></span> <span class='ocrx_word' id='word_1_205' title='bbox 921 2981 973 3046; x_wconf 84' lang='grc'><strong>14.</strong></span> <span class='ocrx_word' id='word_1_206' title='bbox 983 2984 1025 3044; x_wconf 88' lang='lat' dir='ltr'><strong>D.</strong></span> <span class='ocrx_word' id='word_1_207' title='bbox 1039 2982 1078 3046; x_wconf 83' lang='lat' dir='ltr'><strong>de</strong></span> <span class='ocrx_word' id='word_1_208' title='bbox 1091 2983 1182 3043; x_wconf 86' lang='lat' dir='ltr'><strong>Poct.</strong></span> <span class='ocrx_word' id='word_1_209' title='bbox 1205 2981 1311 3050; x_wconf 88' lang='lat' dir='ltr'><strong>Sociis</strong></span> <span class='ocrx_word' id='word_1_210' title='bbox 1370 3062 1374 3072; x_wconf 41' lang='lat'><strong>,</strong></span> 
     </span>
     <span class='ocr_line' id='line_1_25' title="bbox 55 3085 1311 3178; baseline -0.002 -26"><span class='ocrx_word' id='word_1_211' title='bbox 55 3090 146 3152; x_wconf 89' lang='lat' dir='ltr'><strong>enim</strong></span> <span class='ocrx_word' id='word_1_212' title='bbox 161 3087 347 3173; x_wconf 88' lang='lat' dir='ltr'><strong>hujusmodi</strong></span> <span class='ocrx_word' id='word_1_213' title='bbox 362 3087 552 3178; x_wconf 86' lang='lat' dir='ltr'><strong>permissum</strong></span> <span class='ocrx_word' id='word_1_214' title='bbox 570 3094 651 3166; x_wconf 88' lang='lat' dir='ltr'><strong>eret,</strong></span> <span class='ocrx_word' id='word_1_215' title='bbox 668 3107 784 3170; x_wconf 91' lang='lat' dir='ltr'><strong>corpus</strong></span> <span class='ocrx_word' id='word_1_216' title='bbox 801 3085 854 3150; x_wconf 83' lang='lat' dir='ltr'><strong>vel</strong></span> <span class='ocrx_word' id='word_1_217' title='bbox 876 3087 1053 3174; x_wconf 84' lang='lat' dir='ltr'><strong>collegium</strong></span> <span class='ocrx_word' id='word_1_218' title='bbox 1072 3089 1212 3156; x_wconf 85' lang='lat' dir='ltr'><strong>habere:</strong></span> <span class='ocrx_word' id='word_1_219' title='bbox 1229 3091 1266 3152; x_wconf 82' lang='lat' dir='ltr'><strong>L.</strong></span> <span class='ocrx_word' id='word_1_220' title='bbox 1281 3090 1311 3151; x_wconf 91' lang='lat'><strong>1.</strong></span> 
     </span>
     <span class='ocr_line' id='line_1_26' title="bbox 56 3193 1311 3280; baseline 0.002 -24"><span class='ocrx_word' id='word_1_221' title='bbox 56 3197 99 3257; x_wconf 86' lang='lat' dir='ltr'><strong>D.</strong></span> <span class='ocrx_word' id='word_1_222' title='bbox 123 3197 216 3272; x_wconf 77' lang='lat' dir='ltr'><strong>Quod</strong></span> <span class='ocrx_word' id='word_1_223' title='bbox 237 3198 354 3277; x_wconf 84' lang='lat' dir='ltr'><strong>cujuse.</strong></span> <span class='ocrx_word' id='word_1_224' title='bbox 377 3198 460 3258; x_wconf 67' lang='lat' dir='ltr'><strong>unm.</strong></span> <span class='ocrx_word' id='word_1_225' title='bbox 477 3216 558 3257; x_wconf 81' lang='lat' dir='ltr'><strong>nom.</strong></span> <span class='ocrx_word' id='word_1_226' title='bbox 580 3193 685 3257; x_wconf 89' lang='lat' dir='ltr'><strong>Iidem</strong></span> <span class='ocrx_word' id='word_1_227' title='bbox 706 3197 855 3276; x_wconf 71' lang='lat' dir='ltr'><strong>magistri</strong></span> <span class='ocrx_word' id='word_1_228' title='bbox 869 3198 1049 3256; x_wconf 71' lang='lat' dir='ltr'><strong>societatum</strong></span> <span class='ocrx_word' id='word_1_229' title='bbox 1074 3196 1106 3256; x_wconf 93' lang='lat' dir='ltr'><strong>in</strong></span> <span class='ocrx_word' id='word_1_230' title='bbox 1132 3195 1311 3280; x_wconf 88' lang='lat' dir='ltr'><strong>provinciis</strong></span> 
     </span>
     <span class='ocr_line' id='line_1_27' title="bbox 56 3300 1312 3386; baseline -0.002 -20"><span class='ocrx_word' id='word_1_231' title='bbox 56 3303 229 3368; x_wconf 88' lang='lat' dir='ltr'><strong>habebant</strong></span> <span class='ocrx_word' id='word_1_232' title='bbox 244 3301 372 3385; x_wconf 88' lang='lat' dir='ltr'><strong>aliquos</strong></span> <span class='ocrx_word' id='word_1_233' title='bbox 384 3321 444 3382; x_wconf 83' lang='lat' dir='ltr'><strong>pro</strong></span> <span class='ocrx_word' id='word_1_234' title='bbox 456 3307 619 3386; x_wconf 73' lang='lat' dir='ltr'><strong>magistro,</strong></span> <span class='ocrx_word' id='word_1_235' title='bbox 632 3301 724 3386; x_wconf 88' lang='lat' dir='ltr'><strong>quasi</strong></span> <span class='ocrx_word' id='word_1_236' title='bbox 740 3301 882 3365; x_wconf 88' lang='lat' dir='ltr'><strong>muneris</strong></span> <span class='ocrx_word' id='word_1_237' title='bbox 897 3301 948 3363; x_wconf 85' lang='lat' dir='ltr'><strong>ani</strong></span> <span class='ocrx_word' id='word_1_238' title='bbox 964 3300 1112 3378; x_wconf 88' lang='lat' dir='ltr'><strong>vicarios,</strong></span> <span class='ocrx_word' id='word_1_239' title='bbox 1128 3301 1312 3365; x_wconf 87' lang='lat' dir='ltr'><strong>societatis-</strong></span> 
     </span>
     <span class='ocr_line' id='line_1_28' title="bbox 57 3405 1310 3496; baseline -0.003 -22"><span class='ocrx_word' id='word_1_240' title='bbox 57 3431 125 3496; x_wconf 90' lang='lat' dir='ltr'><strong>que</strong></span> <span class='ocrx_word' id='word_1_241' title='bbox 148 3411 351 3495; x_wconf 85' lang='lat' dir='ltr'><strong>praefectos:</strong></span> <span class='ocrx_word' id='word_1_242' title='bbox 375 3409 494 3473; x_wconf 86' lang='lat' dir='ltr'><strong>Cicero</strong></span> <span class='ocrx_word' id='word_1_243' title='bbox 514 3409 559 3469; x_wconf 87' lang='lat' dir='ltr'><strong>od</strong></span> <span class='ocrx_word' id='word_1_244' title='bbox 575 3411 715 3472; x_wconf 75' lang='lat' dir='ltr'><strong>Atticum</strong></span> <span class='ocrx_word' id='word_1_245' title='bbox 734 3411 774 3470; x_wconf 88' lang='lat' dir='ltr'><strong>X.</strong></span> <span class='ocrx_word' id='word_1_246' title='bbox 791 3410 840 3471; x_wconf 90' lang='grc'><strong>10.</strong></span> <span class='ocrx_word' id='word_1_247' title='bbox 864 3407 959 3487; x_wconf 87' lang='lat' dir='ltr'><strong>Quae</strong></span> <span class='ocrx_word' id='word_1_248' title='bbox 981 3405 1090 3470; x_wconf 88' lang='lat' dir='ltr'><strong>omnia</strong></span> <span class='ocrx_word' id='word_1_249' title='bbox 1113 3407 1310 3491; x_wconf 90' lang='lat' dir='ltr'><strong>optimorum</strong></span> 
     </span>
     <span class='ocr_line' id='line_1_29' title="bbox 7 3513 1311 3598; baseline -0.005 -14"><span class='ocrx_word' id='word_1_250' title='bbox 7 3589 8 3592; x_wconf 48' lang='lat'><strong>,</strong></span> <span class='ocrx_word' id='word_1_251' title='bbox 57 3527 240 3584; x_wconf 77' lang='lat' dir='ltr'><strong>auctorum·</strong></span> <span class='ocrx_word' id='word_1_252' title='bbox 250 3516 445 3581; x_wconf 75' lang='lat' dir='ltr'><strong>testimoniis</strong></span> <span class='ocrx_word' id='word_1_253' title='bbox 467 3514 654 3578; x_wconf 86' lang='lat' dir='ltr'><strong>luculenter</strong></span> <span class='ocrx_word' id='word_1_254' title='bbox 670 3515 896 3581; x_wconf 82' lang='lat' dir='ltr'><strong>demonstrent</strong></span> <span class='ocrx_word' id='word_1_255' title='bbox 911 3516 985 3579; x_wconf 88' lang='lat' dir='ltr'><strong>Gar.</strong></span> <span class='ocrx_word' id='word_1_256' title='bbox 1000 3513 1155 3598; x_wconf 82' lang='lat' dir='ltr'><strong>Sigonius</strong></span> <span class='ocrx_word' id='word_1_257' title='bbox 1170 3516 1210 3576; x_wconf 80' lang='lat' dir='ltr'><strong>de</strong></span> <span class='ocrx_word' id='word_1_258' title='bbox 1229 3519 1311 3578; x_wconf 83' lang='lat' dir='ltr'><strong>onti-</strong></span> 
     </span>
    </p>
   </div>
   <div class='ocr_carea' id='block_1_5' title="bbox 54 3727 1356 4645">
    <p class='ocr_par' dir='ltr' id='par_1_6' title="bbox 54 3727 1356 4645">
     <span class='ocr_line' id='line_1_30' title="bbox 127 3727 1312 3802; baseline -0.005 -15"><span class='ocrx_word' id='word_1_259' title='bbox 127 3735 164 3802; x_wconf 84' lang='lat' dir='ltr'><strong>h)</strong></span> <span class='ocrx_word' id='word_1_260' title='bbox 183 3734 228 3785; x_wconf 88' lang='lat' dir='ltr'><strong>De</strong></span> <span class='ocrx_word' id='word_1_261' title='bbox 239 3731 312 3800; x_wconf 78' lang='lat' dir='ltr'><strong>juris</strong></span> <span class='ocrx_word' id='word_1_262' title='bbox 329 3729 526 3798; x_wconf 73' lang='lat' dir='ltr'><strong>emphyteutici</strong></span> <span class='ocrx_word' id='word_1_263' title='bbox 546 3728 653 3798; x_wconf 70' lang='lat' dir='ltr'><strong>origine</strong></span> <span class='ocrx_word' id='word_1_264' title='bbox 669 3729 723 3785; x_wconf 81' lang='lat' dir='ltr'><strong>vid.</strong></span> <span class='ocrx_word' id='word_1_265' title='bbox 741 3745 796 3782; x_wconf 76' lang='lat' dir='ltr'><strong>son</strong></span> <span class='ocrx_word' id='word_1_266' title='bbox 813 3730 932 3797; x_wconf 73' lang='lat' dir='ltr'><strong>Savigny</strong></span> <span class='ocrx_word' id='word_1_267' title='bbox 951 3730 999 3788; x_wconf 75' lang='lat' dir='ltr'><strong>dea</strong></span> <span class='ocrx_word' id='word_1_268' title='bbox 1016 3727 1105 3785; x_wconf 81' lang='lat' dir='ltr'><strong>Recdt</strong></span> <span class='ocrx_word' id='word_1_269' title='bbox 1125 3728 1171 3785; x_wconf 75' lang='lat' dir='ltr'><strong>dar</strong></span> <span class='ocrx_word' id='word_1_270' title='bbox 1189 3729 1312 3785; x_wconf 71' lang='lat' dir='ltr'><strong>Barium</strong></span> 
     </span>
     <span class='ocr_line' id='line_1_31' title="bbox 56 3809 1312 3890; baseline -0.006 -18"><span class='ocrx_word' id='word_1_271' title='bbox 56 3821 78 3890; x_wconf 65' lang='grc' dir='ltr'><strong>ξ.</strong></span> <span class='ocrx_word' id='word_1_272' title='bbox 90 3825 115 3872; x_wconf 85' lang='grc'><strong>9.</strong></span> <span class='ocrx_word' id='word_1_273' title='bbox 134 3835 162 3885; x_wconf 77' lang='lat' dir='ltr'><strong>p.</strong></span> <span class='ocrx_word' id='word_1_274' title='bbox 177 3821 333 3875; x_wconf 78' lang='lat'>120—124.</span> <span class='ocrx_word' id='word_1_275' title='bbox 354 3817 411 3886; x_wconf 81' lang='lat' dir='ltr'><strong>(ed.</strong></span> <span class='ocrx_word' id='word_1_276' title='bbox 425 3817 476 3882; x_wconf 85' lang='grc'><strong>6.).</strong></span> <span class='ocrx_word' id='word_1_277' title='bbox 493 3815 529 3872; x_wconf 72' lang='lat' dir='ltr'><strong>C,</strong></span> <span class='ocrx_word' id='word_1_278' title='bbox 538 3817 568 3868; x_wconf 88' lang='lat' dir='ltr'><strong>F.</strong></span> <span class='ocrx_word' id='word_1_279' title='bbox 581 3816 614 3867; x_wconf 74' lang='lat' dir='ltr'><strong>A.</strong></span> <span class='ocrx_word' id='word_1_280' title='bbox 626 3815 687 3882; x_wconf 80' lang='lat' dir='ltr'><strong>Vuy</strong></span> <span class='ocrx_word' id='word_1_281' title='bbox 702 3814 773 3865; x_wconf 81' lang='lat' dir='ltr'><strong>Dies.</strong></span> <span class='ocrx_word' id='word_1_282' title='bbox 794 3813 824 3864; x_wconf 88' lang='lat' dir='ltr'><strong>de</strong></span> <span class='ocrx_word' id='word_1_283' title='bbox 833 3809 975 3885; x_wconf 73' lang='lat' dir='ltr'><strong>oripinibus</strong></span> <span class='ocrx_word' id='word_1_284' title='bbox 989 3813 1194 3882; x_wconf 70' lang='lat' dir='ltr'><strong>eiecturajurir</strong></span> <span class='ocrx_word' id='word_1_285' title='bbox 1206 3812 1312 3882; x_wconf 73' lang='lat' dir='ltr'><strong>emphy-</strong></span> 
     </span>
     <span class='ocr_line' id='line_1_32' title="bbox 57 3893 1313 3973; baseline -0.009 -17"><span class='ocrx_word' id='word_1_286' title='bbox 57 3893 149 3957; x_wconf 71' lang='lat' dir='ltr'><strong>teritr&#39;ci</strong></span> <span class='ocrx_word' id='word_1_287' title='bbox 159 3904 353 3955; x_wconf 84' lang='lat' dir='ltr'><strong>Romanorum.</strong></span> <span class='ocrx_word' id='word_1_288' title='bbox 365 3899 491 3973; x_wconf 82' lang='lat' dir='ltr'><strong>Heidelb.</strong></span> <span class='ocrx_word' id='word_1_289' title='bbox 505 3903 579 3952; x_wconf 83' lang='grc'><strong>1838.</strong></span> <span class='ocrx_word' id='word_1_290' title='bbox 587 3904 611 3953; x_wconf 83' lang='grc'><strong>8.</strong></span> <span class='ocrx_word' id='word_1_291' title='bbox 623 3929 652 3938; x_wconf 90' lang='grc'><strong>-</strong></span> <span class='ocrx_word' id='word_1_292' title='bbox 667 3897 708 3952; x_wconf 78' lang='lat' dir='ltr'><strong>Cf.</strong></span> <span class='ocrx_word' id='word_1_293' title='bbox 716 3899 747 3950; x_wconf 82' lang='lat' dir='ltr'><strong>F.</strong></span> <span class='ocrx_word' id='word_1_294' title='bbox 758 3898 804 3951; x_wconf 87' lang='lat' dir='ltr'><strong>W.</strong></span> <span class='ocrx_word' id='word_1_295' title='bbox 823 3913 876 3950; x_wconf 87' lang='lat' dir='ltr'><strong>von</strong></span> <span class='ocrx_word' id='word_1_296' title='bbox 889 3895 1132 3966; x_wconf 73' lang='lat' dir='ltr'><strong>&#39;ligerstrdmiiier</strong></span> <span class='ocrx_word' id='word_1_297' title='bbox 1143 3894 1313 3963; x_wconf 80' lang='lat' dir='ltr'><strong>dcesriiiere</strong></span> 
     </span>
     <span class='ocr_line' id='line_1_33' title="bbox 64 3979 1312 4052; baseline -0.008 -12"><span class='ocrx_word' id='word_1_298' title='bbox 64 3987 229 4040; x_wconf 76' lang='lat' dir='ltr'><strong>Veriiiduiss</strong></span> <span class='ocrx_word' id='word_1_299' title='bbox 246 3987 292 4038; x_wconf 80' lang='lat' dir='ltr'><strong>des</strong></span> <span class='ocrx_word' id='word_1_300' title='bbox 309 3983 411 4038; x_wconf 76' lang='lat' dir='ltr'><strong>Recita</strong></span> <span class='ocrx_word' id='word_1_301' title='bbox 428 4001 470 4037; x_wconf 79' lang='lat' dir='ltr'><strong>am</strong></span> <span class='ocrx_word' id='word_1_302' title='bbox 489 4001 555 4051; x_wconf 67' lang='lat' dir='ltr'><strong>aper</strong></span> <span class='ocrx_word' id='word_1_303' title='bbox 571 3983 712 4052; x_wconf 73' lang='lat' dir='ltr'><strong>veetipniis.</strong></span> <span class='ocrx_word' id='word_1_304' title='bbox 730 3979 985 4035; x_wconf 74' lang='lat' dir='ltr'><strong>Greitsw.1828.-</strong></span> <span class='ocrx_word' id='word_1_305' title='bbox 1001 3979 1144 4034; x_wconf 74' lang='lat' dir='ltr'><strong>Caeterum</strong></span> <span class='ocrx_word' id='word_1_306' title='bbox 1161 3981 1312 4034; x_wconf 82' lang='lat' dir='ltr'><strong>¹eonceden-</strong></span> 
     </span>
     <span class='ocr_line' id='line_1_34' title="bbox 57 4064 1313 4137; baseline -0.008 -11"><span class='ocrx_word' id='word_1_307' title='bbox 57 4074 126 4126; x_wconf 80' lang='lat' dir='ltr'><strong>dum</strong></span> <span class='ocrx_word' id='word_1_308' title='bbox 143 4085 200 4124; x_wconf 87' lang='lat' dir='ltr'><strong>nou</strong></span> <span class='ocrx_word' id='word_1_309' title='bbox 218 4078 260 4124; x_wconf 84' lang='lat' dir='ltr'><strong>eet</strong></span> <span class='ocrx_word' id='word_1_310' title='bbox 271 4071 429 4136; x_wconf 87' lang='lat' dir='ltr'><strong>lieineecio,</strong></span> <span class='ocrx_word' id='word_1_311' title='bbox 447 4068 474 4121; x_wconf 85' lang='lat' dir='ltr'><strong>in</strong></span> <span class='ocrx_word' id='word_1_312' title='bbox 493 4083 629 4134; x_wconf 68' lang='lat' dir='ltr'><strong>agrorum,</strong></span> <span class='ocrx_word' id='word_1_313' title='bbox 647 4066 695 4136; x_wconf 83' lang='lat' dir='ltr'><strong>qni</strong></span> <span class='ocrx_word' id='word_1_314' title='bbox 706 4065 864 4132; x_wconf 77' lang='lat' dir='ltr'><strong>nmieipns</strong></span> <span class='ocrx_word' id='word_1_315' title='bbox 874 4064 1000 4130; x_wconf 75' lang='lat' dir='ltr'><strong>permissi</strong></span> <span class='ocrx_word' id='word_1_316' title='bbox 1011 4070 1109 4129; x_wconf 68' lang='lat' dir='ltr'><strong>esunt,</strong></span> <span class='ocrx_word' id='word_1_317' title='bbox 1128 4069 1159 4136; x_wconf 83' lang='lat' dir='ltr'><strong>ut</strong></span> <span class='ocrx_word' id='word_1_318' title='bbox 1171 4081 1206 4116; x_wconf 87' lang='lat' dir='ltr'><strong>ex</strong></span> <span class='ocrx_word' id='word_1_319' title='bbox 1217 4079 1313 4137; x_wconf 81' lang='lat' dir='ltr'><strong>eorum</strong></span> 
     </span>
     <span class='ocr_line' id='line_1_35' title="bbox 56 4149 1313 4226; baseline -0.006 -16"><span class='ocrx_word' id='word_1_320' title='bbox 56 4157 193 4211; x_wconf 83' lang='lat' dir='ltr'><strong>reditibus</strong></span> <span class='ocrx_word' id='word_1_321' title='bbox 211 4156 423 4226; x_wconf 81' lang='lat' dir='ltr'><strong>municipiorum</strong></span> <span class='ocrx_word' id='word_1_322' title='bbox 446 4168 531 4206; x_wconf 83' lang='lat' dir='ltr'><strong>onera</strong></span> <span class='ocrx_word' id='word_1_323' title='bbox 553 4151 758 4218; x_wconf 62' lang='lat' dir='ltr'><strong>sustinerentur,</strong></span> <span class='ocrx_word' id='word_1_324' title='bbox 781 4149 923 4214; x_wconf 78' lang='lat' dir='ltr'><strong>locatione,</strong></span> <span class='ocrx_word' id='word_1_325' title='bbox 949 4149 1080 4216; x_wconf 78' lang='lat' dir='ltr'><strong>originem</strong></span> <span class='ocrx_word' id='word_1_326' title='bbox 1103 4163 1163 4202; x_wconf 83' lang='lat' dir='ltr'><strong>esse</strong></span> <span class='ocrx_word' id='word_1_327' title='bbox 1182 4165 1313 4216; x_wconf 82' lang='lat' dir='ltr'><strong>quaeren-</strong></span> 
     </span>
     <span class='ocr_line' id='line_1_36' title="bbox 56 4232 1356 4308; baseline -0.008 -13"><span class='ocrx_word' id='word_1_328' title='bbox 56 4245 123 4295; x_wconf 80' lang='lat' dir='ltr'><strong>dem</strong></span> <span class='ocrx_word' id='word_1_329' title='bbox 142 4241 336 4308; x_wconf 79' lang='lat' dir='ltr'><strong>emphyteuu‘ci</strong></span> <span class='ocrx_word' id='word_1_330' title='bbox 350 4239 430 4308; x_wconf 85' lang='lat' dir='ltr'><strong>juris.</strong></span> <span class='ocrx_word' id='word_1_331' title='bbox 447 4237 530 4291; x_wconf 89' lang='lat' dir='ltr'><strong>Ratio</strong></span> <span class='ocrx_word' id='word_1_332' title='bbox 547 4234 619 4287; x_wconf 90' lang='lat' dir='ltr'><strong>enim</strong></span> <span class='ocrx_word' id='word_1_333' title='bbox 636 4235 691 4297; x_wconf 89' lang='lat' dir='ltr'><strong>illa,</strong></span> <span class='ocrx_word' id='word_1_334' title='bbox 710 4249 789 4301; x_wconf 75' lang='lat' dir='ltr'><strong>agros</strong></span> <span class='ocrx_word' id='word_1_335' title='bbox 813 4232 938 4298; x_wconf 88' lang='lat' dir='ltr'><strong>publicos</strong></span> <span class='ocrx_word' id='word_1_336' title='bbox 964 4233 1015 4284; x_wconf 89' lang='lat' dir='ltr'><strong>snb</strong></span> <span class='ocrx_word' id='word_1_337' title='bbox 1033 4234 1092 4297; x_wconf 74' lang='lat' dir='ltr'><strong>lege</strong></span> <span class='ocrx_word' id='word_1_338' title='bbox 1114 4232 1247 4297; x_wconf 84' lang='lat' dir='ltr'><strong>vectigali,</strong></span> <span class='ocrx_word' id='word_1_339' title='bbox 1265 4240 1313 4284; x_wconf 83' lang='lat' dir='ltr'><strong>eut</strong></span> <span class='ocrx_word' id='word_1_340' title='bbox 1355 4267 1356 4272; x_wconf 66' lang='lat'><strong>,</strong></span> 
     </span>
     <span class='ocr_line' id='line_1_37' title="bbox 55 4317 1312 4393; baseline -0.01 -12"><span class='ocrx_word' id='word_1_341' title='bbox 55 4328 84 4381; x_wconf 92' lang='lat' dir='ltr'><strong>in</strong></span> <span class='ocrx_word' id='word_1_342' title='bbox 102 4331 269 4393; x_wconf 85' lang='lat' dir='ltr'><strong>perpetuum</strong></span> <span class='ocrx_word' id='word_1_343' title='bbox 287 4325 380 4378; x_wconf 88' lang='lat' dir='ltr'><strong>autin</strong></span> <span class='ocrx_word' id='word_1_344' title='bbox 399 4328 501 4374; x_wconf 85' lang='lat' dir='ltr'><strong>certum</strong></span> <span class='ocrx_word' id='word_1_345' title='bbox 523 4326 631 4386; x_wconf 84' lang='lat' dir='ltr'><strong>tempus</strong></span> <span class='ocrx_word' id='word_1_346' title='bbox 648 4319 765 4382; x_wconf 87' lang='lat' dir='ltr'><strong>locandi,</strong></span> <span class='ocrx_word' id='word_1_347' title='bbox 786 4319 821 4370; x_wconf 86' lang='lat' dir='ltr'><strong>ab</strong></span> <span class='ocrx_word' id='word_1_348' title='bbox 838 4318 900 4384; x_wconf 82' lang='lat' dir='ltr'><strong>ipso</strong></span> <span class='ocrx_word' id='word_1_349' title='bbox 924 4318 1027 4383; x_wconf 88' lang='lat' dir='ltr'><strong>populo</strong></span> <span class='ocrx_word' id='word_1_350' title='bbox 1041 4317 1166 4368; x_wconf 86' lang='lat' dir='ltr'><strong>Romano</strong></span> <span class='ocrx_word' id='word_1_351' title='bbox 1184 4317 1312 4381; x_wconf 85' lang='lat' dir='ltr'><strong>proiecte,</strong></span> 
     </span>
     <span class='ocr_line' id='line_1_38' title="bbox 55 4401 1313 4476; baseline -0.01 -11"><span class='ocrx_word' id='word_1_352' title='bbox 55 4413 225 4473; x_wconf 84' lang='lat' dir='ltr'><strong>sacerdotes,</strong></span> <span class='ocrx_word' id='word_1_353' title='bbox 234 4407 459 4476; x_wconf 79' lang='lat' dir='ltr'><strong>municipce,elii,</strong></span> <span class='ocrx_word' id='word_1_354' title='bbox 473 4403 696 4461; x_wconf 63' lang='lat' dir='ltr'><strong>mundemini</strong></span> <span class='ocrx_word' id='word_1_355' title='bbox 705 4407 770 4468; x_wconf 68' lang='lat' dir='ltr'><strong>sunt</strong></span> <span class='ocrx_word' id='word_1_356' title='bbox 780 4401 941 4469; x_wconf 60' lang='lat' dir='ltr'><strong>(savignyt</strong></span> <span class='ocrx_word' id='word_1_357' title='bbox 955 4402 1006 4462; x_wconf 67' lang='grc' dir='ltr'><strong>ως</strong></span> <span class='ocrx_word' id='word_1_358' title='bbox 1024 4406 1170 4465; x_wconf 81' lang='lat' dir='ltr'><strong>praeterea,</strong></span> <span class='ocrx_word' id='word_1_359' title='bbox 1183 4401 1313 4467; x_wconf 85' lang='lat' dir='ltr'><strong>queelrac</strong></span> 
     </span>
     <span class='ocr_line' id='line_1_39' title="bbox 55 4483 1315 4565; baseline -0.014 -14"><span class='ocrx_word' id='word_1_360' title='bbox 55 4501 117 4565; x_wconf 77' lang='lat' dir='ltr'><strong>lege</strong></span> <span class='ocrx_word' id='word_1_361' title='bbox 129 4513 147 4548; x_wconf 89' lang='lat' dir='ltr'><strong>a</strong></span> <span class='ocrx_word' id='word_1_362' title='bbox 159 4495 343 4558; x_wconf 79' lang='lat' dir='ltr'><strong>municipibus</strong></span> <span class='ocrx_word' id='word_1_363' title='bbox 359 4494 447 4548; x_wconf 75' lang='lat' dir='ltr'><strong>locata</strong></span> <span class='ocrx_word' id='word_1_364' title='bbox 463 4496 528 4543; x_wconf 84' lang='lat' dir='ltr'><strong>sunt</strong></span> <span class='ocrx_word' id='word_1_365' title='bbox 541 4489 661 4557; x_wconf 76' lang='lat' dir='ltr'><strong>praedia,</strong></span> <span class='ocrx_word' id='word_1_366' title='bbox 676 4503 729 4540; x_wconf 81' lang='lat' dir='ltr'><strong>non</strong></span> <span class='ocrx_word' id='word_1_367' title='bbox 742 4486 810 4552; x_wconf 78' lang='lat' dir='ltr'><strong>ipsis</strong></span> <span class='ocrx_word' id='word_1_368' title='bbox 826 4492 931 4538; x_wconf 65' lang='lat' dir='ltr'><strong>unum</strong></span> <span class='ocrx_word' id='word_1_369' title='bbox 947 4485 1086 4550; x_wconf 83' lang='lat' dir='ltr'><strong>permissa,</strong></span> <span class='ocrx_word' id='word_1_370' title='bbox 1096 4499 1188 4536; x_wconf 71' lang='lat' dir='ltr'><strong>mum</strong></span> <span class='ocrx_word' id='word_1_371' title='bbox 1203 4483 1315 4547; x_wconf 77' lang='lat' dir='ltr'><strong>propria</strong></span> 
     </span>
     <span class='ocr_line' id='line_1_40' title="bbox 54 4565 1312 4645; baseline -0.016 -11"><span class='ocrx_word' id='word_1_372' title='bbox 54 4585 169 4636; x_wconf 82' lang='lat' dir='ltr'><strong>luerunt</strong></span> <span class='ocrx_word' id='word_1_373' title='bbox 188 4579 406 4645; x_wconf 72' lang='lat' dir='ltr'><strong>municipiorum</strong></span> <span class='ocrx_word' id='word_1_374' title='bbox 425 4576 489 4630; x_wconf 80' lang='lat' dir='ltr'><strong>vid.</strong></span> <span class='ocrx_word' id='word_1_375' title='bbox 502 4575 564 4640; x_wconf 76' lang='lat' dir='ltr'><strong>Gaj.</strong></span> <span class='ocrx_word' id='word_1_376' title='bbox 578 4575 628 4628; x_wconf 85' lang='lat' dir='ltr'><strong>lll.</strong></span> <span class='ocrx_word' id='word_1_377' title='bbox 642 4575 664 4640; x_wconf 65' lang='grc' dir='ltr'><strong>ξ.</strong></span> <span class='ocrx_word' id='word_1_378' title='bbox 675 4576 731 4624; x_wconf 75' lang='grc'><strong>146.</strong></span> <span class='ocrx_word' id='word_1_379' title='bbox 743 4573 777 4622; x_wconf 81' lang='grc' dir='ltr'><strong>Ι..</strong></span> <span class='ocrx_word' id='word_1_380' title='bbox 795 4576 818 4622; x_wconf 85' lang='lat' dir='ltr'><strong>l.</strong></span> <span class='ocrx_word' id='word_1_381' title='bbox 836 4571 857 4636; x_wconf 72' lang='lat'><strong>§-</strong></span> <span class='ocrx_word' id='word_1_382' title='bbox 876 4575 898 4621; x_wconf 86' lang='lat' dir='ltr'><strong>i.</strong></span> <span class='ocrx_word' id='word_1_383' title='bbox 919 4569 954 4619; x_wconf 88' lang='lat' dir='ltr'><strong>D.</strong></span> <span class='ocrx_word' id='word_1_384' title='bbox 968 4570 992 4619; x_wconf 75' lang='grc' dir='ltr'><strong>εί</strong></span> <span class='ocrx_word' id='word_1_385' title='bbox 1009 4587 1073 4636; x_wconf 74' lang='lat' dir='ltr'><strong>aper</strong></span> <span class='ocrx_word' id='word_1_386' title='bbox 1092 4567 1210 4634; x_wconf 76' lang='lat' dir='ltr'><strong>vectiyol.</strong></span> <span class='ocrx_word' id='word_1_387' title='bbox 1226 4565 1312 4618; x_wconf 75' lang='lat' dir='ltr'><strong>Mitti.</strong></span> 
     </span>
    </p>
   </div>
   <div class='ocr_carea' id='block_1_6' title="bbox 0 0 1544 5154">
    <p class='ocr_par' dir='ltr' id='par_1_7' title="bbox 0 0 1544 5154">
     <span class='ocr_line' id='line_1_41' title="bbox 0 0 1544 5154; baseline 0 0"><span class='ocrx_word' id='word_1_388' title='bbox 0 0 1544 5154; x_wconf 95' lang='lat' dir='ltr'><strong> </strong></span> 
     </span>
    </p>
   </div>
  </div>
 </body>
</html>
