3040 5164
205 515 207 520 Ι
251 419 421 491 11111111.
447 421 555 492 Diris.
583 423 637 490 Er
663 425 815 511 Anpuru.
841 427 955 496 lesan.
982 427 1075 499 11011.
1218 435 1290 503 :sat

25 597 102 675 jure
119 601 183 657 cria.
201 595 326 660 Romi.
342 598 392 659 11.
411 597 479 662 Sed
494 620 555 662 nec
572 601 755 665 Varronem
774 604 889 667 modos
912 625 1026 669 omnes
1041 625 1214 669 recensere
1233 628 1292 670 vo-

31 701 149 784 luisse,
170 726 267 788 quum
292 727 335 767 ex
350 706 511 790 particula
532 725 633 790 nunu,
650 731 714 794 qua
735 712 847 794 utitur,
863 721 930 776 tum
946 715 1123 798 praecipue
1140 723 1232 797 patet
1247 735 1290 778 ex

31 811 176 894 Ulpiani
198 814 328 895 Fragm.
351 815 441 874 XIX.
461 813 491 876 2.
516 817 571 880 ubi
592 825 625 880 et
649 819 926 900 adjudicationem,
953 829 986 884 et
1010 825 1109 906 legem
1132 827 1291 884 memorat

31 919 299 984 iureconsultus.
320 921 440 984 Iisdem
463 943 544 985 vero
565 923 653 988 haud
675 926 839 990 immerito
859 929 1019 1013 adjeceris
1045 931 1290 1012 adrogantium,

33 1029 244 1100 donationem,
256 1035 290 1089 et
305 1029 447 1110 modum,
464 1053 561 1115 quem
571 1033 691 1095 SOtum
702 1035 911 1097 Claudianum
926 1037 1067 1100 induxit.
1083 1035 1178 1114 Quae
1192 1057 1290 1120 quum

35 1135 75 1196 ita
91 1135 179 1216 sint,
197 1136 373 1199 duodecim
390 1145 486 1200 erunt
507 1139 597 1201 modi
617 1140 815 1226 adquirendi
831 1143 915 1228 juris
930 1144 1126 1227 Quiritium,
1141 1147 1167 1206 Ι.
1185 1161 1290 1208 nunu.-

36 1259 147 1324 unas,
174 1245 220 1303 II.
238 1261 459 1328 uuucrrnrro,
485 1247 544 1308 III.
568 1265 711 1312 mourut
737 1265 862 1330 cassio,
888 1251 946 1314 IV.
966 1269 1142 1334 usucnrm,
1172 1251 1207 1312 V.
1228 1267 1290 1315 sua

37 1367 169 1414 cononi
200 1369 326 1435 nuato,
361 1353 413 1414 VI.
441 1370 583 1434 nucum,
623 1355 693 1418 VII.
718 1375 899 1438 unanimo,
936 1359 1022 1421 VIII.
1053 1375 1289 1438 insument-ro,

39 1460 89 1519 IX.
108 1477 199 1542 nex,
225 1461 266 1522 X.
290 1477 498 1544 ranacario,
526 1463 583 1524 XI.
606 1471 818 1546 1101111109),
844 1468 918 1528 XII.
939 1484 1054 1531 nouus
1076 1483 1290 1544 ancorarum

39 1583 79 1628 nx
103 1583 190 1630 soro
217 1585 423 1632 0110011110.
453 1569 507 1632 De
529 1569 635 1652 primo
659 1571 759 1636 modo
780 1573 866 1636 inira
888 1575 957 1637 Lib.
982 1576 1025 1637 II.
1053 1575 1110 1636 Iit.
1134 1575 1225 1637 XIX.
1246 1575 1289 1637 de

45 1683 149 1757 quarto
169 1675 270 1737 Diiro
290 1677 331 1737 II.
356 1677 413 1739 iit.
436 1677 488 1742 VI.
507 1678 549 1741 de
572 1679 702 1743 decimo
722 1681 789 1742 Lib.
809 1683 867 1743 ΙΙΙ.
891 1683 948 1745 Iit.
969 1684 1026 1744 XI.
1050 1683 1092 1745 de
1113 1661 1312 1745 undecima

46 1782 236 1846 11111191.
262 1783 332 1844 VII.
354 1785 396 1847 de
420 1783 535 1848 ultimo
552 1785 618 1848 Lib.
629 1778 688 1848 III.
716 1789 883 1850 1111111.
905 1811 1048 1873 agemus.
1069 1790 1124 1853 De
1146 1789 1291 1854 secundo

45 1889 133 1952 modo
148 1892 223 1975 jam
246 1891 388 1955 diximus
406 1915 503 1978 supra
518 1895 547 1976 §.
567 1895 617 1958 16.
632 1895 682 1957 17.
707 1897 798 1982 Ergo
819 1906 945 1962 restant
968 1902 1091 1982 injure
1106 1902 1212 1970 cessio,
1232 1897 1291 1959 sub

42 2015 145 2060 corona
159 2003 263 2074 amno,
283 2007 395 2075 auctio,
416 2003 556 2074 traditis,
574 2005 777 2084 adjudicatio,
799 2013 833 2068 et
848 2009 913 2068 lea:
936 2005 978 2070 de
996 2008 1114 2092 quibus
1129 2003 1289 2068 nonnulla

45 2127 80 2170 ex
94 2107 348 2192 antiquitatibus
365 2119 461 2174 erunt
476 2111 650 2174 monenda.

612 2293 642 2374 §-
663 2292 714 2356 aa

513 2408 586 2466 Quid
601 2409 706 2479 injure
724 2409 822 2460 cessio?

122 2507 167 2569 ΙΝ
181 2523 263 2570 sunu
282 2524 507 2574 canunturun
523 2530 575 2572 res
590 2517 657 2573 turn
674 2508 827 2590 mancipi,
844 2516 910 2572 tum
928 2527 989 2571 nec
1005 2508 1147 2593 mancipi
1162 2515 1205 2592 ¹),
1224 2529 1289 2572 non

49 2728 102 2780 Vid.
112 2736 136 2783 et
151 2731 288 2798 Schiiling
299 2732 377 2784 Bam.
392 2729 458 2784 iiber
477 2733 513 2784 R.
531 2732 565 2784 G.
583 2747 608 2797 p.
621 2736 656 2786 70
668 2736 745 2786 -73.
760 2731 920 2785 Communis
932 2737 990 2784 erat
1002 2730 1116 2784 sectioni
1133 2733 1160 2782 et
1171 2730 1291 2783 auctioni

53 2811 125 2866 iactos
140 2833 208 2868 usus
229 2815 350 2882 (Stieber
368 2817 385 2868 i.
404 2817 422 2868 i.
439 2816 461 2882 i.
479 2820 503 2869 7.
522 2821 549 2868 ct
567 2817 633 2881 Cap.
651 2817 702 2869 ΙΙΙ.
721 2817 742 2884 ξ.
759 2819 828 2884 22),
846 2818 965 2885 itemque
982 2817 1096 2870 sectioni
1111 2822 1139 2867 et
1156 2817 1291 2870 bonorum

53 2897 166 2954 debitoris
187 2900 310 2954 obaerati
328 2901 478 2954 venditioni
492 2919 545 2971 prr
562 2893 903 2954 maineru'tatem'raccsssia
921 2903 990 2968 ejus,
1009 2901 1056 2969 qui
1074 2902 1223 2968 plurimum
1242 2901 1291 2954 ob·

50 2985 141 3037 tulerat.
167 2986 211 3038 Cf.
231 2986 293 3052 Gaj.
310 2986 360 3038 lv.
380 2992 437 3039 145.
458 2991 515 3040 146.
534 2989 699 3052 „Bonorum
715 3017 746 3028 -
766 2987 863 3040 emtori
881 2987 1003 3039 similiter
1024 2989 1070 3054 (ut
1087 2986 1292 3056 11010ηο1101-

51 3073 144 3138 sessam)
164 3061 331 3136 proponitur
348 3071 530 3136 interdictum,
549 3072 624 3140 quod
643 3072 753 3140 quidam
767 3073 957 3141 possessorium
974 3077 1079 3124 vocant.
1106 3073 1175 3124 Item
1193 3071 1227 3134 ei,
1243 3071 1291 3141 qui

53 3154 145 3216 publica
163 3157 238 3207 bona
256 3155 366 3219 emerit,
385 3157 507 3224 ejusdem
531 3158 695 3209 conditionis
719 3157 890 3209 interdictum
910 3155 1084 3221 proponitur,
1105 3155 1179 3222 quod
1198 3157 1291 3221 appel·

52 3238 110 3291 latur
124 3241 269 3293 sectarium
278 3259 289 3299 5
303 3241 377 3307 quod
394 3250 508 3308 sectores
525 3251 661 3302 uocantur,
680 3245 726 3311 qui
739 3241 844 3310 publice
861 3240 928 3293 douo
946 3239 1126 3291 mercantust'.
1153 3238 1239 3292 Mitt.

107 3328 137 3393 q)
160 3325 348 3378 Donationem
365 3326 397 3380 in·
412 3329 560 3380 formarum
574 3341 687 3380 nurnero
706 3325 879 3393 propriarum
896 3325 1004 3389 reterri,
1023 3323 1123 3392 quibus
1141 3323 1293 3378 dominium

50 3417 199 3476 quaeratur,
218 3410 330 3464 minime
352 3412 514 3466 convenicus
540 3419 589 3466 cst.
617 3413 688 3466 Nam
713 3413 788 3480 quod
812 3411 909 3480 legitur
926 3411 955 3464 in
982 3410 1037 3464 Vat.
1057 3411 1166 3478 Frapm.
1184 3409 1205 3477 i.
1223 3413 1293 3466 3103

50 3497 206 3556 „Perticitur
226 3497 337 3549 donatio
355 3495 383 3550 in
402 3498 523 3565 exceptis
542 3497 666 3565 personis
685 3499 744 3551 sota
761 3498 961 3564 mancipatione
976 3497 1020 3549 vel
1037 3495 1239 3565 promissione'',
1257 3496 1293 3548 ad

50 3576 120 3642 ipsius
143 3583 196 3650 jus
222 3581 376 3634 donationis
395 3587 513 3649 spectat,
532 3599 587 3635 non
605 3584 640 3635 ad
659 3581 772 3635 dominii
791 3582 1012 3650 acquisitionem,
1031 3581 1132 3650 quippe
1151 3597 1220 3650 quae
1237 3595 1293 3633 non

50 3664 92 3717 uisi
107 3675 155 3720 aut
175 3666 376 3732 mancipatione
404 3667 447 3736 (iu
464 3667 546 3720 rebus
563 3668 695 3736 mancipi)
716 3675 764 3720 aut
786 3668 933 3721 traditione
959 3670 1114 3720 efficeretur.
1146 3667 1211 3721 Vid.
1228 3667 1293 3722 vn.

51 3749 86 3802 Fr.
101 3753 119 3820 t.
136 3757 202 3806 266.
221 3756 280 3805 268.
301 3751 369 3819 (‚,si
386 3768 475 3822 neque
497 3753 679 3820 mancipatio,
697 3771 787 3822 neque
810 3752 922 3806 traditio
948 3759 1042 3807 secuta
1059 3759 1118 3817 est,
1137 3753 1203 3810 sotis
1221 3751 1293 3806 actis

52 3835 192 3892 dominium
210 3853 267 3890 non
284 3837 468 3906 transiisse''),
487 3839 507 3907 i.
525 3842 585 3892 299
603 3840 663 3891 Hac
681 3837 764 3905 igitur
782 3839 871 3904 specie
891 3838 1012 3891 abundat
1029 3835 1243 3906 adquisitiouum
1255 3836 1293 3890 ci·

52 3918 131 3975 uilium
151 3922 189 3974 ab
208 3923 328 3974 Auctore
346 3910 492 3976 relatarum
510 3939 647 3975 uumerus.
667 3925 774 3976 Rursus
792 3940 857 3976 vero
876 3926 983 3987 desunt,
1003 3939 1073 3991 quae
1084 3922 1172 3978 omitti
1184 3919 1295 3976 minime

57 4001 183 4070 debebant,
202 4006 331 4059 nimirum
349 4009 427 4059 sectio
443 3991 514 4074 (aid.
533 4013 589 4062 not
607 4010 649 4076 p.)
670 4012 698 4059 et
714 4007 744 4059 in
761 4023 871 4061 manum
888 4007 1032 4062 conventio
1042 4027 1049 4070 ;
1069 4009 1129 4077 Gaj.
1147 4007 1198 4062 111.
1215 4008 1236 4074 ξ.
1250 4011 1293 4062 82.

55 4087 185 4146 Caeterum
205 4097 313 4157 praetor
330 4095 467 4145 naturales
484 4099 513 4146 et
529 4093 620 4147 civiles
639 4094 836 4163 adquisitiones
850 4097 925 4150 fuere
936 4093 1017 4146 etiam
1034 4093 1201 4152 Praetoriae,
1219 4091 1294 4144 velut

53 4174 108 4242 ejus,
126 4178 177 4247 qui
196 4194 233 4228 cx
243 4179 338 4231 noxali
350 4194 433 4230 causa
448 4178 528 4246 jussu
542 4179 682 4232 Praetoris
697 4195 805 4234 servum
820 4180 944 4242 duxerat,
962 4181 1103 4232 Bonorum
1118 4177 1294 4243 possessoris,

53 4259 184 4315 Bonorum
203 4263 329 4327 emtoris,
345 4263 420 4315 aliae·
440 4265 481 4316 Cf.
499 4265 697 4318 Unterhoizner
715 4266 753 4318 im
776 4267 874 4319 Rier'u.
892 4266 962 4317 Mus.
981 4264 1005 4317 I.
1018 4282 1049 4332 p.
1068 4267 1125 4316 129.
1140 4277 1199 4332 sqq.
1217 4263 1252 4314 V.
1267 4278 1294 4334 p.

53 4347 72 4396 1.
87 4363 142 4417 sqq.
168 4350 265 4414 Pugge
285 4348 382 4402 retain.
403 4349 473 4400 Mus.
493 4349 529 4400 11.
547 4365 575 4414 p.
593 4355 653 4403 294.
671 4367 730 4419 sqq.
758 4352 895 4404 Zimmern
914 4347 1011 4401 utera.
1030 4349 1101 4402 Mur.
1119 4351 1168 4402 111.
1186 4365 1213 4415 p.
1233 4353 1293 4405 314.

55 4443 102 4500 tqq.
120 4434 255 4500 Schiiiing
272 4432 368 4485 lerrb.
378 4432 408 4500 s.
427 4433 493 4486 Iasi.
508 4452 533 4485 u.
554 4434 590 4486 R.
612 4435 644 4488 G.
663 4437 684 4502 ἓ.
706 4440 761 4488 tea.
779 4452 852 4488 uum.
870 4440 894 4487 4.
914 4432 1001 4486 tritt.

111 4522 140 4589 r)
161 4520 309 4590 Caeterum
325 4518 437 4585 praedia
454 4517 631 4582 provincialia
643 4535 692 4574 uec
703 4519 930 4584 mancipationem
938 4517 1113 4584 recipiebant,
1131 4535 1181 4571 nec
1193 4518 1220 4572 in
1233 4520 1300 4588 jure

50 4606 203 4676 cunonem.
221 4603 282 4670 Gaj.
300 4603 335 4656 ΙΙ.
353 4608 395 4659 31.
420 4601 506 4656 Mt'o'irl.
