3040 5164
273 364 329 432 Du
354 331 509 435 Usuclr.
536 366 590 438 Er
621 367 737 436 Losa!
761 369 880 439 Tune.
905 319 1080 443 Insuscn.
1210 373 1301 460 ‘881

56 562 124 604 nas.
143 540 265 624 Anger.
287 541 597 630 Paras.1782.8.]‚
625 545 758 631 quando
780 547 839 609 sub
861 566 1003 630 persona
1027 547 1219 614 Archidami
1240 551 1304 616 aits

48 647 138 715 Ἀλλὰ
155 645 213 732 μὴν
232 648 297 713 οὐδ’
319 641 415 715 inciso
440 651 519 734 ὑμᾶς
537 653 680 736 λέληθεν,
704 649 752 718 ὅτι
774 653 825 728 τὰς
845 652 978 738 κτήσεις,
997 658 1048 742 uui
1072 653 1129 732 τὰς
1151 656 1230 733 ἰδίας
1253 662 1305 724 καὶ

54 755 108 830 τὰς
129 755 246 836 κοινάς,
266 755 302 841 ἢν
322 752 502 841 ἐπαγέαητας
523 759 622 836 nolula
649 759 773 846 χρόνος,
795 767 901 841 κυρίας
923 763 973 826 καὶ
999 761 1142 847 πατρῴας
1170 755 1305 842 ἅπαντας

54 865 131 929 εἶναι
148 867 332 946 νομίζουσα.
354 867 533 930 Praeterea
552 890 609 930 nec
629 871 709 932 s'llud
725 889 779 930 vos
802 871 895 941 latet,
910 873 1137 950 possessiones,
1158 877 1222 936 sice
1235 879 1303 954 pri-

55 983 158 1046 vatos,
177 977 241 1034 sebe
257 973 410 1054 publicus,
432 978 463 1035 si
483 977 611 1058 longum
632 986 752 1058 tempus
772 978 992 1051 intercesserit,
1015 983 1176 1042 uniuersos
1197 985 1302 1044 ess’ati·

55 1101 139 1142 more
160 1081 220 1142 sibi
231 1084 379 1162 proprius
395 1102 463 1144 ease
478 1089 509 1143 et
525 1065 683 1164 tamqnam
699 1087 899 1165 patrimonio.

635 1225 664 1305 s.
686 1224 716 1287 2.

345 1325 348 1328 ¹
375 1337 434 1389 Lex
454 1337 523 1392 XII
536 1337 603 1392 sats.
622 1341 654 1392 de
671 1341 836 1408 usucapionis
854 1349 978 1409 tempore.
1059 1309 1062 1314 y

131 1439 273 1501 Romam
291 1457 362 1500 eam
378 1433 577 1503 invexerunt
600 1439 694 1525 leges
710 1441 963 1525 decemvirales,
979 1443 1012 1505 in
1030 1444 1147 1529 quibus
1162 1445 1210 1509 ita
1225 1467 1303 1510 cau-

57 1556 117 1610 tum
139 1546 294 1630 legimus:
322 1561 405 1610 usus
426 1564 640 1612 nucroarrns
664 1563 769 1612 soum
794 1567 938 1632 arnunu,
959 1569 1163 1616 seraranan
1185 1571 1302 1617 sanun

60 1671 185 1720 annuus
211 1669 296 1718 USUS
319 1671 420 1718 asro:
446 1655 599 1719 Gothofr.
624 1659 668 1718 ad
686 1657 785 1739 Legg.
811 1657 884 1718 XII
902 1659 992 1719 Taso.
1014 1662 1075 1720 tob.
1100 1662 1151 1722 VI.
1167 1662 1211 1743 d).
1232 1663 1302 1726 Res
1361 1661 1368 1678 ‘

62 1786 131 1848 ergo
151 1762 338 1825 immobiles
361 1761 490 1826 Romae
517 1763 671 1845 biennio,
692 1763 832 1826 mobiles
860 1785 946 1829 anno
970 1768 1302 1852 usucapiebanture).

62 1870 157 1947 Quum
180 1891 262 1934 vero
289 1893 329 1934 eo
352 1879 519 1957 tempore,
536 1893 601 1956 quo
617 1872 691 1934 XII
707 1872 841 1935 tabulae
864 1874 1101 1958 condebantur,
1124 1877 1211 1939 intra
1232 1877 1303 1940 Ita-

59 1979 124 2041 liam
141 1981 337 2043 consisteret
352 1979 502 2043 Romana
526 1979 692 2064 potentia:
711 1981 915 2063 factumest,
933 1989 968 2044 ut
992 1984 1146 2068 usucapio
1171 1985 1302 2048 nonnisi

60 2079 216 2152 infundis
235 2088 362 2151 Italicis
384 2088 440 2151 vel
458 2088 567 2151 Italici
587 2089 689 2172 juris,
716 2089 868 2172 adeoque
888 2089 923 2152 in
945 2092 1042 2154 rebus
1066 2100 1192 2155 tantum
1209 2115 1302 2155 mnn-

58 2196 115 2280 cipi
135 2185 275 2260 haberet
303 2196 413 2258 locum
434 2197 478 2278 f).
517 2196 707 2258 Fundorum
733 2218 813 2258 vero
838 2197 1089 2280 provincialium
1115 2201 1301 2285 proprieta-
1409 2247 1412 2254 ,

59 2313 118 2366 tem
140 2326 312 2388 numquam
328 2304 525 2390 adquirebat
545 2304 709 2387 privatus,
732 2303 790 2366 sed
811 2304 953 2389 populus
968 2309 1014 2386 ε),
1032 2305 1184 2392 adeque
1205 2308 1239 2371 in
1261 2308 1301 2371 iis

56 2433 120 2474 non
134 2413 337 2496 procedebat
351 2412 518 2497 usucapio.
542 2410 618 2488 Qua
634 2412 675 2474 de
691 2433 728 2474 re
744 2412 919 2495 eleganter
933 2411 1141 2498 Theophilus
1155 2415 1189 2477 in
1205 2416 1234 2497 §.
1250 2415 1301 2478 40.

57 2521 128 2582 [nst.
151 2522 281 2584 delier.
302 2523 389 2584 divis.
415 2527 454 2586 Oi
476 2517 514 2586 soi
542 2518 751 2604 στιπετδιάρια
772 2523 823 2584 καὶ
848 2519 1046 2605 suspicandum
1068 2525 1182 2608 ἔχοντες
1203 2520 1302 2590 πάλαι

46 2628 125 2693 πατὰ
143 2627 330 2714 συγχώρησιν
347 2629 444 2712 doipov
459 2626 480 2710 ἢ
496 2627 653 2712 βασιλέως,
673 2629 726 2692 οὐκ
740 2618 817 2713 ἦσαν
833 2626 991 2694 δεσπόται.
1011 2627 1053 2696 Ἡ
1066 2628 1124 2713 γὰρ
1139 2631 1300 2700 δεσποτεία

61 2735 144 2802 obsis
162 2727 200 2822 ἦν
218 2735 237 2818 ἢ
256 2735 339 2820 παρὰ
359 2740 401 2820 τῷ
423 2733 507 2820 δήμῳ
522 2732 543 2817 ai
559 2732 643 2816 nond
665 2741 706 2818 aqi
723 2741 851 2820 βασιλεῖ·
874 2737 941 2816 ἀλλ’
954 2738 1033 2822 εἶχον
1049 2736 1102 2824 τὴν
1126 2743 1175 2805 e’n'
1192 2740 1300 2817 αὗτοῖς
1398 2785 1400 2790 .

116 2928 146 2994 d)
167 2928 210 2981 Cf.
229 2925 350 2980 Dirkseu
370 2925 460 2978 Kritils
478 2925 523 2976 des
545 2924 639 2977 Testes
657 2926 705 2976 der
722 2924 980 2994 Zwiilfloselpesetze
1001 2945 1027 2994 p.
1039 2931 1091 2980 409
1102 2957 1122 2966 ·
1134 2932 1193 2981 418.
1213 2928 1300 2984 Mill.

107 3011 142 3077 e)
163 3011 222 3063 Cic.
244 3011 308 3080 Top.
323 3031 346 3064 c.
360 3017 384 3064 4.
397 3012 457 3075 „At
468 3009 497 3060 in
515 3011 573 3074 lege
586 3009 728 3062 nosternon
746 3011 926 3076 appellantur,
939 3019 966 3061 et
977 3019 1037 3062 sunt
1049 3021 1196 3065 ceterarum
1209 3033 1300 3068 rerum

60 3097 166 3157 omnium,
183 3113 302 3165 quarum
320 3110 427 3148 annuus
445 3099 487 3147 eat
503 3094 599 3148 usus.'’
610 3123 643 3133 -
655 3094 702 3146 Or.
717 3113 771 3163 pro
786 3095 861 3147 Uace.
877 3113 899 3147 c.
915 3099 953 3148 19.
974 3097 1057 3159 „Lex
1071 3113 1152 3148 usum
1164 3105 1190 3150 ct
1206 3107 1299 3153 aucto·

61 3178 150 3233 ritatem
167 3181 247 3234 fundi
254 3182 335 3248 jubet
353 3197 413 3236 esse
425 3179 574 3234 biennium.
593 3179 631 3230 As
643 3181 743 3232 utimur
760 3182 850 3232 eodem
859 3171 926 3249 jure
942 3181 971 3231 in
982 3179 1096 3240 nedibus,
1109 3198 1179 3249 quae
1197 3183 1225 3236 in
1241 3187 1299 3252 lege

59 3279 103 3316 uon
118 3266 317 3334 appellantur.''
328 3296 360 3306 -
371 3265 432 3332 Gaj.
443 3266 479 3317 II.
494 3265 515 3332 ξ.
527 3270 569 3317 42.
588 3303 604 3328 ‚‚
613 3263 760 3316 Mobilinm
771 3282 862 3318 rerum
877 3282 948 3317 anno
961 3267 1111 3330 completur
1125 3267 1299 3338 (usucapio),
1395 3301 1396 3305 =

58 3349 121 3402 lundi
136 3368 203 3404 vero
223 3361 249 3404 ct
267 3351 371 3404 aedium
388 3351 513 3403 biennio:
532 3351 611 3401 etita
629 3349 685 3417 lepe
702 3350 770 3402 XII
783 3350 933 3402 tabularum
952 3357 1056 3401 contum
1074 3349 1138 3402 est.''
1158 3353 1197 3404 Id.
1217 3353 1238 3419 ξ.
1256 3359 1298 3407 54.
1383 3387 1386 3394 »

28 3446 33 3452 “
57 3461 81 3472 -
96 3439 175 3511 ,Lex
194 3439 268 3490 enim
287 3439 346 3490 XII
359 3437 518 3508 ,tabularum
542 3436 592 3488 soli
615 3435 725 3503 quidem
742 3452 786 3487 res
803 3435 913 3487 biennio
932 3434 1047 3499 usucapi
1061 3434 1160 3501 jussit,
1178 3443 1297 3492 caeteras
1318 3481 1320 3488 ,

57 3523 222 3574 veroanno''
242 3521 389 3575 ·-.n1ii1u.
470 3549 483 3562 ω

112 3609 136 3675 l)
158 3607 306 3674 Duplicem
329 3609 393 3674 jure
412 3607 525 3676 antiquo
549 3606 682 3672 usucapio
700 3606 795 3658 hahuit
812 3605 882 3658 vim:
900 3606 1013 3672 partim,
1033 3613 1064 3659 ut
1081 3608 1232 3663 dominium
1249 3611 1299 3664 ad·

38 3687 133 3758 ³jioeret
152 3692 335 3756 Quiritarium
361 3690 390 3744 in
408 3709 437 3744 re
460 3693 589 3760 mancipi,
614 3709 630 3744 a
655 3690 767 3743 domino
791 3695 896 3742 tantum
920 3693 1033 3788 tradita,
1055 3709 1111 3746 non
1136 3693 1298 3766 mancipata,

57 3779 238 3846 suppleretqua
254 3777 292 3838 id,
306 3779 380 3846 quod
393 3777 565 3830 alienationis
578 3776 754 3829 sollemnitati
774 3777 909 3836 defueran
924 3776 1031 3842 partim,
1045 3783 1075 3830 ut
1093 3779 1128 3832 ad
1147 3778 1298 3842 dominium

58 3859 255 3930 (Quiritarium)
271 3861 310 3914 rei
331 3863 409 3930 (sive
426 3863 558 3929 mancipi,
578 3862 635 3914 sive
653 3877 703 3914 nec
719 3860 858 3928 mancipi)
879 3879 933 3914 non
951 3879 967 3914 a
986 3864 1096 3917 domino
1115 3863 1229 3917 traditae
1247 3867 1298 3918 hoc

58 3941 128 4000 invito
145 3949 349 4018 adquirendum
367 3949 521 4014 prodesset:
539 3965 621 4016 quem
639 3950 730 3999 locum
749 3945 851 4011 optime
868 3947 985 4000 illustrat
1002 3949 1089 4015 Gajus
1106 3951 1142 4002 ΙΙ.
1162 3951 1182 4017 §.
1196 3950 1239 4002 41.
1253 3957 1298 4004 43.

53 4033 93 4081 ¹44·
114 4035 182 4088 Hinc
200 4039 267 4088 sunt
285 4034 466 4112 emendanda,
485 4050 555 4102 quae
573 4030 735 4086 Heineccius
755 4033 885 4084 hocloco
904 4034 939 4084 de
953 4035 1121 4100 usucapione
1146 4035 1297 4104 antiquitus

56 4115 137 4171 adres
154 4119 277 4185 mancipi
296 4120 419 4174 restricta
437 4119 527 4170 tradit.
548 4116 637 4170 Honb.
925 4181 933 4187 ἱ
1195 4173 1200 4178 ,
1377 4187 1381 4196 μ

111 4207 141 4272 g)
162 4204 297 4268 Quamvis
315 4203 386 4256 enim
404 4204 516 4270 praedia
534 4199 668 4270 ejusmodi
688 4202 738 4254 suh
753 4201 908 4254 conditione
926 4219 1032 4255 annuae
1051 4203 1241 4269 praestationis
1255 4210 1296 4259 vel

54 4288 268 4353 provincialibus,
290 4293 333 4344 vel
349 4289 417 4356 ipsis
440 4289 545 4341 civibus
572 4288 800 4348 concederentur;
825 4303 982 4353 supremum
1008 4291 1096 4340 tamen
1115 4297 1142 4342 et
1165 4290 1295 4344 directum

55 4369 192 4428 dominium
211 4381 270 4428 erat
288 4391 370 4442 penes
388 4376 528 4441 populum.
554 4373 627 4426 Hinc
645 4372 812 4424 vocabantur
830 4373 947 4438 praedia
966 4373 1141 4439 stipendiaria
1162 4382 1187 4427 et
1211 4376 1317 4428 tribu-i

55 4457 126 4510 teria:
146 4461 289 4527 Theophil.
310 4462 337 4512 in
354 4462 374 4528 ξ.
393 4465 435 4514 40.
454 4461 520 4512 hut.
539 4460 570 4510 de
590 4459 658 4510 Res.
677 4459 749 4510 diois.
768 4457 831 4510 vid.
852 4458 1004 4524 Bynkersb.
1024 4460 1055 4510 de
1074 4459 1151 4532 sebois
1169 4480 1253 4515 nanno.
1272 4472 1296 4514 et

56 4559 94 4594 troc
111 4548 223 4616 moncr'ps'
241 4566 262 4600 c.
281 4549 305 4598 9.
320 4563 349 4614 p.
371 4549 483 4614 130..8q.
502 4545 582 4595 Heln.
602 4544 642 4595 Cl'.
662 4542 721 4608 Gaj.
740 4543 774 4594 ll.
793 4543 813 4608 h.
833 4548 875 4594 21.
897 4540 982 4594 Mlllrl.
1043 4620 1045 4627 y
