3056 5168
205 429 277 496 oto
316 454 320 460 ·
381 439 384 451 '
655 419 730 488 Lm.
757 417 817 488 [v.
842 418 927 487 Tar.
954 419 1012 489 Vl.

207 619 385 663 Aonrcuna
405 595 523 659 Ir‘cebot.
544 595 700 680 Sigonius
724 598 763 659 de
782 595 883 658 Jadr'e.
900 593 991 657 [21.
1011 617 1042 677 p.
1061 591 1132 658 456.
1156 591 1261 657 Citati
1280 589 1469 693 litigantes,

211 707 238 769 si
259 725 330 769 sese
351 724 419 766 non
442 704 613 784 sisterent,
630 725 743 768 caussa
766 702 940 768 cadebant.
961 701 1121 766 Horatius
1136 704 1167 782 Ρ)
1193 702 1334 764 Serntort.
1349 699 1423 760 Lab.
1444 697 1470 758 1.

207 823 268 876 tat.
283 813 313 874 9.
329 833 357 875 v.
372 811 424 875 35.
439 832 504 895 sqq.

410 926 544 990 Ventum
565 931 635 989 erat
656 927 700 987 od
724 926 846 998 Vestae,
867 935 984 1009 quarta
998 929 1069 1009 jam
1086 933 1182 1006 porte
1203 925 1268 985 dt‘es'

405 1036 609 1096 Praeterito?
629 1042 662 1094 et
681 1054 758 1096 casu
780 1035 1066 1114 tunc.respondere
1086 1033 1200 1094 nodato

405 1141 561 1210 Debebat:
582 1141 668 1222 quod
686 1143 723 1200 ιη’
730 1141 872 1218 fecisset,
889 1143 1026 1222 perdere
1050 1141 1143 1200 litem.

207 1260 247 1323 In
270 1258 382 1342 primis
402 1241 496 1337 reus,
519 1257 674 1350 deserens
693 1255 934 1334 vadimonium,
950 1254 1112 1339 perdebat
1133 1253 1245 1328 litem,
1261 1259 1294 1314 et
1309 1237 1469 1330 Pr'aetor,
1526 1265 1527 1304 ι

208 1363 398 1451 postulante
415 1373 544 1444 actore,
561 1383 604 1425 ex
627 1363 737 1426 edicto
749 1363 893 1448 jubebat
916 1363 986 1447 ejus
1007 1364 1095 1426 bona
1111 1358 1282 1446 possideri.
1304 1358 1358 1421 Ita
1377 1358 1469 1420 enim
1526 1367 1527 1428 ζ

210 1473 361 1536 edixerat
382 1472 540 1536 Praetor:
563 1489 598 1536 ru
620 1487 711 1534 sons
732 1486 822 1552 moe,
845 1488 905 1548 our
926 1488 1049 1534 sunnon
1072 1485 1201 1534 cssrssn
1221 1481 1471 1530 nussussonns
1526 1523 1527 1532 ,

210 1597 370 1660 nnunnrr,
402 1595 432 1644 ει
454 1596 569 1656 ultoris
595 1593 818 1642 corusrnrum
845 1594 900 1642 sm
926 1594 1065 1660 rncrnr,
1087 1593 1201 1652 NEQUE
1222 1590 1470 1654 nersunnrun,
1526 1595 1527 1660 g

209 1705 256 1753 tm
277 1704 411 1752 suanno.
433 1687 631 1774 Enemplum
655 1693 705 1750 est
727 1685 815 1771 apud
832 1686 1027 1750 Ciceronem
1048 1685 1081 1747 in
1104 1693 1182 1746 orot.
1201 1704 1263 1766 pro
1279 1683 1318 1743 P.
1337 1681 1471 1758 Quintio
1526 1685 1527 1756 ]

209 1818 235 1858 c.
249 1797 279 1860 6.
296 1796 386 1882 cujus
405 1816 448 1858 ex
464 1794 576 1858 edicto
597 1794 686 1858 bona
705 1794 971 1878 possidebantur,
991 1794 1069 1879 quia
1084 1789 1305 1856 vadimonium
1327 1787 1469 1852 diceba·
1526 1777 1527 1840 ἶ

209 1911 263 1966 tur
288 1902 481 1966 deseruisse.
510 1903 546 1965 Si
568 1910 679 1966 tamen
700 1921 776 1964 reus
802 1923 869 1965 non
893 1901 1110 1966 exaudivernt
1135 1919 1248 1962 vocem
1271 1897 1465 1976 Praeconis,

212 2050 503 2062 ...ῃ-...ι-

278 2126 312 2194 p)
332 2127 416 2180 Actor
433 2126 509 2178 solus
527 2139 610 2178 causa
621 2125 744 2189 cadebat,
758 2132 785 2178 et
799 2123 908 2178 Horatii
925 2121 1011 2177 verba
1026 2123 1080 2176 soli
1097 2121 1184 2176 actori
1195 2119 1366 2187 adplicanda.
1385 2119 1470 2171 Cana.

208 2213 366 2277 Numquam
379 2209 451 2262 euim
466 2209 500 2262 de
512 2225 558 2262 reo
570 2216 736 2276 usurpantur
747 2211 935 2278 loquutiones.
954 2227 1046 2262 caussa
1059 2224 1080 2261 s.
1090 2207 1217 2275 formula
1230 2206 1336 2266 cadere,
1347 2202 1469 2257 similes-

209 2313 270 2364 que.
298 2296 357 2347 Nec
373 2293 431 2348 fieri
449 2311 562 2361 prorsus
580 2302 695 2363 poterat,
713 2301 745 2348 ut
759 2295 865 2362 judicio
886 2295 1007 2347 nondum
1024 2294 1252 2346 constitutorem
1270 2290 1470 2344 condemnare-

209 2387 267 2444 tur;
287 2387 315 2434 at
333 2382 404 2434 bona
421 2381 490 2448 ejus,
510 2399 559 2450 qur
549 2380 757 2434 vadmonium
768 2382 933 2445 deseruerat,
951 2395 986 2432 ex
998 2379 1087 2432 edrcto
1104 2359 1240 2444 possideri
1257 2379 1375 2428 Praetor
1387 2376 1469 2442 jube·

210 2465 265 2531 bat,
276 2465 361 2533 idque
372 2465 540 2519 cohibendae
549 2466 735 2518 contumaciae
746 2466 897 2519 remedium
906 2466 973 2518 satis
984 2480 1046 2517 aere
1056 2469 1138 2532 atque
1152 2465 1255 2516 efficax.
1280 2462 1337 2529 (Ct'.
1350 2461 1469 2513 Voorda

208 2552 241 2603 de
254 2551 404 2608 ¹vctdt'mom'o
423 2568 445 2602 e.
455 2550 504 2603 IV.
522 2551 543 2617 5.
557 2554 582 2602 2.
601 2553 627 2600 ct
645 2565 728 2614 supra
745 2550 765 2616 5.
784 2553 823 2604 19.
838 2557 894 2604 not.
910 2553 949 2618 e.)
976 2549 1067 2613 Quidt
1086 2548 1161 2617 quod
1172 2565 1222 2599 ncc
1236 2546 1271 2598 de
1285 2551 1388 2610 actore,
1402 2561 1468 2597 num

208 2651 292 2688 causa
309 2633 436 2686 ceciderit
453 2639 565 2700 propter
579 2633 654 2685 litem
672 2635 824 2686 desertam?
847 2635 916 2689 inter
934 2637 1029 2688 omnes
1048 2640 1163 2687 constat.
1188 2633 1259 2685 Nam
1277 2627 1467 2683 vadimonium

208 2735 272 2772 eum
286 2718 448 2782 deseruisse,
467 2718 515 2787 qui
531 2719 637 2771 nullum
656 2719 828 2786 praestiterit,
846 2722 986 2788 quomodo
1003 2717 1059 2773 dici
1073 2721 1183 2785 potestt
1206 2717 1286 2785 (Quo
1302 2723 1467 2782 argumento

207 2806 250 2858 vel
268 2804 387 2856 maxime
404 2805 490 2858 utitur
508 2807 614 2886 Zeuger
633 2806 651 2858 l
667 2806 684 2858 t.
703 2805 723 2897 5.
740 2810 783 2860 30.
810 2811 891 2872 p.62
909 2808 985 2874 sqq.)
1006 2805 1061 2857 Sed
1078 2805 1153 2856 salva
1169 2817 1213 2854 res
1233 2807 1284 2854 est.
1309 2800 1423 2854 Etenim
1440 2801 1466 2852 ni

207 2889 403 2954 vadimonium,
427 2905 506 2942 suam
524 2881 614 2942 tamen
640 2889 700 2956 ipse
707 2877 774 2943 'rem
799 2891 899 2944 deserit
916 2898 999 2954 actor,
1024 2888 1071 2958 qui
1094 2894 1216 2954 tempore
1239 2887 1368 2940 condicto
1394 2887 1465 2938 haud

184 2975 293 3027 ›adcst
313 2973 393 3024 Certe
410 2973 439 3026 id
456 2973 494 3026 ita
511 2974 647 3040 placuisse
672 2974 813 3040 Romanis,
837 2981 879 3029 sat
895 2975 1038 3028 manifesto
1057 2974 1189 3027 evincitur
1206 2971 1372 3024 testimoniis
1392 2974 1466 3025 loeo·

207 3074 277 3121 rum,
295 3073 365 3125 quae
382 3059 465 3126 hujus
483 3061 684 3114 confirmandae
701 3061 848 3114 sententiae
866 3077 950 3114 causa
967 3060 1067 3114 adferri
1084 3061 1181 3122 solent,
1197 3058 1274 3110 velut
1290 3058 1406 3111 Horatii
1421 3057 1464 3109 tt

206 3147 236 3195 et
248 3142 373 3196 sistant
390 3143 419 3195 ιι
437 3143 520 3212 carp.
532 3160 557 3198 ι.
570 3149 613 3198 ss.
635 3147 713 3213 (ιιι.
731 3153 758 3200 et
769 3133 913 3200 'amnem
929 3148 978 3200 tt.
996 3147 1018 3213 ι.
1031 3151 1089 3200 ns.
1104 3150 1132 3197 ιι
1144 3145 1165 3212 5.
1181 3148 1238 3197 na
1249 3149 1307 3196 ιιι
1323 3145 1382 3211 ra)
1409 3145 1465 3196 ua

207 3229 346 3296 negotium
359 3229 439 3282 nobis
448 3227 601 3295 facessunt,'
612 3247 683 3299 quae
694 3233 769 3298 apud
785 3232 932 3298 Ulpianum
945 3233 1086 3298 leguntur:
1104 3228 1236 3294 „Quodsi
1247 3229 1281 3292 is,
1295 3228 1345 3298 qui
1356 3228 1462 3281 dietum
1526 3219 1527 3238 ¹

206 3315 400 3381 peremtorium
417 3315 580 3380 impetravit,
599 3317 670 3369 absit
687 3317 731 3370 die
749 3317 920 3383 cognitionis
938 3316 962 3369 is
980 3333 1054 3382 vero,
1077 3317 1208 3368 adversus
1226 3330 1309 3384 quem
1331 3311 1458 3378 impetra·

206 3404 265 3450 tum
285 3404 334 3462 est,
357 3400 438 3464 adsit,
462 3406 520 3452 tum
543 3401 799 3456 circumducendum
822 3404 872 3456 erit
890 3403 1008 3455 edictum
1034 3401 1235 3468 peremtorium‚
1261 3414 1351 3465 neque
1374 3411 1457 3449 cansa

206 3476 393 3550 cognoscetur,
405 3502 455 3538 nee
469 3487 619 3539 secundum
629 3493 797 3552 praesentem
807 3487 1026 3556 pronuntiabitur
1032 3487 1059 3549 ;''
1070 3488 1118 3554 (L.
1126 3490 1168 3541 73.
1180 3487 1202 3554 5.
1211 3491 1232 3538 Ι.
1239 3485 1277 3536 D.
1285 3483 1457 3553 dejudieir't.)

205 3569 282 3622 Haec
296 3569 368 3622 enim
381 3571 492 3623 omnino
505 3587 560 3624 nou
571 3571 707 3638 pertinent
725 3575 760 3626 od
779 3573 928 3628 vadimonii
942 3559 1042 3626 deserti
1053 3587 1173 3637 causam,
1192 3587 1286 3622 verum
1298 3571 1334 3622 ad
1348 3585 1460 3621 reorum

142 3707 145 3715 ,
205 3653 358 3708 absentium
369 3657 413 3708 vel
431 3655 595 3709 latitantium
609 3657 759 3724 citationes,
779 3677 849 3728 quae
862 3660 957 3713 edictis
975 3658 1084 3725 publice
1097 3656 1246 3726 propositis
1261 3655 1372 3708 fiebant.
1397 3657 1460 3707 Jam

204 3739 229 3792 si
246 3755 309 3792 reus
326 3756 375 3805 per
392 3741 511 3794 edictum
529 3743 710 3796 commonitus
728 3746 830 3808 aderat,
848 3751 938 3797 actore
951 3760 1006 3796 nou
1015 3747 1188 3808 comparente
1205 3741 1461 3794 cirmrmdneebatm

204 3824 331 3890 edictum,
340 3827 390 3878 bae
399 3827 511 3894 quidem
519 3828 554 3892 vi,
569 3832 600 3878 ut
610 3829 686 3881 salva
698 3835 822 3882 manente
833 3830 888 3882 litis
897 3845 980 3883 causa
995 3829 1124 3882 instantia
1135 3833 1240 3879 tautum
1253 3825 1336 3878 edicti
1347 3827 1459 3891 periret.

203 3906 221 3960 i.
236 3925 258 3962 e.
277 3927 313 3964 ex
337 3910 442 3978 integro
466 3912 590 3978 litigandi
608 3913 656 3980 jos
675 3919 747 3966 esset
760 3915 849 3966 'actori
876 3916 923 3981 (L.
939 3919 982 3969 73.
1000 3917 1021 3982 5.
1033 3919 1058 3968 2.
1085 3915 1118 3966 D.
1135 3913 1167 3964 de
1174 3913 1289 3982 judie).
1306 3911 1459 3964 Nonnullis

204 4000 293 4048 tamen
312 3995 341 4048 in
358 3997 458 4062 causis,
476 3991 550 4050 'velut
566 3998 609 4063 iis,
629 4015 699 4066 quae
716 4000 752 4052 ad
769 3999 919 4054 libertatem
936 3999 1054 4053 hominis
1069 3999 1235 4065 spectabant,
1253 4003 1368 4062 propter
1384 3997 1459 4048 litem

54 4058 57 4062 ’
103 4091 106 4096 “
203 4082 238 4134 ab
249 4087 340 4136 actore
357 4083 499 4148 desertam,
518 4099 568 4149 pro
586 4101 634 4138 rco
652 4085 784 4139 sententia
802 4084 856 4137 dici
874 4090 992 4152 poteram
1014 4086 1060 4151 (L.
1073 4089 1116 4138 27.
1130 4084 1151 4151 5.
1168 4087 1190 4135 1.
1205 4083 1240 4134 D.
1254 4083 1287 4132 ds
1299 4081 1343 4134 td.
1353 4083 1456 4140 roms.)

202 4169 240 4222 At
256 4173 320 4234 post
333 4167 469 4234 judicium
486 4175 635 4235 acceptum,
656 4172 718 4224 lieet
735 4186 790 4223 non
808 4171 899 4223 statim
919 4185 1002 4223 musa
1022 4170 1131 4221 caderet
1153 4173 1237 4231 actor,
1257 4166 1305 4235 qui
1327 4165 1374 4220 die
1393 4184 1458 4221 eon-

202 4250 275 4304 dicto
292 4267 348 4306 non
369 4252 463 4306 aderat
487 4255 561 4321 apud
581 4255 713 4322 judicem,
740 4273 787 4309 reo
812 4271 918 4322 semper
943 4254 1041 4308 licebat
1066 4253 1101 4306 ad
1126 4252 1287 4305 sententiam
1305 4267 1457 4318 provoem

204 4337 278 4402 (Lex
297 4338 368 4390 Gall.
382 4338 538 4405 Cisalpinae
555 4355 614 4406 cap.
630 4345 672 4394 21.
685 4347 727 4394 22.
745 4344 777 4395 1.
789 4343 831 4393 28.
845 4357 891 4409 pr.
908 4341 942 4393 D.
955 4342 987 4392 de
1001 4339 1159 4409 appellat),
1177 4337 1298 4404 imusque
1317 4337 1456 4398 aetori,si

119 4479 121 4485 .
199 4419 273 4486 juste
290 4423 446 4490 admonitus
464 4441 526 4478 reus
544 4425 651 4491 copiam
669 4425 712 4478 sui
730 4441 784 4478 non
803 4427 902 4477 faceret
922 4423 991 4485 (vid.
1013 4426 1033 4492 5.
1052 4429 1090 4478 19.
1107 4429 1164 4476 not.
1177 4424 1328 4490 e).-Csr.
1342 4425 1455 4476 Heflter.

201 4507 287 4559 Iustit.
305 4510 349 4561 dor
364 4510 564 4579 Gicitprocesset
580 4528 606 4577 p.
617 4513 708 4563 602-
714 4513 773 4564 306.
792 4511 929 4563 Zimmeru
947 4509 964 4562 l.
977 4510 995 4561 1.
1016 4511 1038 4576 5.
1054 4514 1126 4573 136„
1145 4508 1192 4576 qui
1205 4513 1295 4560 tamen
1306 4508 1455 4574 scriptores

201 4607 289 4660 neque
305 4591 374 4646 inter
393 4610 430 4657 se,
448 4613 499 4648 nee
516 4595 656 4647 uobiscum
675 4611 787 4662 prorsus
805 4595 984 4646 consentiunt.
1003 4595 1090 4647 Meti.
1195 4647 1200 4654 ,
