3062 5156
584 389 767 457 Auranmx
792 389 867 456 Lus.
894 387 920 458 1.
948 385 1034 456 Can.
1061 388 1088 456 Ι.
1291 451 1295 461 ,

787 565 816 645 §.
838 562 890 624 11.
997 613 999 620 ,

615 679 648 732 Ut
666 687 692 732 et
709 678 768 732 aliis
785 678 939 754 quidusdam
954 678 1082 747 aenaim.
1525 665 1526 754 l

300 784 466 848 Extremis
487 780 692 865 reipublicae
712 781 915 862 temporibus
935 798 1002 842 non
1025 781 1112 842 intra
1134 779 1240 863 Alpes
1257 777 1351 842 stetit
1374 776 1471 838 datae

219 893 361 956 civitatis
378 892 550 955 Romanae
570 887 783 951 beneficium:
801 887 859 950 sed
876 896 911 950 et
935 909 1007 952 cum
1025 887 1137 951 multis
1156 886 1229 950 aliis
1248 886 1405 974 gentibus
1424 891 1471 946 cst
1525 881 1526 958 l

219 1001 500 1065 communicatum.
530 997 696 1080 Exemplo
723 1017 793 1058 esse
819 1002 956 1078 possunt
979 997 1122 1060 universi
1144 995 1304 1060 Gaditani
1327 993 1363 1054 in
1387 991 1471 1053 ulte·

218 1109 307 1172 riore
329 1106 509 1189 Hispania,
534 1125 616 1188 quos
643 1102 788 1166 secundo
815 1102 996 1166 Consulatu
1016 1102 1151 1166 civitate
1176 1101 1314 1164 donavit
1335 1098 1472 1162 Caesar:

218 1217 287 1280 Dio
310 1215 398 1278 Cass.
420 1213 503 1274 Hist.
528 1212 615 1273 XLI.
634 1212 685 1274 24.
721 1212 825 1275 Idem«
842 1231 904 1294 pro
925 1211 1034 1275 lubitu
1058 1210 1181 1274 deinde
1210 1205 1369 1294 quasdam
1393 1205 1472 1279 alias
1525 1197 1526 1278 l

219 1323 371 1386 civitates
386 1319 571 1402 Hispaniae
586 1319 650 1382 hoc
663 1319 802 1402 ingente
820 1317 985 1382 beneficio
1000 1319 1149 1382 ornavit:
1164 1317 1232 1380 Dio
1249 1303 1338 1378 Cass.
1354 1315 1472 1375 XLIII.

219 1430 269 1494 39.
295 1426 579 1506 Quemadmodum
600 1434 633 1488 et
655 1425 791 1488 medicis
814 1425 954 1512 aliisque
971 1427 1000 1507 ¹)
1026 1447 1066 1488 ea
1082 1427 1159 1510 jura
1183 1423 1363 1488 concessit:
1384 1421 1472 1484 Suet.
1525 1431 1526 1484 i

223 1539 310 1599 Gaas.
329 1559 355 1599 c.
371 1535 422 1597 112.
447 1535 514 1597 imo
542 1543 577 1598 et
599 1517 717 1598 Siculis
740 1534 891 1596 omnibus
917 1516 1104 1616 ciuitatem,
1128 1529 1281 1596 inaudito
1305 1527 1471 1612 exemplo,

219 1650 418 1707 testamento
436 1640 619 1726 legaverat,
633 1642 723 1726 quod
735 1641 882 1727 legatum
899 1640 967 1704 lata
979 1641 1057 1725 lege
1073 1640 1277 1702 confirmavit
1291 1638 1472 1701 Antonius:
1525 1705 1526 1724 χ

222 1753 290 1815 Cic.
307 1751 407 1832 Ii'pr‘st.
425 1752 469 1811 ad
485 1751 557 1811 Dis).
572 1750 664 1810 XIII.
680 1749 731 1812 30.
750 1729 885 1830 Pkr‘lrpp.
902 1750 927 1809 Ι.
943 1749 994 1810 10.
1012 1747 1251 1813 Verumtamen
1271 1769 1311 1809 ea
1326 1745 1387 1807 lex
1404 1743 1472 1806 An·

219 1857 305 1920 tonii
323 1876 389 1919 non
408 1857 550 1919 valuisse
569 1855 709 1919 videtur.
727 1856 815 1920 Sane
831 1857 890 1920 sub
907 1856 1060 1941 Augusto
1075 1836 1181 1920 adhuc
1196 1855 1374 1940 plerasque
1392 1851 1472 1915 Sici·
1525 1889 1526 1930 p

218 1965 285 2028 liae
306 1964 457 2028 civitates
471 1964 583 2028 Latini
600 1965 684 2048 juris
705 1963 823 2045 fuisse,
840 1963 992 2028 discimus
1009 1984 1052 2028 ex
1066 1965 1155 2029 Plin.
1170 1965 1254 2027 Hiat.
1270 1953 1349 2024 Nat.
1366 1961 1432 2022 III.
1445 1959 1471 2021 8.

796 2142 825 2222 s.
847 2140 898 2204 12.

437 2256 573 2324 Aequitas
585 2273 671 2324 parca
689 2227 827 2320 civilatem,
845 2258 893 2308 aad
909 2255 1065 2326 quibasdam
1079 2264 1166 2310 tamea
1183 2255 1263 2330 dedit.

304 2359 371 2422 Sub
387 2357 647 2441 Imperatoribus
664 2356 769 2420 multo
789 2357 892 2441 magis
914 2354 1035 2440 prolati
1057 2363 1131 2419 sunt
1145 2354 1319 2418 Romanae
1335 2353 1474 2417 civitatis

221 2469 312 2530 fines.
334 2466 513 2550 Augustus,
530 2464 692 2526 Suetonio
709 2464 842 2549 quidem
859 2471 959 2545 teste,
976 2468 1064 2546 Aug.
1078 2486 1103 2526 c.
1116 2464 1166 2525 40.
1186 2467 1344 2525 cecitatem
1361 2463 1475 2522 Roma-

220 2596 296 2636 nam
307 2575 492 2654 parcissime
507 2571 599 2643 dedit,
618 2582 650 2633 at
663 2573 904 2634 manumittendi
913 2573 1037 2634 moriam
1052 2556 1237 2633 terminavit.
1249 2607 1281 2616 -
1305 2571 1351 2630 Er
1361 2570 1474 2640 Liuiae,

216 2701 279 2765 pro
301 2681 433 2760 quodam
456 2677 620 2741 tributario
639 2681 729 2740 Gallo
752 2683 892 2760 roganti,
914 2683 1066 2741 civitatem
1087 2681 1230 2760 negavit,
1252 2681 1474 2737 r'rnmaaitatem

221 2789 343 2860 obtulit,
364 2787 557 2864 adfirmans,
578 2807 612 2846 se
631 2788 764 2864 facilius
781 2808 970 2868 pacatarum,
985 2791 1069 2868 fisco
1089 2783 1216 2847 detrahi
1234 2784 1363 2864 aliqmil,
1385 2803 1474 2865 quara

221 2897 353 2957 civitatIs
373 2894 537 2953 Romanae
558 2896 689 2975 vulgari
706 2895 861 2955 honoram.
895 2893 990 2956 Idem
1012 2893 1107 2977 leges
1124 2891 1212 2956 haud
1230 2911 1350 2975 paucas
1375 2889 1474 2970 dedit,

224 2999 341 3084 quibus
358 2999 464 3062 aditus
485 2999 625 3065 sordidis
641 2999 829 3072 hominibus
839 3001 1119 3064 intercluderetur
1134 2999 1177 3062 ad
1193 2999 1371 3062 civitatem.
1388 2998 1475 3075 Qua·
1525 3019 1526 3090 p

110 3140 127 3186 '.
222 3109 272 3171 les
296 3107 475 3191 praecipue
498 3117 573 3171 sunt
595 3095 653 3170 lerl
675 3105 776 3170 Aelia
798 3107 913 3170 Sentia
934 3117 969 3171 et
990 3109 1091 3172 Fusia
1112 3108 1268 3185 Caninio,
1297 3106 1339 3168 de
1361 3107 1474 3191 quibus
1525 3093 1526 3188 l

224 3236 320 3300 supra
344 3237 402 3292 suo
423 3214 500 3277 loco
524 3223 641 3278 actum.
663 3213 741 3278 Vid.
757 3213 893 3277 Sueton.
913 3219 997 3298 Aug.
1017 3237 1042 3277 c.
1057 3217 1108 3278 40.
1134 3217 1206 3278 Ima
1227 3215 1315 3277 inter
1331 3223 1475 3276 extrema
1525 3191 1526 3270 l

224 3322 378 3386 mandata
394 3323 476 3406 ejus,
491 3323 630 3386 Tiberio
649 3329 683 3384 et
699 3322 731 3383 S.
745 3322 783 3386 P.
797 3321 838 3399 Q.
850 3322 892 3384 R.
909 3322 997 3405 data,
1015 3323 1112 3386 etiam
1127 3322 1192 3385 hoc
1207 3329 1288 3404 erat,
1304 3320 1375 3406 μήτ’
1392 3311 1432 3385 αὖ
1448 3325 1475 3394 ἐς

131 3469 134 3474 -
223 3429 278 3508 τὴν
302 3431 461 3493 πολιτείαν
485 3425 614 3512 συχνοὺς
639 3427 842 3512 inpatientem,
861 3437 912 3494 ‘ira
937 3427 1018 3496 noli)
1042 3431 1076 3495 ad
1103 3427 1252 3512 διάφορον
1278 3429 1383 3504 αὖτοῖς
1406 3428 1475 3510 πρὸς

222 3533 296 3610 τοὺς
316 3534 472 3618 ὑπηκόους
490 3537 520 3612 ἡ.
538 3537 590 3598 Ne
606 3539 719 3599 maltos
730 3540 807 3619 jare
823 3519 956 3600 cairitalis
972 3540 1135 3611 donarant,
1154 3559 1213 3620 qao
1230 3557 1381 3618 magnam
1399 3542 1475 3599 inter
1525 3523 1526 3614 l

222 3645 304 3723 arsos
332 3651 365 3703 et
382 3627 535 3724 subjectos
559 3645 724 3706 discrImea
750 3644 1031 3708 remanente-Dio
1050 3645 1137 3708 Cass.
1154 3645 1242 3705 LVI.
1256 3642 1307 3706 33.
1335 3642 1475 3720 Quibus·

225 3749 298 3812 dam
313 3758 424 3812 tamen
440 3747 625 3834 Augustum
645 3752 722 3835 jura
746 3748 887 3817 civitatis
917 3750 1065 3835 dedisse,
1084 3760 1197 3836 patet,
1217 3772 1259 3813 ex
1282 3751 1374 3813 Suet.
1394 3754 1475 3831 Aug.
1525 3761 1526 3836 l

226 3877 252 3918 c.
260 3856 310 3918 47.
330 3855 441 3943 'ldque
455 3856 490 3918 in
509 3857 622 3941 primis
639 3861 738 3923 etiam
758 3861 909 3924 discimus
928 3879 970 3922 ex
990 3861 1060 3944 ejus
1078 3858 1193 3936 numis,
1213 3859 1248 3920 in
1270 3857 1389 3941 quibus
1408 3857 1476 3920 lau·

176 4031 180 4036 ,
227 3963 347 4026 dantur
371 3963 555 4047 Hispaniae
585 3967 762 4052 municipia
771 4015 780 4048 ,
813 3967 855 4030 de
877 3968 995 4052 quibus
1013 3969 1068 4032 Jo.
1090 3965 1290 4031 Vaillantius
1314 3967 1354 4027 dc
1377 3965 1475 4054 Colca.

224 4091 310 4132 aum.
328 4077 363 4133 ct
380 4069 440 4133 ΕΖ.
460 4070 581 4154 Spanh.
600 4075 684 4137 Dias.
702 4077 740 4136 de
755 4084 874 4156 praest.
895 4079 1038 4137 numism.
1063 4075 1098 4137 V.
1115 4087 1146 4156 p.
1163 4071 1236 4135 768.
1253 4083 1284 4134 ct
1304 4073 1377 4132 ort.
1394 4073 1475 4131 Rom.

152 4179 155 4185 '
226 4176 299 4238 I.2.
315 4176 366 4240 18.
377 4200 411 4260 p.
427 4179 477 4240 47.
493 4201 538 4262 sq.
558 4181 686 4244 Eadem
702 4179 906 4244 liberalitate
927 4183 1025 4246 etiam
1045 4181 1200 4244 Tiberius
1221 4187 1254 4242 et
1271 4178 1370 4262 Cajus
1390 4173 1476 4239 Cali—
1525 4175 1526 4244 l

295 4384 319 4449 l)
337 4383 356 4435 i.
375 4401 398 4437 e.
419 4386 565 4452 (referente
584 4384 716 4445 Suetonio
733 4387 750 4437 l.
768 4387 800 4453 1.)
820 4386 984 4441 medicinam
1000 4390 1105 4440 Romae
1122 4385 1253 4453 professis
1269 4380 1475 4459 stliberalinm

227 4466 517 4603 artiumMppptoribus,
542 4486 598 4538 quo
619 4470 747 4524 libentius
769 4471 871 4538 stipsi
897 4473 992 4526 urbem
1010 4472 1172 4536 incolerent,
1198 4476 1226 4524 ct
1248 4467 1348 4523 caeteri
1369 4471 1475 4534 appete·

227 4555 298 4603 rent.
358 4550 363 4561 '
393 4589 400 4602 .
