3030 5160
30 401 92 472 Lm.
104 398 165 468 lll.
177 397 263 470 Tm.
281 398 342 467 xl.
357 397 431 487 (X.)
443 397 498 466 Da
516 399 769 485 Anoursrrronn
785 402 861 470 Pan
874 405 1169 481 Annoonrronnn.
1195 419 1267 486 513

30 575 183 650 uerborum
199 574 429 658 captionibus,
445 576 621 653 concessit,
636 583 673 640 ut
687 577 830 662 quilibet
845 559 953 663 judex
968 581 1022 646 vel
1048 585 1265 672 magistratus,
1372 641 1376 646 .

30 684 109 746 etiarn
124 681 351 766 municipalis,
366 691 479 766 posset
494 681 595 764 adiri,
612 689 713 767 atquc
728 686 816 768 apud
831 685 931 769 bunc,
946 688 1143 774 interposita
1158 697 1266 780 quali-

30 813 148 875 cumque
162 790 347 856 voluntatis
363 792 553 872 testatione,
569 791 731 855 bonorum
748 795 911 876 possessio
927 796 1014 879 peti:
1028 800 1067 862 L.
1082 803 1137 864 ult.
1152 802 1185 864 0.
1204 805 1269 880 Qua·

30 901 127 961 admitt.
143 899 188 976 ad
200 899 273 962 bon.
282 889 418 980 possess.

585 1016 614 1098 §.
634 1017 684 1080 11.

520 1125 656 1183 Quomodo
674 1125 755 1179 dam!

93 1225 382 1303 Quemadmodum
398 1245 479 1289 vero
502 1246 703 1288 successores
718 1225 887 1290 Praetorii
902 1227 1062 1293 bonorum
1085 1236 1266 1316 posscssio-

30 1355 86 1395 rem
101 1351 231 1398 rnrnnn
251 1341 287 1396 et
305 1348 503 1402 rosruunnn
522 1333 734 1396 dicebantur:
749 1333 797 1398 ita
812 1335 954 1400 Praetor
970 1338 1119 1401 eamdem
1140 1357 1265 1423 onear,

30 1447 53 1500 et
69 1449 131 1503 tum
153 1440 321 1504 bonorum
343 1440 506 1526 possessio
526 1456 637 1503 secun
661 1449 694 1504 et
709 1457 878 1507 Anemoscl
895 1442 1075 1508 dicebatur.
1097 1447 1137 1511 In
1156 1448 1266 1514 danda

30 1548 169 1611 bonorum
190 1547 401 1634 possessione
427 1546 567 1610 formula
585 1548 741 1611 utebatur
765 1549 921 1616 Praetor:
945 1569 1108 1617 Bonosum
1130 1571 1265 1620 POSSES-
1318 1596 1320 1602 ι

30 1670 134 1717 sionem
153 1675 209 1720 nu.
230 1656 281 1719 At
305 1656 331 1718 si
351 1640 488 1720 decreto
511 1655 709 1740 interposito
731 1656 841 1739 daret,
865 1657 1013 1722 dicebat:
1041 1677 1078 1724 m
1101 1679 1191 1725 noun
1209 1681 1266 1726 rna

30 1777 128 1825 cursor
148 1759 308 1828 Valerius
329 1765 419 1827 Max.
446 1764 515 1824 VII.
537 1764 567 1825 7.
587 1763 618 1826 3.
648 1763 826 1827 Formnlae
850 1781 887 1828 m
914 1783 1161 1832 rossussmunu
1185 1785 1265 1834 nssn

30 1885 129 1934 nunno:
151 1870 217 1935 alia
241 1880 315 1935 erat
337 1871 435 1952 ratio,
462 1892 547 1956 quae
570 1879 648 1934 tunc
669 1871 778 1936 locum
794 1872 958 1955 habebat,
976 1874 1109 1958 quando
1125 1877 1267 1940 Praetor

30 1974 55 2034 in
69 1979 302 2058 possessionem
326 1979 478 2042 mittebat
499 1978 550 2042 rei
565 1977 746 2042 servandae
769 2002 899 2062 caussa,
923 1980 978 2043 vel
997 1979 1183 2066 legatorum
1199 2005 1267 2048 ser-

32 2083 189 2147 vandorum
205 2087 335 2170 gratia,
350 2057 419 2149 sive
432 2085 522 2171 quod
543 2107 618 2148 reus
635 2107 746 2169 neque
765 2092 964 2171 potestatem
979 2088 1028 2151 sui
1047 2089 1189 2174 faceret,
1206 2113 1267 2154 ne-

32 2209 83 2270 que
95 2191 340 2258 defenderetur.
361 2192 528 2276 Adeoque
550 2193 634 2266 baec
655 2192 830 2256 sollemnia
853 2193 954 2256 verba
970 2194 1012 2264 ad
1027 2198 1266 2279 possessionem

32 2297 121 2375 potius
145 2301 327 2382 bonorum,
347 2321 443 2384 quam
468 2299 511 2363 ad
536 2301 698 2363 bonorum
722 2299 962 2384 possessionem
986 2301 1142 2365 videntur
1163 2305 1268 2387 perti-

33 2404 137 2469 nuisse:
151 2407 340 2474 Brissonius
354 2409 393 2470 de
406 2409 512 2504 Form.
534 2407 568 2470 V.
579 2429 614 2488 p.
632 2405 705 2470 408.

588 2558 691 2642 w

553 2668 605 2721 dur
622 2687 726 2722 aarum.

100 2767 140 2830 Et
162 2767 225 2842 hoc
252 2770 387 2858 quidem
418 2769 481 2832 fuit
501 2769 557 2852 jus
584 2769 754 2854 antiquum
780 2769 941 2833 bonorum
966 2772 1190 2854 possessionis.
1220 2771 1268 2835 At

35 2866 214 2942 Justinianus
231 2878 289 2956 bic
313 2897 447 2962 quoque
469 2875 572 2940 multa
596 2897 654 2939 suo
676 2897 768 2940 more
784 2877 931 2940 mutavit.
952 2877 1036 2941 Nam
1061 2899 1104 2940 ex
1118 2878 1268 2946 intestati
1314 2919 1319 2928 ι

36 2972 173 3045 bonorum
187 2983 452 3068 possessionibus
467 2983 616 3064 tertiam,
632 2981 778 3067 quintam
795 2992 993 3048 etsoctavam
1008 2987 1152 3069 speciem
1169 2984 1267 3070 plane

36 3085 158 3166 sustulit3
177 3093 325 3176 reliquas
347 3091 382 3155 in
404 3091 592 3156 Pandectas
612 3090 730 3152 referri
741 3090 856 3173 jussit,
879 3112 957 3154 mox
980 3099 1014 3155 et
1037 3092 1111 3156 illas
1133 3092 1268 3156 inutiles

36 3189 214 3281 redditurus,
229 3199 367 3264 inducta
386 3219 447 3284 per
461 3199 625 3262 Nouellum
643 3199 705 3260 01
706 3199 791 3261 VIII.
813 3219 901 3261 nova
915 3199 957 3261 ab
978 3196 1136 3264 intestato
1157 3220 1268 3262 succe-

36 3293 118 3364 dendi
132 3307 279 3372 ratione:
294 3309 323 3390 §.
337 3307 368 3370 2.
382 3306 413 3373 3.
428 3308 506 3369 Inst.
521 3309 552 3371 n.
567 3316 590 3370 t.
603 3307 648 3389 Ι’).

401 3553 881 3660 mmmm&

625 3734 660 3772 nu

150 3845 536 3948 nuqulsmlomu
560 3844 667 3921 PER
690 3840 1134 3920 ADROGATIONEM.

105 3990 228 4100 Plures*
239 4020 313 4076 sunt
331 4011 421 4076 modi
440 3977 639 4096 adquirendi
653 4031 715 4096 per
734 4007 990 4072 universitatem.
1013 4006 1116 4090 Gajus
1132 4007 1208 4067 Inst.
1229 4009 1270 4068 ΙΙ.

37 4102 60 4163 2·
70 4115 161 4187 princ,
175 4130 204 4194 α)
222 4141 263 4184 eo
278 4119 382 4189 refert
398 4121 610 4192 hereditatem
626 4122 787 4180 emtionem
805 4117 992 4206 (perquam
1009 4134 1076 4176 non
1093 4135 1164 4176 cum
1182 4112 1271 4175 Con-

38 4208 78 4271 tio
90 4221 227 4290 mulieris
244 4229 277 4291 in
295 4249 424 4292 manum
442 4224 716 4306 conventionem,
734 4245 797 4286 nec
817 4244 888 4286 cum
903 4220 1076 4285 Aleandro
1091 4219 1270 4283 emtionem
1355 4221 1381 4302 '¹

37 4333 303 4369 N**·——-—-·

95 4403 125 4472 h)
143 4409 210 4468 Vid‘
220 4431 274 4468 ron
291 4415 366 4472 Liihr
384 4415 432 4468 l..l
450 4419 562 4469 numdi.
580 4412 645 4468 ibid.
662 4429 690 4480 p
708 4415 801 4464 333-
811 4415 870 4464 353.
889 4408 978 4462 Houb.

98 4489 327 4568 alumpnum.
346 4499 410 4567 Gaji
429 4500 653 4566 commortalis.
672 4501 732 4550 98st
751 4491 1195 4560 „stauimndafaotisumua
1215 4464 1272 4541 sive

42 4565 107 4631 ⁰¹¹Jus
123 4573 244 4636 bonoram
265 4585 453 4654 possessionem
477 4583 644 4651 petierimus,
670 4581 728 4635 sive
752 4579 831 4647 cuius
854 4578 922 4632 bomo
945 4595 1092 4639 emeramus,
1117 4575 1174 4630 sive
1192 4590 1272 4643 quem

1033 4661 1076 4724 33
