3056 5154
211 389 282 456 584

491 559 578 622 nm.
598 558 662 622 nr.
683 557 776 620 rm.
797 555 942 620 xxix
965 555 1175 638 (xxvnr)

285 710 392 786 rna
421 709 561 809 Quas
592 709 868 786 ressonis
902 708 1063 782 nolus
1094 707 1390 786 oumcxmo

661 830 1011 930 anouuuruu„

296 977 391 1040 Nihil
404 978 439 1040 in
454 977 519 1042 boc
533 977 643 1059 titulo,
660 977 775 1040 saltem
793 976 883 1060 quod
899 976 942 1039 ad
957 975 1172 1061 antiquitates
1186 977 1321 1056 attinet,
1337 975 1459 1043 dicitur,
1509 961 1510 964 Ἴ

214 1086 305 1169 qnod
320 1107 386 1148 non
402 1087 473 1168 jam
492 1083 549 1147 itt.
563 1085 621 1147 IX.
637 1087 701 1146 Lib.
715 1087 757 1146 Π.
775 1091 969 1165 occupatum
986 1084 1045 1164 sit,
1060 1083 1102 1146 ad
1118 1103 1216 1166 quem
1242 1104 1305 1145 nos
1321 1084 1396 1166 jure
1412 1104 1460 1143 re

111 1257 120 1263 ,
216 1191 359 1254 ferimus.
376 1191 445 1270 (cf.
459 1193 533 1276 Gaj.
548 1192 612 1255 ΠΙ.
627 1191 838 1270 163-167.)

522 1449 609 1512 Lus.
629 1450 693 1512 111.
715 1448 807 1512 urs.
827 1449 952 1512 xxx.
979 1448 1155 1530 (xxix)

328 1597 527 1697 QUIBUS
553 1596 722 1671 MODIS
747 1596 1019 1671 TOLLI'PUR
1043 1594 1359 1670 OBLIGA'I'IO.

298 1759 347 1824 Ut
364 1758 458 1821 multi
473 1758 623 1842 variique
640 1758 948 1839 contrahendarum,
967 1758 1065 1821 itaet
1081 1755 1370 1820 distrahendarum
1385 1759 1461 1820 obli-

217 1868 386 1952 gationum
402 1887 470 1930 non
485 1867 659 1950 pauciores
680 1867 770 1930 modi
785 1873 878 1946 sunt,
895 1886 1031 1950 quorum
1048 1865 1106 1928 alii
1128 1866 1200 1948 ipso
1215 1865 1296 1948 jure
1315 1863 1461 1946 liberant,

217 1982 696 2054 utsonur10,accner1uar10,
715 1989 876 2056 novumn,
892 1990 1095 2053 nummario,
1110 1988 1290 2054 courusro,
1313 1990 1462 2038 ousiosis-

217 2098 286 2164 τις),
312 2097 549 2145 courunsarso
569 2083 685 2167 reique
707 2067 861 2163 debitae,
882 2083 964 2144 citra
986 2103 1109 2144 moram
1132 2104 1152 2144 a
1174 2080 1333 2142 debitore
1355 2081 1461 2144 tactam

218 2188 413 2272 contingens
435 2206 631 2254 iuramus:
654 2189 714 2252 alii
734 2210 794 2272 per
815 2190 1047 2272 exceptionem
1070 2187 1194 2251 tollunt
1216 2187 1462 2272 obligationem,

217 2296 322 2359 veluti
335 2305 478 2378 pactum,
496 2302 660 2368 sententia,
675 2306 797 2379 tempus
810 2307 841 2358 et
855 2299 968 2358 simt'lia
981 2301 1025 2378 ⁸).
1047 2296 1234 2378 [inperator
1248 2293 1293 2358 de
1307 2298 1463 2380 prioribus

220 2412 346 2469 tantum
360 2405 483 2486 modis,
494 2405 600 2506 iisque
613 2427 679 2468 uon
691 2405 854 2486 omnibus,
870 2403 949 2487 agit.

798 2559 827 2638 ς.
848 2555 879 2617 1.

642 2671 757 2723 Tollitur
774 2669 895 2739 oblipatio
913 2671 1048 2724 solutione.

302 2775 498 2838 Soburlonu
526 2771 768 2836 distrahebatur
792 2773 972 2856 obligatio,
999 2771 1129 2856 quoties
1154 2769 1292 2832 debitor
1317 2771 1463 2835 creditori

221 2904 272 2965 ea,
289 2903 374 2967 quae
391 2880 569 2960 debuerat,
584 2880 618 2942 in
635 2879 775 2944 solidum
791 2881 1008 2965 praestiterat.
1030 2879 1085 2942 De
1102 2900 1154 2959 eo,
1171 2877 1263 2962 quod
1280 2879 1372 2943 circa
1388 2880 1464 2942 solu-

219 2989 346 3054 tionem
361 2989 485 3072 justum
507 2988 675 3052 veteribus
691 2989 794 3052 visum
818 2997 882 3068 est,
899 2987 1069 3070 praeclare
1085 2987 1155 3070 agit
1170 2987 1271 3048 Barn.
1286 2987 1464 3050 Brissonius

220 3095 259 3157 dc
278 3097 369 3158 solut.
385 3103 417 3156 et
432 3095 550 3156 luerat.
565 3096 631 3157 Lib.
646 3099 671 3158 1.
694 3096 803 3174 Quum
818 3115 899 3160 vero
916 3096 994 3158 olim
1016 3095 1050 3156 in
1073 3094 1213 3158 solutum
1231 3093 1341 3175 datio,
1358 3094 1464 3157 multo·

222 3222 287 3286 que
311 3201 414 3285 magis
438 3202 597 3265 bonorum
614 3205 717 3266 cessio
733 3189 849 3288 ignota
870 3205 986 3266 fuerit:
1010 3224 1070 3266 nos
1091 3202 1146 3264 bic
1168 3200 1210 3264 de
1232 3203 1464 3266 beneficiorum

222 3311 353 3374 illorum
373 3309 503 3394 origine
519 3320 554 3374 et
569 3314 773 3396 proprietate
788 3309 948 3375 nonnulla
964 3309 1130 3383 addemus.

808 3461 836 3542 §-
858 3460 888 3522 2.

561 3551 753 3629 Obaerotoruns
771 3577 884 3628 conditio
902 3576 1079 3645 antiquissimo
1093 3573 1134 3640 b).

307 3673 552 3760 Antiquissimis
568 3679 769 3760 temporibus
785 3678 942 3740 maximus
959 3687 1031 3738 erat
1041 3675 1125 3760 juris
1136 3673 1227 3758 rigor
1242 3671 1404 3736 adversus
1418 3672 1465 3733 de-

293 3879 324 3948 a)
344 3881 387 3932 De
405 3881 541 3934 nonnullis
560 3881 755 3948 obligationum
779 3884 959 3936 tollendamm
983 3881 1073 3934 causis
1097 3880 1281 3944 dubitabatur,
1305 3885 1401 3932 utrum
1416 3879 1465 3945 ipso

221 3965 284 4031 jure
295 3967 419 4018 tollerent
431 3966 632 4032 obligationem,
644 3984 680 4021 an
691 3985 740 4034 per
754 3969 941 4034 exceptionem
955 3971 1070 4019 tautum.
1080 3965 1141 4032 Gaj.
1154 3965 1235 4031 litt
1249 3967 1308 4016 168.
1329 4002 1347 4028 „
1355 3979 1466 4032 -quao

225 4049 306 4102 ritur:
330 4049 354 4102 si
378 4049 439 4118 quis
458 4052 642 4112 consentiente
665 4053 798 4105 creditore
821 4053 896 4105 aliud
923 4068 972 4118 pro
998 4051 1053 4103 alio
1077 4051 1196 4113 solverit,
1219 4055 1314 4101 utrum
1339 4050 1402 4115 ipso
1415 4050 1466 4114 jure

225 4133 360 4199 liberetur,
379 4136 454 4205 quod
471 4137 571 4188 nostris
589 4137 810 4203 praeceptoribus
828 4139 925 4203 placet,
944 4153 978 4190 au
996 4137 1058 4202 ipso
1066 4137 1130 4203 jure
1146 4123 1254 4187 maneat
1266 4134 1414 4200 obligatus,
1428 4131 1465 4185 ssd

225 4221 355 4273 adversus
374 4226 508 4286 petentem
526 4224 686 4288 exceptione
709 4223 765 4276 doli
782 4223 846 4276 mali
865 4223 973 4276 defendi
998 4223 1109 4275 debeat:
1136 4222 1211 4290 quod
1225 4221 1353 4272 diversae
1372 4221 1466 4272 scholae

227 4307 383 4357 auctoribus
402 4308 490 4360 visum
508 4309 615 4360 est.”-
627 4309 695 4362 Litis
713 4309 910 4362 contestatione
923 4314 950 4361 et
967 4326 996 4360 re
1011 4308 1143 4375 judicata,
1161 4321 1212 4372 pro
1230 4304 1390 4357 diversitate
1403 4299 1465 4369 judi-

226 4387 338 4454 ciorum,
356 4407 429 4443 nuuc
445 4392 506 4458 ipso
520 4395 592 4460 jure,
611 4411 683 4447 nnuc
701 4411 748 4462 per
768 4395 955 4462 exceptionem
973 4393 1172 4446 dissolvebatur
1190 4391 1337 4457 obligatio;
1358 4387 1464 4455 trajan.

227 4473 248 4540 i.
265 4477 321 4540 1¹80.
334 4480 389 4527 181.
406 4476 456 4529 lv.
467 4479 488 4546 ξ.
504 4483 594 4532 106-
607 4483 665 4532 loa.
683 4479 769 4532 ΜιὶΙιΙ.

293 4559 325 4626 b)
345 4559 388 4610 Dc
407 4560 457 4627 bis,
475 4580 546 4632 qnae
564 4565 591 4616 h.
604 4567 621 4618 Ι.
640 4569 666 4616 et
684 4580 759 4632 seqq.
784 4569 963 4630 exponentur,
984 4561 1039 4617 rid.
1062 4563 1106 4614 Jo.
1127 4563 1234 4616 Herrm.
1252 4562 1286 4612 de
1298 4560 1390 4612 Raadt
1403 4557 1462 4609 nm.
