3030 5160
212 409 285 477 ⁴8⁴
664 402 741 470 ln.
765 401 828 470 ΙΙΙ.
852 401 932 470 Trr.
957 401 1019 469 ΙΙΙ.

217 581 278 648 sed
293 579 367 666 quis
386 577 504 660 nescit,
517 577 630 662 plures
644 598 712 646 uuo
726 597 816 640 anno
830 577 985 642 andedos
998 577 1112 661 fu'mse,
1129 599 1268 664 quormn
1282 581 1380 644 rarius
1392 603 1452 644 ne-

219 688 374 753 mineriut
389 687 466 751 fasti
486 685 703 762 Consulares?
724 684 814 749 Sane
834 686 870 748 in
889 685 964 770 ipso
979 688 1057 772 jure
1070 695 1186 750 nostro
1203 686 1376 752 laudantur
1390 691 1453 752 Ter·

218 799 318 862 tullus
335 805 367 858 et
382 795 547 858 Mardum
563 793 647 857 Coss.
661 791 806 875 Mil-S
821 794 852 856 6
868 795 911 856 11.
928 795 985 856 Ad
999 796 1059 877 leg.
1075 795 1138 858 Jut
1152 796 1317 860 deAdult
1332 817 1452 880 qnomm

219 927 282 970 nec
297 903 374 968 fasti
388 901 514 966 faciunt
528 900 750 983 mentionem,
764 922 828 964 nec
845 919 948 964 annus
962 901 1035 986 ipse
1056 910 1164 966 certus
1178 911 1239 968 est.
1259 903 1452 968 Rarissimam

219 1014 342 1078 deinde
355 1011 437 1088 hoc,
452 1010 542 1096 quod
556 1008 721 1073 Hadriani
737 1018 773 1072 et
786 1008 951 1072 Antonini
971 1010 1105 1074 nomina
1127 1009 1385 1076 confunduntur:
1402 1033 1454 1074 nec

219 1131 346 1187 temere
362 1140 444 1182 unus
462 1138 524 1202 pro
542 1115 653 1182 hltero
671 1117 805 1180 videtur
823 1115 1070 1202 intelligendus.
1090 1119 1216 1182 Juvare
1232 1118 1397 1203 Cujacium
1414 1120 1454 1182 ri-

221 1229 293 1296 deri
313 1237 426 1314 posset
443 1225 592 1290 Zonaras
608 1227 684 1288 XII.
701 1223 779 1311 [*c.
792 1225 823 1286 1.
842 1225 875 1286 Τ.
888 1223 937 1311 t]
952 1247 988 1310 p.
1001 1225 1075 1291 593.
1100 1229 1158 1312 qui
1180 1226 1246 1308 ait,
1266 1226 1376 1311 legem
1395 1249 1453 1290 esse

220 1335 385 1402 Antonini
403 1333 470 1418 Pii,
484 1356 550 1420 qua
567 1341 723 1397 statutum
741 1332 794 1410 sit,
807 1342 844 1396 ut
860 1331 976 1397 liberis
991 1335 1149 1398 intestato
1167 1337 1305 1398 mortuis
1318 1347 1454 1420 parentes

221 1445 454 1524 succederent,
476 1462 515 1506 ac
533 1439 650 1524 liberi,
671 1440 699 1504 si
724 1440 788 1524 ipsi
805 1439 920 1508 liberis
941 1452 1110 1525 carerent,
1131 1443 1325 1528 parentibus
1345 1454 1452 1528 parten

219 1551 402 1638 legitimam
422 1549 659 1634 relinquerent.
685 1547 754 1611 Sed
776 1569 818 1612 ea
835 1550 948 1614 omnia
968 1550 1053 1614 falsa
1076 1571 1166 1634 esse,
1194 1571 1295 1614 nemo
1315 1551 1452 1616 historiae

213 1661 300 1748 juris
322 1658 437 1746 paullo
461 1657 603 1743 peritior
623 1665 736 1742 potest
756 1655 913 1740 ignorare
928 1657 973 1740 l).
995 1658 1080 1722 Nam
1103 1667 1139 1721 et
1159 1659 1247 1742 patri
1268 1659 1373 1724 multo
1392 1669 1451 1724 ante

220 1771 276 1834 Pii
288 1779 440 1852 tempora
450 1765 611 1828 successio
627 1766 670 1827 ah
685 1765 843 1829 intestato
860 1766 938 1830 data
948 1776 999 1830 est
1014 1767 1114 1830 etiam
1129 1767 1165 1830 in
1177 1767 1275 1832 honis
1285 1767 1346 1830 filii
1362 1790 1448 1831 enan-
1499 1827 1504 1838 ,

221 1875 342 1961 c'ipati,
358 1873 456 1959 eique
465 1874 535 1958 jam
553 1881 654 1936 antea
667 1873 841 1956 competiit
852 1853 998 1957 'querela
1013 1873 1205 1956 inofficiosi,
1220 1883 1256 1936 et
1268 1877 1327 1961 jus
1340 1897 1451 1962 quoque

221 1991 359 2070 quartae
384 1981 427 2045 ad
451 1977 693 2043 excludendam
718 1979 894 2045 inofficiosi
916 1981 1084 2066 querelam
1106 1983 1275 2068 antiquius
1302 2005 1379 2066 esse,
1392 1985 1451 2068 jam

220 2113 319 2175 supra
334 2086 580 2154 observavimus
595 2086 638 2151 ad
652 2087 721 2150 Lo.
735 2089 778 2150 IL
796 2087 853 2150 lts.
870 2089 907 2150 X
907 2089 995 2152 VIII.
1011 2090 1102 2154 XIX.
1116 2091 1145 2172 5.
1158 2090 1190 2153 7.

805 2266 835 2347 3.
856 2265 888 2326 4,

762 2381 830 2452 Ejus
846 2389 927 2435 setas.

303 2502 416 2580 Quare
426 2501 620 2566 tutissimum
632 2499 763 2563 videtur
778 2509 933 2583 statuere,
945 2499 1068 2564 SCtum
1083 2500 1329 2566 Tertullianum
1340 2501 1451 2564 omnino

219 2609 384 2680 Hadriani
399 2607 604 2693 temporibus
618 2606 718 2672 fuisse
735 2608 939 2689 consectum,
958 2608 1135 2674 Consulum
1157 2632 1239 2675 vero
1254 2611 1451 2688 suffectorum,

220 2719 279 2784 sub
296 2717 413 2802 quibus
432 2716 467 2780 id
487 2716 628 2796 factum,
643 2715 780 2798 periisse
795 2716 1005 2800 memoriam,
1019 2739 1083 2781 nec
1098 2719 1184 2784 adeo
1204 2727 1330 2784 certum
1354 2737 1447 2782 annun

220 2827 253 2892 ei
275 2824 375 2891 facile
396 2843 494 2909 posse
517 2822 682 2907 adsignari
696 2828 739 2904 ⁰).
760 2823 802 2888 Id
823 2823 924 2887 modo
947 2824 1156 2909 exploratum
1179 2827 1324 2908 videtur,
1339 2822 1451 2889 Tertul-

219 2935 341 3000 lianum
351 2931 472 2996 SCtum
483 2930 680 3016 Orphitiano
698 2953 769 2996 esse
782 2933 962 3020 antiquius,¹
973 2934 1129 3019 priusque
1145 2936 1305 3000 matribus
1320 2935 1362 2999 de
1376 2931 1451 2996 honis
1507 3001 1508 3020 χ

218 3041 417 3122 liberorum,
433 3061 529 3125 quam
546 3039 661 3103 liberis
677 3040 829 3105 debonis
844 3042 1001 3106 maternis
1016 3041 1115 3108 fuisse
1129 3053 1352 3128 prospectum.
1372 3041 1451 3124 Cujus
1507 3026 1508 3077 l

219 3148 269 3212 rei
283 3148 466 3232 rationem,
481 3169 579 3235 quam
601 3169 673 3211 sese
695 3149 850 3234 ignorare
873 3149 997 3213 fatetur
1009 3150 1152 3214 Vinnius
1167 3153 1211 3214 od
1224 3155 1330 3234 princ.
1344 3147 1450 3214 Μὰ

221 3256 305 3319 soto
326 3257 446 3338 Orphit.
464 3255 549 3322 hanc
564 3277 635 3320 esse
652 3256 834 3341 suspicatur
849 3256 891 3322 V.
908 3257 944 3322 C
957 3257 1037 3322 Ant.
1050 3258 1275 3343 Schultingius
1290 3260 1335 3321 od
1351 3255 1508 3374 upum

218 3366 352 3447 Fragor.
368 3363 490 3426 XXVI.
504 3363 534 3428 8.
544 3386 578 3446 p.
591 3363 663 3427 669.
680 3363 770 3448 quod
786 3373 902 3447 mater,
921 3388 948 3430 s1
938 3365 1118 3450 voluerit,
1132 3366 1268 3451 pietatis
1289 3365 1389 3430 officio
1400 3381 1508 3453 per
1507 3317 1508 3404 l

219 3477 448 3534 testamentum
470 3473 617 3556 potuerit
636 3471 843 3556 satisfacere,
866 3473 901 3538 id
924 3474 1014 3558 quod
1031 3496 1093 3558 per
1114 3481 1256 3540 aetatem
1281 3496 1380 3558 saepe
1399 3489 1450 3534 nou

218 3578 349 3644 licuerit
368 3577 491 3643 liberis.
514 3578 603 3656 Quia
618 3599 700 3666 ergo
721 3581 851 3665 saepius
874 3581 1053 3646 liberorum
1077 3582 1266 3648 hereditate
1287 3579 1451 3647 exciderint

218 3695 356 3769 matres,
378 3707 475 3772 quam
492 3694 640 3752 materna
659 3688 775 3753 liberi:
790 3690 906 3754 mirum
921 3690 1010 3756 haud
1026 3711 1097 3755 esse
1120 3699 1215 3776 putat
1228 3689 1451 3756 laudatissimus

218 3910 249 3964 id
265 3925 334 3976 esse,
351 3910 393 3962 vel
410 3909 475 3964 inde
491 3909 658 3978 intelligitur,
677 3915 752 3981 quod
770 3913 817 3966 illa
833 3914 869 3968 D.
880 3914 1015 3968 Hadriani
1028 3914 1154 3982 Epistola
1165 3915 1255 3968 edicto
1272 3919 1403 3981 perpetuo
1414 3907 1453 3964 luit

183 3985 187 3995 “
219 3995 430 4061 comprehensa:
452 3997 556 4050 Paulus
570 3997 697 4050 Senteatt.
706 3998 828 4066 Recepto
842 3998 867 4051 1.
878 4003 920 4051 21.
935 4005 957 4053 l.
977 4000 1102 4070 adeoque
1119 4017 1179 4054 eam
1193 4001 1253 4068 jam
1264 4006 1329 4054 ante
1342 3989 1453 4053 Antonini

219 4079 287 4134 Pii
280 4079 424 4148 imperium
441 4083 579 4136 exstitisse
596 4086 711 4149 oportet
732 4083 813 4136 Heln.

257 4165 320 4231 d)
341 4165 416 4218 Idem
434 4166 605 4220 sentiendum
629 4168 663 4220 de
687 4167 842 4221 narratione
861 4168 994 4224 chronici
1016 4170 1157 4223 Paschalis
1181 4171 1218 4222 od
1232 4187 1333 4222 aarum
1349 4173 1402 4223 176
1417 4159 1453 4216 ull

218 4254 278 4302 tum
294 4251 470 4305 constitutum
487 4266 549 4305 esse
565 4251 604 4305 ait
621 4257 723 4317 auctor,
741 4258 773 4305 ut
789 4253 825 4305 ob
840 4252 970 4306 intestato
987 4259 1065 4319 pater
1082 4254 1173 4310 liberis
1191 4256 1357 4318 succederet,
1371 4249 1453 4306 actlio

219 4335 325 4402 ingrato
343 4337 493 4402 τριοιΐγκιον
509 4337 705 4406 relinqueretur
723 4355 759 4391 ex
780 4339 860 4391 honis
877 4338 1006 4405 paternis.
1031 4339 1086 4392 Sed
1108 4355 1191 4408 quam
1209 4355 1271 4392 mro
1289 4337 1406 4392 historici
1421 4349 1452 4388 re·

219 4420 351 4474 certiores
369 4437 410 4486 ea,
428 4437 498 4492 quse
515 4424 550 4476 sd
564 4423 613 4491 jus
636 4425 783 4490 pertinent,
801 4425 930 4477 adcurate
951 4431 1098 4490 exponant,
1112 4427 1171 4494 J'am
1189 4441 1206 4478 a
1225 4425 1283 4478 Jao.
1301 4419 1452 4478 Gotholrsdo

219 4511 358 4560 ostensum
376 4513 419 4560 est
435 4508 472 4559 ad
487 4510 520 4560 L:
535 4515 557 4562 1.
579 4509 607 4562 0.
630 4508 727 4561 llrsod.
747 4511 779 4562 dc
793 4510 897 4578 Infirm.
911 4525 992 4578 pom.
1004 4508 1093 4562 coelii.
1108 4519 1134 4561 ct
1144 4509 1220 4563 ordis.
1241 4509 1321 4562 Heia.

288 4591 318 4658 e)
339 4592 409 4644 Com
427 4597 536 4645 auctore
554 4593 635 4646 etiam
653 4594 734 4647 sentit
752 4594 885 4648 Schrader
902 4593 930 4646 in
948 4594 1054 4646 noted
1071 4596 1129 4662 §.t
1147 4594 1210 4650 ll.
1222 4603 1240 4648 t.
1260 4594 1344 4648 osolt
