2972 5156
220 354 291 422 19⁰
568 375 576 390 ·
664 349 739 418 Lu.
762 351 789 419 l.
807 293 894 418 ¹Tin.
920 349 1030 418 xxll.

218 532 285 587 tam
301 522 400 586 finisse
416 545 529 606 pamm
545 523 738 606 familiares,
753 534 791 590 ut
806 533 951 590 sanctam
965 524 1073 605 illam,
1092 545 1189 609 quam
1208 532 1374 610 tantopere
1385 525 1442 588 lau-

219 631 292 712 dat,
313 631 425 716 legem
448 631 482 692 in
504 631 771 696 institutionibus
793 652 921 716 aeque,
945 653 983 695 au
1007 631 1149 714 Codice,
1171 633 1212 696 ad
1236 632 1393 700 materiam
1411 631 1442 694 de

218 737 325 802 tutela
350 738 467 802 fuisset
485 738 663 822 relaturus,
694 742 720 803 si
742 740 805 804 illa
826 742 869 804 de
893 738 1050 823 singulari
1075 746 1212 803 tantum·
1227 760 1302 802 casu
1326 739 1443 821 nuptiali

219 845 351 929 egisset
373 845 617 926 Quaresadhuc
639 847 813 931 probabile
835 847 1003 911 videbitur
1022 845 1207 931 plerisque,
1232 845 1442 910 Tribonianun

123 1013 125 1018 .
218 953 272 1018 bic
291 975 364 1020 cum
378 954 479 1018 larvis
500 975 680 1038 pugnasse,
695 955 859 1038 ritumque
880 943 1084 1036 abolevisse,
1100 956 1190 1039 cujus
1207 973 1375 1035 numquam
1389 952 1443 1014 Ro

219 1062 322 1126 manis
338 1063 372 1124 in
391 1071 534 1126 mentem
552 1062 691 1125 venerit.
713 1063 790 1126 Vid.
808 1063 831 1126 J
833 1085 879 1125 ac.
893 1060 1060 1125 Raevard.
1080 1063 1202 1126 Verior.
1219 1062 1277 1122 IV.
1292 1059 1339 1124 10.
1350 1083 1379 1143 p.
1390 1059 1443 1120 667.

223 1171 298 1232 nl.
325 1170 401 1251 Opp.

806 1279 834 1359 §-
856 1277 886 1338 4.

681 1393 781 1463 [Gripo
795 1394 879 1462 larq'us.
887 1392 1010 1462 erroris]

301 1493 350 1556 Ut
379 1513 460 1576 ergo
491 1493 668 1577 adpareat,
699 1493 779 1578 quid
807 1492 842 1556 in
871 1515 1016 1557 errorem
1045 1491 1213 1556 induxerit
1243 1489 1445 1568 Justinianun,

219 1600 387 1664 sciendum
412 1608 480 1681 est,
506 1620 574 1663 non
593 1602 786 1664 convenisse
808 1600 896 1664 inter
921 1602 1075 1686 antiquos
1098 1598 1365 1679 Jureconsultos,
1385 1615 1446 1681 quos

220 1707 387 1792 pubertati
407 1708 564 1771 terminos
589 1709 741 1793 figerent.
770 1708 880 1786 Quum
910 1709 1063 1793 plerique
1086 1708 1120 1771 in
1148 1706 1334 1770 Stoicorum
1353 1702 1446 1766 scholis

220 1815 454 1898 profecissent,
477 1814 512 1876 hi
537 1835 617 1877 vero
649 1816 896 1880 adolescentum
922 1817 1132 1900 pubertatem
1157 1813 1266 1895 XIV,
1293 1811 1446 1897 puellarum

220 1922 466 2005 viripotentiam
487 1922 563 1984 XII
585 1924 677 1986 annis
699 1923 928 1986 aestimarent:
946 1923 1051 2000 (Plut.
1072 1925 1184 1984 Plaor't.
1204 1923 1325 1983 Philon.
1337 1912 1378 1981 xV.
1391 1917 1442 1993 24.)

141 2083 145 2092 .
222 2028 373 2092 eamdem
395 2028 591 2114 sententiam
617 2029 770 2114 plerique
791 2030 887 2110 JCti,
908 2036 941 2091 et
965 2029 1001 2092 in
1024 2030 1136 2114 primis
1155 2027 1380 2113 Proculejani,
1397 2044 1469 2110 ans

157 2129 161 2138 ’
219 2136 461 2220 plectebantur.
494 2137 561 2200 Sed
589 2136 679 2200 aliud
702 2137 804 2220 longe
829 2138 1006 2202 videbatur
1036 2136 1148 2200 Cassio
1178 2136 1353 2220 Longino,
1381 2131 1448 2213 cujus

221 2244 352 2308 sectarii
367 2265 433 2308 non
450 2245 561 2326 annis,
578 2244 636 2307 sed
657 2245 773 2308 habitu
795 2245 960 2330 corporis,
979 2243 1214 2307 aestimandam
1231 2263 1303 2305 esse
1321 2241 1449 2324 puberta-

220 2360 287 2414 tem
311 2350 565 2416 arbitrabantur.
591 2354 749 2440 Denique
769 2353 899 2415 Priscus
920 2350 1103 2415 Javolenus
1132 2350 1224 2434 quasi
1246 2349 1449 2412 conciliaturus

220 2468 393 2544 utramque
413 2459 630 2540 sententiam,
650 2479 723 2521 eum
741 2458 871 2522 demum
889 2459 1047 2541 puberem
1064 2477 1134 2520 esse
1156 2457 1309 2537 dicebat,
1328 2458 1360 2518 in
1375 2472 1449 2538 quen

221 2576 255 2630 et
273 2587 425 2629 numerus
450 2586 627 2646 annorum,
643 2572 677 2628 et
696 2565 827 2628 habitus
851 2565 999 2648 corporis
1021 2575 1243 2629 concurreret.
1266 2564 1392 2628 Diserte
1405 2557 1450 2622 Ul-

220 2674 307 2758 pian.
320 2674 451 2752 Fragor.
462 2673 521 2732 XI.
531 2671 582 2734 28.
598 2673 756 2733 Puberem
776 2681 880 2734 autem
897 2672 1046 2736 Cassiani
1055 2675 1178 2754 qztz'rlcm
1193 2695 1266 2734 eum
1281 2693 1346 2734 ease
1358 2671 1450 2738 dicant,

220 2784 277 2862 qui
291 2798 426 2840 naemu
439 2798 597 2839 conronrs
605 2780 707 2860 prebes
723 2779 871 2860 adparet,
887 2782 921 2840 td
938 2789 1001 2857 est,
1019 2785 1075 2859 qui
1086 2801 1247 2862 generare
1259 2781 1372 2860 posset:
1388 2775 1451 2834 Pro-

221 2887 361 2966 culejom'
373 2879 478 2946 autern
500 2906 586 2958 eum,
605 2890 661 2966 qut
676 2888 909 2968 quatuordecim
930 2908 1029 2948 annos
1049 2889 1200 2968 explevit:
1219 2907 1330 2948 cerum
1344 2884 1452 2944 Priscus

221 3014 292 3055 eum
303 2994 456 3074 puberem
471 3011 552 3064 esec,
567 2995 600 3054 in
614 3014 703 3073 quem
721 3002 889 3076 atrumque
905 2998 1077 3067 concurrit,
1095 3003 1124 3055 et
1137 3013 1294 3054 narseus
1312 3003 1452 3052 corrosis·

221 3107 252 3159 et
266 3118 416 3160 numerus
439 3119 593 3160 annorum
608 3099 652 3179 d).
682 3097 841 3164 Eamdem
866 3100 1121 3162 controversiam
1149 3099 1329 3180 JCtorum,
1345 3102 1453 3158 senten-

222 3205 367 3290 tiamque
383 3203 487 3268 Prisci
502 3204 661 3269 Javoleni
684 3205 717 3268 in
742 3204 851 3270 animo
867 3207 983 3270 habuit
1003 3207 1154 3290 Servius,
1179 3207 1236 3292 qni
1261 3205 1303 3268 ad
1323 3202 1379 3265 illa
1395 3197 1454 3261 vir-

162 3367 169 3382 .
222 3312 294 3396 gilii
311 3314 390 3374 Aen.
414 3313 481 3372 VII.
497 3333 524 3373 o.
540 3311 590 3374 53.
614 3397 616 3402 Ι

472 3419 543 3480 Jam
558 3427 686 3480 matura
701 3424 776 3493 cz’ro,
783 3423 856 3502 jam
868 3424 970 3504 plenia
987 3423 1099 3483 orabilis
1115 3424 1225 3498 annis,

223 3524 331 3588 addit:
346 3525 420 3587 Non
439 3536 486 3587 est
504 3531 671 3599 iteratum,
686 3527 744 3587 sed
758 3546 946 3588 suounouru
963 3548 1024 3588 rus
1040 3529 1176 3601 dutum,
1191 3532 1224 3588 in
1242 3546 1304 3609 quo
1321 3531 1350 3586 et
1368 3534 1455 3580 Anne-

221 3653 295 3694 aun
312 3636 448 3705 ratione,
467 3642 497 3696 et
516 3655 556 3695 ee
574 3653 707 3694 enarro
724 3652 880 3694 coarcere
895 3643 984 3696 aetas
994 3635 1160 3715 probatur.
1182 3634 1279 3698 Idem
1296 3631 1339 3696 ad
1354 3621 1455 3706 Virgil·

222 3740 329 3820 Itctog.
349 3740 436 3800 VIII.
452 3761 478 3800 o.
491 3739 543 3801 34.
564 3742 736 3802 Benacum
751 3743 844 3800 anun
856 3742 969 3822 jungit
988 3759 1153 3802 naamon
1168 3758 1338 3811 acaronis,
1355 3753 1420 3796 nam
1435 3733 1458 3786 tl

222 3863 267 3904 ru
288 3863 375 3905 erar
383 3846 538 3926 pubertas
558 3866 609 3906 rx
625 3865 775 3920 ursoque
790 3847 955 3928 collegitur.
979 3847 1032 3909 Ex
1051 3845 1169 3930 quibus
1193 3853 1308 3930 patet,
1327 3838 1456 3904 Servium

222 3950 257 4012 in
273 3951 378 4014 Prisci
394 3951 579 4036 discessisse
593 3953 801 4016 sententiam.
821 3951 979 4036 Denique
998 3951 1143 4015 isidorus
1163 3953 1252 4034 Ore'g.
1273 3953 1331 4014 XI.
1348 3949 1375 4010 2.
1392 3945 1457 4007 Cas-

223 4057 385 4120 sianorum
408 4059 609 4144 sententiam
629 4059 814 4141 amplexus:
840 4061 988 4135 Quarum,
1011 4038 1137 4142 inquit,
1153 4082 1195 4122 er
1217 4063 1313 4122 annu
1328 4057 1459 4139 puberta-

223 4173 283 4224 tem
297 4167 480 4237 creationum,¹
495 4166 529 4225 td
546 4173 610 4244 est,
626 4186 697 4226 cum
712 4166 858 4244 puberem
877 4185 960 4239 esec,
982 4170 1038 4247 qui
1052 4168 1289 4247 quatreordacr'm
1308 4182 1403 4225 annor
1417 4175 1459 4217 es·

217 4270 368 4349 pleverit:
388 4274 527 4350 quamuis
552 4272 729 4332 tardissime
750 4272 909 4352 pubescat.
945 4272 1156 4334 Gertiasr'mum
1182 4280 1304 4343 autem,
1325 4268 1459 4352 puberem

223 4431 514 4453 ·········-·—-÷.-·

213 4563 218 4570 .
294 4497 326 4562 d)
348 4496 411 4548 Vid.
429 4504 456 4549 et
475 4499 535 4563 Goj.
556 4499 576 4550 1.
596 4503 653 4552 196.
672 4503 699 4550 et
718 4499 750 4549 cl.
769 4498 889 4550 Dirksen
908 4499 924 4549 ἱ.
944 4499 961 4550 t.
979 4515 1006 4563 p.
1024 4502 1059 4550 52
1072 4503 1161 4551 -ὀὸ,
1191 4497 1280 4551 Masi.
