3062 5156
500 383 556 454 ua
581 381 837 490 Cunsnomaus.
1228 393 1300 463 195
1336 444 1339 450 .

68 569 240 632 Praeturam
256 562 412 648 gesserit:
425 560 705 625 verosimillimum
721 567 782 642 est,
799 560 864 624 hoc
879 581 967 624 anno
983 561 1084 625 latam
1098 583 1169 626 esse
1186 561 1298 649 legem

68 671 245 738 Laetorium.
265 671 344 735 Vid.
358 653 547 752 Gundliag.
561 669 665 730 Pseud.
677 668 745 730 Lib.
760 669 818 730 IV.
836 670 960 732 ΜΝ.
972 670 1001 751 §.
1012 671 1042 732 b.
1065 670 1220 736 Ceterum
1235 674 1298 738 bac

68 781 130 863 lege
143 779 331 860 cavebatur,
355 784 391 841 ut
406 775 674 842 adolescentibus
691 775 810 858 viginti
829 778 976 860 quinque
992 777 1085 840 anuis
1107 779 1297 864 minoribus,
1350 843 1353 850 .

71 891 150 966 (eum
170 885 259 948 enim
287 883 552 948 minorennitatis
574 882 748 946 terminum
774 881 858 945 haec
881 882 939 946 lex
962 886 1132 950 finiverat:
1153 887 1191 948 1..
1210 887 1242 950 2.
1265 891 1297 950 u

71 995 163 1056 llcad.
183 994 223 1055 de
236 995 372 1073 Donet.)
393 992 584 1076 petentibus
604 995 791 1072 curatores,
815 1013 928 1054 caussa
949 993 1101 1076 cognita,
1125 994 1298 1059 darenturc

68 1101 120 1166 lul.
135 1099 238 1183 Capit.
261 1101 323 1162 Vit.
340 1100 448 1164 Muros·
459 1102 535 1162 Aut.
549 1120 574 1160 c.
589 1097 641 1160 10.
655 1099 698 1178 ἰ).
722 1098 857 1162 Deinde
873 1106 908 1162 et
922 1100 1039 1164 eadem
1058 1101 1137 1184 lege
1150 1083 1300 1166 uindica-

69 1211 146 1272 batur
165 1205 423 1289 circumscriptio
445 1205 711 1287 adolescentum,
734 1207 879 1270 rescissis
900 1216 1106 1272 versutorum
1131 1208 1299 1274 bominum

69 1314 230 1395 fraudibus,
256 1313 316 1399 qui
333 1312 466 1378 lucrum
491 1313 604 1377 alienu
627 1333 671 1374 ex
698 1312 929 1378 imbecillitate
953 1317 1146 1400 captabants
1172 1317 1242 1381 Cic.
1260 1316 1300 1380 de

73 1423 142 1504 offic.
152 1423 209 1486 ΙΙΙ.
219 1423 270 1484 15.
288 1419 359 1484 Sed
370 1429 404 1484 et
416 1419 646 1506 stipulationes
660 1419 701 1482 ab
721 1419 1000 1503 adolescentibus,
1013 1431 1048 1487 et
1067 1424 1214 1488 actiones
1228 1445 1300 1487 ore-

63 1529 187 1590 ·ditorum
213 1528 371 1593 adversus
387 1532 530 1594 minores
552 1528 614 1592 bac
636 1527 715 1611 lege
741 1527 900 1592 Laetoria
920 1529 1070 1596 sublatae
1095 1539 1178 1596 sunt
1200 1532 1300 1596 Unde

70 1636 221 1700 Suetonius
246 1640 281 1698 ἐκ
306 1636 391 1698 libris
411 1638 605 1700 Praetorem
627 1636 716 1720 apud
736 1635 895 1700 Priscian.
912 1638 978 1700 aaa.
999 1638 1122 1702 XVIII.
1140 1641 1301 1714 Laetorio,

70 1749 395 1824 mensurantem
412 1748 505 1806 uncis
521 1743 623 1806 XXV
632 1747 787 1826 strpdnrs'.
811 1737 857 1808 Et
874 1744 963 1828 apud
977 1743 1134 1810 Plautum
1150 1750 1170 1810 l.
1183 1769 1210 1810 o.
1223 1747 1301 1812 Cal·

70 1849 169 1917 lidorus
182 1850 397 1917 adolescensc

237 1961 349 2032 Perti,
365 1979 408 2022 aa
422 1979 487 2022 nors
500 1967 566 2024 tum
579 1960 633 2022 lor
647 1979 695 2020 me
702 1959 812 2040 perdit
824 1963 1126 2041 qusiscm'eermorc‘nt

238 2066 394 2130 Metuant
405 2067 536 2130 credero
549 2085 663 2128 manes.

69 2170 200 2256 lienique
224 2183 259 2238 et
279 2174 411 2240 restitui
434 2173 518 2238 baec
540 2171 599 2236 lex
625 2171 769 2234 minores
792 2171 902 2236 laesos
921 2173 1045 2254 voluit,
1070 2174 1128 2239 sed
1150 2176 1302 2238 nonnisi

71 2278 133 2342 dolo
151 2280 289 2346 aliorum
309 2281 562 2344 circumventos:
587 2278 656 2343 Cic.
674 2281 714 2341 de
737 2282 827 2359 Offic.
844 2281 904 2343 ΙΙΙ.
920 2280 972 2342 15.
987 2282 1032 2360 ¹¹).
1055 2280 1157 2358 Quod
1175 2283 1303 2346 beneti-

71 2386 137 2449 ciam
149 2398 260 2472 postea
282 2389 477 2452 Praetorem
493 2387 591 2452 la'tius
607 2385 860 2470 interpretatum
876 2387 1035 2452 novimus.

630 2588 660 2670 g.
681 2587 711 2648 r.

398 2703 441 2756 Ea
459 2703 563 2756 demum
581 2704 664 2758 edicto
683 2704 826 2758 Praetoris
842 2703 957 2758 inducta.

137 2822 181 2888 ax
201 2843 348 2906 eoergo
365 2829 530 2905 tempore,
552 2842 651 2905 quum
673 2821 867 2905 quibusdam
885 2828 1011 2884 tantum
1031 2821 1227 2903 minoribus,
1242 2841 1302 2904 pe·

72 2929 190 2994 tentibus
205 2938 291 3016 pute
304 2951 342 2992 ac
359 2950 505 2992 caussam
522 2929 756 3013 probantibus,
775 2935 943 2991 curatores
966 2927 1133 3005 darentur,
1148 2928 1302 3012 adeoque

73 3035 246 3101 existimatio
271 3037 520 3101 adolescentum
547 3057 588 3100 ea
609 3045 794 3101 curatorum
818 3034 954 3100 datione
976 3035 1075 3098 etiem
1095 3044 1171 3119 post
1190 3034 1302 3118 legem

71 3139 234 3208 Laetorium
258 3145 351 3208 laedi
366 3146 550 3210 videretur:
572 3152 690 3227 postea
712 3144 819 3206 edixit
833 3143 991 3222 Praetor,
1008 3162 1044 3203 se
1065 3162 1133 3204 nou
1151 3141 1252 3203 modo
1267 3143 1302 3204 in

71 3244 210 3333 integrum
225 3254 454 3316 restituturum
472 3252 614 3315 minores
629 3251 675 3331 ¹),
691 3255 809 3333 quots'es
824 3251 941 3312 lubrico
952 3253 1067 3310 aetatis
1083 3252 1171 3328 copti
1181 3257 1303 3308 essent:

71 3383 347 3404 *um—..—

132 3455 154 3523 i)
172 3459 210 3511 ct.
229 3461 317 3526 Hugo
336 3460 373 3514 It.
394 3460 427 3514 G.
444 3475 472 3524 p.
489 3461 551 3512 396.
569 3471 611 3525 sq.
629 3460 685 3508 not.
702 3459 728 3510 6.
747 3455 834 3510 Melz.

125 3541 154 3608 k)
172 3545 241 3609 Hoc,
254 3545 284 3598 ui
298 3545 386 3610 fallor,
398 3542 464 3596 nibil
480 3542 627 3611 quiequam
639 3540 728 3604 differt
741 3541 776 3593 ab
791 3555 833 3605 eo,
849 3541 923 3610 quod
933 3541 1016 3605 paulo
1028 3543 1091 3590 ante
1103 3535 1174 3592 dixit
1182 3539 1301 3592 Auctor:

72 3623 186 3681 Plaetoria
202 3631 264 3698 lege
282 3629 414 3682 vindicari
433 3625 711 3693 circumscriptionem
729 3625 932 3678 adolescentum
950 3623 1066 3676 rescissis
1076 3632 1242 3676 versutorum
1257 3620 1304 3672 Isc-

72 3708 150 3762 aa'asm
159 3713 315 3778 fraudibus.
332 3711 520 3766 Praetermisit
537 3718 627 3764 eutem
645 3709 808 3764 Heineocius
826 3710 861 3761 de
879 3709 989 3775 publico
1003 3707 1110 3774 judicio
1129 3706 1215 3775 loqui,
1229 3705 1305 3773 quod

74 3789 150 3847 harum
172 3799 299 3851 fraudum
321 3798 545 3852 vindicandarum
569 3810 652 3846 causa
677 3796 751 3862 Lege
779 3794 917 3847 Plaetoria
942 3797 1129 3858 comparatum
1155 3797 1210 3853 est,
1230 3789 1304 3857 quod

74 3875 163 3940 quidem
180 3899 196 3934 a
213 3883 346 3935 Cicerone
363 3875 516 3948 appelletur
525 3880 661 3950 judicatus
672 3877 810 3950 publicum
826 3879 869 3930 rei
881 3879 1019 3947 privatae,-
1037 3877 1069 3929 da
1086 3876 1148 3929 Nat.
1166 3875 1238 3927 deor.
1253 3875 1303 3926 ΙΙΙ.

72 3961 105 4013 ³0.
121 3963 199 4020 Muli.

127 4047 148 4112 l)
166 4051 240 4103 Talis
258 4049 439 4104 restinctionis
457 4049 483 4102 si
502 4050 562 4117 Jsm
578 4048 680 4101 meartio
698 4050 729 4100 lit
745 4049 820 4114 apud
837 4049 945 4101 Terent.
964 4046 1079 4099 Plserm.
1097 4043 1156 4096 Act.
1175 4042 1215 4094 II.
1230 4058 1266 4092 sc.
1278 4045 1303 4092 4.

72 4127 125 4178 ⁵²5⁵
140 4133 257 4198 adunet,
272 4136 332 4201 jem
349 4137 441 4188 seculo
459 4135 493 4187 ab
511 4136 546 4188 U.
564 4134 595 4187 C.
613 4140 694 4186 sexto
711 4135 870 4188 Praetorem
888 4133 917 4184 id
932 4132 980 4198 jus
998 4126 1162 4180 madidissc.
1186 4122 1241 4176 Sed
1258 4138 1304 4174 re·

72 4223 128 4276 reor,
144 4231 175 4268 ne
196 4219 236 4270 ibi
260 4219 402 4272 Terentius
426 4220 518 4286 potius
537 4218 572 4271 de
590 4218 759 4270 restitutione
776 4217 876 4283 patris,
896 4230 952 4284 quo
971 4215 1083 4266 absente
1098 4209 1171 4262 lilius
1189 4221 1305 4260 uxorem

72 4292 179 4364 dmm,
197 4319 279 4369 quam
296 4303 353 4368 tilii,
377 4303 425 4371 qui
442 4319 472 4356 se
484 4317 501 4356 a
514 4300 683 4358 Phormione
695 4302 728 4354 ad
745 4303 774 4355 id
790 4307 915 4354 coactrrnr
927 4299 1042 4360 dicebat,
1060 4297 1195 4362 loquatur.
1212 4293 1306 4345 Verba

74 4375 161 4436 Comici
177 4394 240 4440 suut
256 4407 279 4440 a.
297 4393 322 4441 9.
338 4405 394 4457 sqq.

230 4501 261 4514 -·
281 4501 313 4512 —
334 4493 390 4542 epa,
408 4492 475 4544 puae
490 4474 519 4526 ira
537 4489 595 4526 ram
612 4479 683 4524 tuam
701 4471 761 4531 sint,
780 4489 811 4524 es
828 4470 904 4522 asten
915 4469 1022 4537 facies:
1039 4465 1104 4518 mili

231 4557 275 4608 Sic
294 4558 342 4609 lsoc
360 4559 473 4612 videtur.
491 4560 562 4627 parad
578 4575 614 4608 ru
635 4571 769 4608 ansanus.
780 4555 909 4621 lsicflls'ur

1051 4633 1112 4696 13*
