3080 5154
455 333 461 342 ’
565 343 620 412 Dr.
644 344 799 414 Nurrns.
1099 319 1101 326 Ι
1240 357 1309 424 tat

73 523 187 603 paratas·
197 525 306 583 tamen
326 527 362 583 et
376 521 516 582 matram·
527 508 662 603 pioprie
680 527 775 583 erant
790 519 1005 586 confarreatis
1023 525 1216 606 parentibus
1232 530 1311 592 nati.

77 628 134 690 Nec
144 626 237 690 aliter
252 621 382 708 Festus,
398 626 455 711 qni
471 626 555 690 falso
567 626 763 711 plerumque
776 649 796 690 a
813 627 1083 695 dissentientibus
1095 632 1250 699 laudatur
1263 640 1310 718 a).

636 779 665 860 §-
687 777 717 841 a.

164 891 221 946 III.
245 893 321 946 Uror
338 893 366 946 a'a
383 911 490 946 monam
508 895 670 958 coaoeaa'eaa,
690 893 894 963 materfamilias
910 897 939 949 ia
954 906 1084 966 potestate
1103 902 1201 955 mariti.
1258 917 1266 927 ‘

141 993 193 1056 Ad
210 995 295 1058 haec
319 993 353 1057 id
374 993 574 1079 sequebatur
595 995 746 1058 effectum
767 996 831 1060 ΙΙΙ.
845 1005 881 1061 ut
899 1018 993 1081 uxor,
1009 1021 1095 1084 quae
1118 1003 1310 1067 confarrea-

76 1103 147 1165 tione
162 1102 193 1165 in
210 1125 341 1166 manum
359 1111 571 1185 convenerat,
587 1103 683 1166 fieret
699 1119 986 1185 martaritanus,
1003 1114 1038 1168 et
1053 1108 1142 1174 tiliae
1157 1110 1235 1174 loco
1250 1111 1309 1174 ha-

75 1213 198 1292 beretur,
216 1209 371 1295 adeoque
388 1218 474 1273 esset
493 1209 591 1274 heres
608 1232 681 1274 suaz
698 1211 837 1295 Dionys.
855 1214 875 1274 t
890 1233 916 1273 c.
936 1211 1028 1300 (Gaj.
1044 1215 1070 1278 1.
1080 1217 1110 1298 5.
1120 1216 1150 1280 3.
1161 1217 1224 1282 ΠΙ.
1237 1217 1305 1301 14.)

75 1317 136 1402 Ulp.
150 1321 167 1378 t.
181 1341 205 1380 c.
220 1315 312 1381 Gell.
328 1317 434 1380 Noctt.
453 1319 520 1402 Att.
535 1317 659 1380 XVIII.
673 1319 703 1381 6.
725 1317 851 1397 Quaeri
875 1319 928 1381 hic
952 1319 1049 1403 solet,
1073 1345 1115 1386 an
1134 1346 1228 1405 uxor,
1249 1345 1310 1409 per

75 1427 351 1490 confarreationem
366 1425 510 1489 liberata
532 1427 640 1511 patria
653 1433 836 1511 potestate,
854 1426 888 1489 in
906 1427 967 1490 viri
982 1436 1183 1512 potestatem
1199 1439 1307 1496 trans-

74 1532 150 1596 ierit?
165 1534 331 1597 Adfirmat
347 1531 426 1596 Ant.
441 1533 579 1596 Hotom.
594 1535 633 1597 de
651 1535 716 1597 na.
731 1543 818 1618 nupt.
834 1557 859 1596 a.
872 1533 924 1598 20.
939 1558 972 1618 p.
991 1535 1063 1602 298.
1092 1537 1160 1603 Sed
1182 1548 1309 1624 negant

75 1641 131 1705 alii:
147 1641 343 1706 Thomasius
357 1643 442 1704 Dias.
460 1643 563 1725 adteg.
581 1641 605 1703 l.
619 1666 654 1724 p.
669 1641 720 1705 22.
743 1641 870 1706 Verum
891 1639 1008 1708 licebit
1030 1644 1084 1708 bic
1105 1669 1177 1712 cnm
1196 1647 1308 1712 Hoto-

75 1771 150 1812 mano
166 1749 289 1815 facere.
311 1749 474 1814 Auctores
498 1771 576 1813 sane
600 1771 713 1813 omnes
732 1749 895 1834 fatentur,
914 1751 940 1814 1.
956 1774 1092 1818 uxorem
1112 1757 1307 1820 convenisse
1366 1799 1373 1810 -

74 1861 235 1921 abmoaam.
263 1859 396 1922 Manum
414 1880 494 1922 vero
519 1857 552 1920 in
573 1859 650 1944 jure
671 1857 857 1943 significare
878 1867 1096 1946 potestatem,
1113 1863 1307 1928 tralatitium

74 1973 118 2027 est.
134 1966 200 2029 Imo
218 1967 266 2030 ΙΙ.
286 1965 415 2031 Gellius
438 1967 543 2029 Noctt.
563 1968 657 2029 Attio.
673 1968 711 2029 X
712 1967 797 2029 VIII.
816 1966 846 2030 6.
869 1967 973 2032 multo
996 1970 1150 2035 disertius
1171 1994 1306 2036 uxorem

75 2075 211 2157 ejusmodi
233 2081 267 2138 s'a
294 2078 445 2157 monastrio
468 2074 567 2138 fuisse
587 2071 710 2138 statuit.
736 2075 776 2137 ln
798 2077 963 2162 mancipio
988 2101 1068 2142 vero
1094 2101 1165 2143 esse
1192 2081 1306 2166 procul

74 2181 154 2244 dnbio
167 2183 310 2247 includit
330 2191 547 2267 potestatem,
564 2181 660 2267 (Ulp.
676 2183 777 2265 Frag.
797 2183 837 2244 X.
859 2185 944 2247 rubr.
960 2194 993 2249 et
1008 2187 1056 2249 ibi
1072 2186 1256 2274 Schulting.
1273 2197 1307 2252 et

75 2290 118 2352 ttt.
135 2292 201 2354 XX.
222 2290 280 2356 18:
294 2291 417 2353 XXIV.
434 2290 502 2372 23.)
521 2291 588 2353 imo
617 2298 652 2353 et
676 2291 782 2375 ipsum
805 2291 986 2355 dominium
1007 2295 1092 2378 juris
1114 2294 1307 2372 Quiritium:

72 2395 231 2481 Bynkersh.
247 2401 286 2462 de
296 2400 374 2462 Jare
386 2399 478 2460 occid.
490 2399 539 2460 at.
548 2389 576 2459 I.
602 2398 764 2484 Idemque
781 2399 843 2462 sibi
859 2399 977 2463 volunt
993 2411 1156 2486 auctores,
1174 2403 1306 2488 quando

73 2527 186 2572 uxorem
201 2508 322 2572 marito
340 2523 481 2572 snthnn
496 2506 626 2570 dicunt:
639 2506 735 2592 Virg.
754 2510 834 2569 Aen.
849 2507 905 2568 IV.
922 2528 949 2569 v.
964 2507 1035 2572 103.

217 2652 260 2664 -
281 2641 328 2692 -;
343 2619 434 2679 la'ceat
452 2615 593 2697 Phrygio
608 2620 728 2678 serar're
742 2621 865 2679 marito.
904 2647 908 2656 ·

74 2722 191 2808 adquae
207 2728 313 2788 verba
329 2723 491 2787 videndus
510 2722 659 2786 Servius:
681 2745 743 2786 nec
762 2745 829 2786 non
850 2723 985 2808 quando
1002 2723 1109 2790 mariti
1129 2728 1170 2791 ab
1192 2727 1306 2790 uxori-

74 2829 120 2894 bus
131 2841 287 2896 vocantur
305 2849 442 2895 notssNl:
458 2829 549 2894 Serv.
563 2833 607 2893 ad
624 2832 711 2914 Vs'rg.
727 2834 808 2894 Aea.
824 2830 881 2891 IV.
897 2851 925 2892 o.
940 2830 1011 2893 213.
1026 2832 1098 2894 214.

215 2979 259 2989 -
383 2975 427 2985 -
550 2976 593 2988 -
718 2975 744 2984 -
782 2927 941 3000 'connubia
956 2950 1066 3002 nostra

215 3049 381 3132 Reppulit,
397 3069 435 3110 ac
449 3067 618 3110 nonrnun
634 3050 768 3110 Aenean
783 3051 815 3110 a'a
830 3067 932 3128 regna
946 3052 1069 3128 recepit.
1398 3127 1410 3142 ἢ

71 3152 142 3217 Add.
164 3156 253 3220 Non.
278 3155 428 3218 Marcell.
449 3177 474 3218 c.
495 3155 526 3216 4.
547 3176 578 3217 η.
603 3154 674 3218 121.
697 3155 760 3218 111.
781 3153 1054 3235 Observavimus,
1082 3154 1305 3219 confarreatas

71 3281 171 3328 uxores
190 3265 224 3328 in
242 3264 341 3328 sacris
363 3263 472 3327 mariti
490 3263 599 3326 fnisse.
623 3263 796 3326 Sacrorum
816 3283 897 3326 vero
918 3261 1104 3324 communio
1128 3263 1306 3346 conjuncta

72 3380 128 3434 erat
143 3394 212 3436 cnm
232 3381 409 3458 potestate.
432 3369 530 3435 Unde
553 3370 732 3434 formulae:
749 3375 782 3433 s‘n
795 3379 968 3454 parentam
988 3372 1088 3431 sacris
1107 3392 1175 3432 esse
1193 3375 1305 3434 consti·

71 3487 168 3558 totam,
183 3485 216 3543 ἐπ
231 3489 356 3564 gentem
369 3489 401 3542 et
414 3500 508 3542 soora
525 3482 659 3561 alicujus
674 3482 826 3557 transtra,
839 3482 939 3542 sacris
949 3483 1095 3560 paternis
1110 3481 1230 3544 absolut
1241 3489 1304 3544 etc.

70 3582 133 3649 Vid.
145 3588 241 3652 Barn.
255 3587 400 3652 Brisson.
413 3589 453 3649 de
471 3587 562 3649 Verb.
575 3587 654 3667 aiga.
666 3609 699 3668 p.
715 3585 807 3649 1814.
827 3588 873 3649 ed.
891 3606 959 3648 aon.
976 3585 1125 3651 Adcedit
1138 3584 1198 3652 IV.
1215 3589 1305 3673 qnod

70 3689 212 3777 Ulpianus
233 3701 267 3758 tn
281 3715 410 3758 manum
428 3697 659 3757 conventionem
678 3694 766 3757 inter
783 3713 909 3777 genera
927 3694 1044 3778 capitis
1068 3694 1304 3759 deminutionis

70 3799 155 3866 refert
172 3805 229 3867 Ift.
247 3803 306 3865 XI.
323 3801 374 3866 13.
395 3802 490 3882 (Vid.
508 3811 542 3866 et
559 3801 632 3888 Gaj.
650 3803 712 3867 ΙΙΙ.
728 3799 779 3866 83.
795 3801 877 3883 84).
896 3798 1075 3878 Quomodo
1093 3825 1173 3866 vero
1195 3803 1304 3888 capite
1400 3883 1402 3888 ,

71 3905 221 3976 deminuta
235 3911 302 3974 dici
316 3911 479 3994 potuisset
493 3931 588 3992 uxor,
604 3910 632 3972 si
647 3910 702 3973 vel
717 3908 767 3971 sui
778 3908 874 3992 juris,
886 3910 940 3973 vel
960 3909 994 3974 in
1014 3911 1122 3995 patria
1135 3919 1303 3995 potestate

70 4019 237 4083 mansisset?
260 4019 332 4081 Nec
347 4020 389 4084 V.
405 4019 439 4082 id
455 4011 689 4101 omittendum,
706 4039 828 4084 uxores
849 4007 1081 4101 antiquissimis
1097 4017 1302 4102 temporibus

70 4123 244 4191 adsumsisse
264 4127 399 4191 nomina
417 4128 625 4211 maritorum,
645 4135 813 4210 tamquam
831 4125 925 4189 filias.
948 4125 1015 4203 Qui
1036 4147 1106 4189 mos
1123 4126 1223 4190 etiam
1244 4127 1302 4189 sub

69 4229 320 4318 Imperatoribus,
341 4257 438 4322 quum
451 4237 521 4322 jam
541 4234 761 4299 obsolevisset
779 4232 1053 4313 confarreationis
1066 4233 1158 4314 ritus,
1176 4234 1303 4299 mansit.

69 4335 145 4404 Hinc
164 4345 196 4407 in
219 4343 386 4428 lapidibus
405 4352 580 4408 occurrunt
596 4360 749 4434 turonus
771 4359 889 4422 nnusr,
909 4355 1053 4402 nonnata
1073 4357 1303 4424 aiaun1,uns⁴

71 4469 348 4487 w

128 4533 154 4598 g)
174 4533 213 4586 Cf.
232 4535 321 4586 Hasse
340 4534 357 4586 t.
377 4533 393 4586 t.
413 4534 432 4601 ξ.
454 4539 494 4586 13.
513 4481 572 4602 sqq.
591 4539 646 4586 not.
667 4535 724 4585 109.
749 4530 837 4584 Mitt.
