3062 5156
322 362 377 430 Dr.
400 361 559 430 Turnus
584 362 747 434 Tesrsss‘.
772 363 897 436 1111111.
923 367 1014 438 Dsr.
1085 459 1088 466 γ
1229 377 1300 444 178

55 547 120 603 erat
134 536 317 613 ordinaria3
336 536 420 600 haec
435 559 455 600 a
468 536 632 601 Praetore
648 505 786 601 Urbano
802 548 837 603 et
852 540 1009 606 Tribunis
1023 542 1133 627 plebis
1149 545 1300 629 dabatur,

53 648 77 709 si
91 645 208 708 femina
224 663 298 708 cum
321 649 432 705 tutore
454 641 606 726 legitimo
626 644 704 727 lege
721 652 778 708 aut
792 646 944 730 legitimo
959 649 1090 734 judicio
1112 672 1212 735 agere
1228 653 1302 717 vel-

52 753 110 834 let,
125 761 159 815 ut
176 773 218 814 eo
236 743 372 814 auctore
396 757 530 833 ageret,
546 750 600 814 vel
622 757 765 814 tutorem
785 752 969 836 legitimum
985 779 1051 822 non
1067 759 1225 837 baberet,
1245 760 1301 824 vel

53 861 76 920 is
94 858 237 942 pupillus
267 866 364 920 esset.
395 855 481 918 Nam
504 865 539 920 et
564 857 700 941 pupillis
714 861 866 924 *tutelam
889 862 1073 947 legitimam
1092 867 1170 950 jure
1193 869 1301 932 veteri

54 965 185 1029 delatam
202 985 287 1046 esse,
297 967 367 1049 jam
384 963 497 1046 Cujac.
512 965 583 1026 Ods.
597 965 635 1024 X
635 964 705 1025 VII.
713 964 765 1029 28.
782 966 1077 1052 demonstravitt).
1094 971 1203 1050 Quum
1219 995 1300 1038 vero

53 1074 193 1156 legitima
219 1073 345 1154 tutela,
370 1072 463 1157 quasi
484 1091 538 1133 res
555 1072 632 1155 jure
656 1069 833 1147 Quiritium
861 1076 1013 1160 propria,
1035 1079 1070 1140 in
1087 1080 1165 1164 jure
1187 1092 1301 1166 posset

53 1181 133 1243 cedi:
146 1181 190 1260 is,
215 1179 268 1242 cui
290 1187 368 1242 tunc
386 1178 578 1260 cedebatur,
600 1178 783 1244 vocabatur
801 1191 888 1245 tutor
906 1188 1050 1248 cessitius
1066 1193 1116 1269 ¹¹);
1137 1191 1227 1274 cujus
1243 1192 1300 1276 jus
1342 1257 1348 1270 ,

51 1296 152 1350 tamen
169 1287 335 1368 cessabat,
352 1285 448 1350 simul
472 1309 510 1348 ac
531 1286 717 1370 legitimus,
737 1289 793 1372 qui
814 1299 976 1374 cesserat,
996 1293 1050 1357 vel
1069 1295 1221 1378 obiisset,
1244 1298 1300 1360 vel

53 1395 152 1478 capite
169 1400 258 1456 esset
275 1393 477 1457 deminutuss
493 1393 628 1478 Ulpian.
642 1397 773 1477 Fragm.
793 1397 851 1458 XI.
867 1395 898 1458 7.
912 1402 955 1479 ¹).
977 1399 1099 1464 Fiebat
1115 1410 1225 1466 autem
1241 1404 1301 1468 illa

54 1503 167 1585 cessio,
184 1523 228 1565 ne
252 1503 414 1586 adgnatus
432 1522 474 1564 eo
491 1521 594 1564 onere
616 1511 780 1585 perpetuo
802 1506 1008 1587 obrueretur,
1028 1515 1062 1570 et
1077 1509 1211 1592 quidem
1227 1511 1302 1595 ple·

52 1631 180 1695 rumque
205 1609 305 1673 alteri
327 1607 490 1691 adgnato,
515 1608 653 1672 sirecte
677 1610 821 1694 conjecit
838 1611 909 1675 Jac.
931 1612 1130 1679 Gothosred.
1153 1619 1197 1680 ad
1213 1619 1251 1681 L.
1269 1619 1300 1682 2.

55 1718 82 1778 O.
103 1719 212 1780 Tteod.
228 1719 268 1778 de
287 1717 422 1786 111111νί1.
437 1724 468 1778 et
482 1724 583 1778 curat.
599 1717 726 1778 creand.

623 1869 652 1950 ς.
672 1868 722 1930 19.

460 1984 507 2036 Ass
524 1984 615 2036 masiti
632 1991 732 2036 tutores
748 1991 881 2039 aeorum?

127 2086 253 2164 Quaeri
271 2084 370 2148 etiam
387 2083 484 2168 solet,
498 2107 539 2148 an
558 2092 592 2147 et
608 2085 719 2147 mariti
734 2086 870 2150 tutelam
885 2109 1024 2152 uxorum
1045 2091 1209 2176 suscipere
1225 2102 1300 2179 pot-

53 2195 171 2258 uerint?
192 2194 360 2258 Adfirmat
382 2193 495 2276 Scipio
518 2192 662 2256 Gentilis
689 2192 732 2254 ad
757 2196 888 2276 Apulejs'
909 2199 1041 2279 Apolog.
1063 2220 1094 2260 n.
1117 2200 1209 2262 1020.
1232 2201 1300 2264 Sed

52 2301 236 2365 Domitiana
257 2308 330 2364 erat
350 2300 520 2385 quaestio,
541 2300 610 2363 sive
631 2308 838 2382 proponatur
861 2300 903 2364 de
925 2303 984 2385 iis,
1009 2325 1095 2387 quae
1116 2305 1150 2368 in
1170 2328 1299 2371 manum

53 2417 283 2489 convenerant,
298 2409 368 2471 sive
391 2408 433 2472 de
451 2406 529 2487 illis,
546 2426 631 2490 quae
651 2413 778 2470 tantum
804 2416 900 2472 erant
921 2408 955 2472 in
972 2410 1191 2475 matrimonio.
1213 2414 1299 2477 Illae

53 2538 109 2579 non
125 2525 220 2616 erant
236 2517 271 2578 in
289 2514 411 2595 tutela,
431 2513 543 2578 sedin
564 2533 662 2577 manu
680 2521 715 2576 et
731 2515 895 2598 mancipio
915 2517 1124 2602 maritorum,
1146 2520 1299 2606 adeoque

52 2644 110 2686 non
128 2624 232 2708 magis
253 2630 409 2707 poterant
427 2631 555 2685 tutores
574 2621 714 2703 habere,
732 2643 827 2706 quam
848 2622 1096 2706 filiasfamilias,
1119 2649 1216 2711 quum
1232 2651 1300 2694 non

53 2739 154 2794 essent
166 2731 279 2814 capita
298 2729 414 2794 libera.
441 2727 548 2809 (Vide
570 2749 666 2812 supra
683 2729 791 2790 hul.
810 2729 924 2791 1111.
942 2732 971 2813 S.
988 2731 1035 2813 6.)
1061 2733 1138 2796 Hae
1154 2735 1202 2797 sui
1214 2737 1300 2819 juris

53 2846 83 2900 et
97 2859 202 2901 rerum
224 2859 354 2902 suarum
377 2836 532 2901 dominae
553 2843 664 2917 erent,
687 2836 775 2899 etin
793 2835 901 2899 tutela
923 2857 989 2900 non
1011 2840 1218 2924 maritorum,
1241 2843 1300 2906 sed

52 2945 277 3029 adgnatorum,
293 2946 462 3026 vivebant,
483 2942 562 3028 quia
577 2942 647 3005 sine
661 2943 776 3006 borum
794 2943 992 3008 auctoritate
1008 2944 1091 3008 nihil
1108 2955 1241 3030 poterat
1256 2949 1299 3012 de

52 3054 146 3117 tutela
161 3053 318 3138 legitima
333 3051 490 3128 deminui,
506 3059 542 3114 ut
556 3050 671 3135 paullo
686 3059 763 3133 post
778 3049 1083 3114 demonstrabimus.
1105 3053 1195 3117 Hinc
1212 3057 1300 3140 apud

52 3159 172 3224 Gmter.
188 3163 352 3241 Inscripti.
362 3179 397 3242 p.
412 3159 517 3220 DLII.
533 3180 563 3220 n.
585 3159 614 3220 2.
635 3157 778 3221 occurrit
794 3165 1053 3237 monumentum,
1070 3158 1161 3241 quod
1183 3162 1301 3226 mulier

52 3265 121 3331 feeit
139 3285 223 3349 suu,
246 3283 388 3350 0011111111
407 3283 451 3328 ur
474 3281 603 3329 11110111
626 3281 700 3329 suo.
726 3263 762 3326 Si
782 3285 903 3327 uxores
925 3265 959 3326 in
982 3263 1089 3326 tutela
1110 3266 1298 3331 maritorum

54 3393 114 3438 esse
133 3371 489 3457 dicerenturz'procul·
506 3371 609 3435 dubio
627 3370 662 3434 id
682 3371 937 3456 intelligendum
956 3381 1042 3436 esset
1059 3371 1239 3457 improprie
1256 3375 1298 3438 de

52 3478 94 3563 iis,
111 3504 198 3568 quae
218 3483 253 3545 in
271 3503 400 3545 manum
417 3467 654 3561 convenerant,
673 3479 948 3561 quemadmodum
969 3489 1003 3543 ct
1015 3479 1116 3544 hodie
1137 3501 1300 3547 nonnum-

109 3691 136 3756 t)
155 3688 222 3741 Vid.
242 3689 303 3756 Gaj.
321 3689 384 3741 inst.
401 3689 423 3741 I.
443 3691 501 3742 177.
523 3691 581 3742 178.
594 3715 627 3728 -
643 3687 684 3740 Os.
703 3685 834 3754 Sebitling
850 3687 930 3739 Bem.
946 3685 989 3740 ts.
1008 3688 1045 3744 lt.
1066 3689 1099 3742 G.
1117 3704 1144 3756 p.
1158 3693 1200 3743 88.
1213 3695 1257 3744 54.
1272 3697 1299 3745 ct

50 3772 158 3826 Rudorff
173 3776 192 3826 l.
210 3775 228 3826 1.
247 3789 274 3840 p.
294 3777 352 3827 198.
373 3777 431 3826 199.
450 3770 537 3824 Mittit.

106 3859 138 3925 u)
158 3860 212 3911 Est
230 3857 342 3926 quidem
360 3857 434 3923 apud
452 3856 563 3922 Ulpian.
581 3857 691 3924 Frspm.
712 3855 768 3908 Xl.
784 3858 810 3909 7.
828 3869 884 3907 vox
902 3857 1022 3921 csssieus,
1041 3858 1196 3923 sedprocul
1213 3857 1298 3912 dubio

47 3939 183 4005 legendum
201 3943 328 4002 cessitius,
347 3941 579 4008 quemadmodum
591 3945 618 3991 et
630 3941 714 3992 tutela
732 3939 833 3993 ibidem
848 3947 960 3993 vocatur
978 3943 1090 3995 cessino.
1108 3941 1172 3995 Vid.
1187 3943 1232 3994 Jo.
1245 3958 1299 3996 van

48 4023 88 4076 der
103 4027 202 4080 Wuter
225 4025 351 4079 Observa.
369 4026 427 4079 ΙΙΙ.
446 4030 471 4078 2.
496 4026 578 4077 Heia.
608 4024 673 4077 Vid.
691 4023 774 4076 etiam
791 4024 852 4090 Gaj.
871 4025 893 4076 1.
914 4027 971 4078 169.
991 4051 1027 4062 —
1046 4025 1190 4076 Caeterum
1208 4026 1299 4091 pupil-

48 4109 124 4164 lorum
137 4114 252 4164 tutelam
264 4110 429 4176 permissum
442 4124 498 4162 non
510 4115 568 4162 erat
579 4109 607 4162 in
616 4109 680 4175 jure
694 4110 798 4173 cedere,
811 4109 860 4162 sed
874 4113 979 4161 tautum
992 4109 1172 4162 foeminarum
1189 4111 1265 4176 (Gaj.
1276 4111 1299 4164 Ι.

49 4196 98 4245 168.
114 4197 179 4262 Uip.
198 4195 253 4247 XI.
269 4197 312 4263 8),
332 4200 447 4260 excepta
462 4194 543 4246 etiem
555 4192 708 4256 fiduciaria;
726 4195 807 4262 cujus
823 4193 935 4261 quidem
946 4192 1116 4259 exceptionis
1128 4195 1198 4246 banc
1211 4196 1298 4262 Gajus

48 4278 125 4331 reddit
141 4280 291 4332 rationem:
311 4280 434 4348 wentam
451 4279 505 4346 ipsi
521 4296 548 4330 se
567 4279 643 4331 oncri
658 4276 825 4346 subjecerint,
835 4279 977 4346 fidus-iasii
993 4285 1103 4339 tutores,
1122 4279 1186 4347 Gej.
1202 4281 1296 4335 1171.

47 4387 75 4399 —
90 4364 128 4416 Cf.
147 4365 183 4416 de
203 4366 257 4417 hoc
275 4379 331 4430 erg.
349 4363 469 4417 Rudorff
486 4363 503 4413 1.
522 4363 539 4414 l.
559 4365 589 4415 T.
608 4363 630 4416 I.
649 4363 670 4429 1.
688 4365 731 4414 98.
749 4362 798 4413 Ν1.
816 4362 852 4414 ΙΙ.
870 4377 897 4426 p.
917 4365 975 4414 199.
993 4377 1054 4429 sqq.
1081 4360 1169 4414 Miitt.

107 4449 142 4515 x)
162 4448 272 4513 Quodsi
295 4447 421 4501 cessitius
445 4444 611 4499 moriebatur
629 4451 678 4499 aut
695 4447 784 4512 capite
803 4447 1019 4510 diminuebatur,
1038 4447 1074 4498 ed
1095 4462 1157 4499 eum
1181 4455 1297 4503 reverte·

48 4527 115 4582 natur
134 4535 227 4598 insen,
247 4533 296 4602 qui
313 4549 374 4586 eam
391 4535 518 4585 cesserat.
538 4531 638 4597 11111.
659 4535 717 4584 1⁷0.
735 4532 797 4596 Ulp.
817 4520 869 4584 xl.
889 4536 913 4584 ⁷.
937 4531 1025 4584 111111.
