3056 5154
245 353 350 474 Qum.
377 387 476 460 Mon.
501 385 688 460 Taurus
713 384 924 464 Omrasnro'.
1138 401 1211 472 503

530 567 561 647 §-
584 565 635 630 12

422 681 564 752 winsia
580 681 743 752 Aquam
798 695 800 702 ’

87 799 137 842 rm
155 799 246 842 vero
270 780 402 844 nonnisi
419 783 594 846 verborum
617 783 841 866 obligationes
857 785 1113 868 acceptilatione
1134 788 1208 852 tolli

87 914 91 950 :
115 895 279 970 repertus
295 887 428 952 demum.
447 897 498 952 est
513 889 647 970 modus,
664 909 730 974 quo
752 899 788 954 et
811 893 963 977 reliquae
985 894 1209 976 obligationes

87 994 236 1058 ebibita
251 995 357 1064 forma
373 996 589 1060 solverentur.
606 997 690 1060 Nam
710 997 747 1060 C.
757 998 925 1082 Aquillius
937 1000 1065 1082 Gallus,
1078 1003 1210 1085 aequis-

86 1101 123 1164 le
149 1110 188 1163 et
213 1101 443 1166 solertissimus
467 1104 653 1166 cautionum
676 1105 816 1187 artifex,
836 1108 924 1185 (vid.
940 1109 1059 1172 Cicero
1075 1110 1115 1170 da
1132 1109 1210 1171 Not.

87 1209 117 1267 Ί.
132 1207 188 1270 30.
206 1217 244 1274 et
259 1211 299 1272 dc
318 1211 407 1290 offic.
420 1211 479 1271 111.
494 1209 544 1270 14.
561 1216 595 1272 et
612 1212 701 1274 orat.
709 1215 824 1294 prqA.
843 1214 978 1276 Oueetrm
992 1237 1017 1278 o.
1032 1215 1100 1296 27.)
1119 1233 1210 1278 corn-

87 1331 352 1379 rrruearrorrau
363 1333 602 1392 aouromsasu
615 1320 660 1397 ¹f),
672 1337 758 1400 quae
776 1321 873 1383 nobis
885 1321 1097 1384 certissimum
1110 1341 1208 1404 prae-

87 1420 148 1483 iae
167 1429 321 1485 veterum
340 1423 374 1486 in
401 1422 608 1487 cautionibus
627 1425 865 1508 componendis
891 1426 1087 1511 diligentiae
1110 1449 1208 1512 argu-

87 1565 101 1589 ..
131 1529 174 1590 In
195 1549 237 1592 ea
265 1529 369 1610 enim,
390 1535 425 1592 ut
448 1536 539 1592 recte
564 1533 718 1594 observat
744 1532 929 1598 Brissonius
953 1538 973 1596 l.
990 1535 1009 1596 l.
1029 1556 1064 1616 p.
1078 1533 1150 1598 loti.
1165 1555 1208 1597 ne

87 1635 207 1698 nissum
230 1636 415 1715 videretur,
440 1636 542 1699 multa
567 1656 609 1699 ex
633 1638 813 1702 abundanti
842 1649 917 1703 sunt
937 1640 1076 1724 adjecta.
1098 1641 1206 1725 Ipsam

87 1742 173 1804 ionis
199 1741 417 1826 Aquillianae
442 1721 617 1806 formulam
644 1734 794 1808 recenset
817 1746 1003 1832 imperator
1024 1749 1052 1829 §.
1077 1747 1107 1808 2.
1129 1749 1206 1810 Inat.

87 1869 146 1911 iam
175 1849 340 1912 Brissonii
366 1849 521 1935 exemplo
554 1852 640 1914 notis
667 1851 860 1936 quibusdam
889 1853 1094 1938 antiquitatis
1124 1875 1207 1918 enu-

90 1978 109 2017 e
138 1975 253 2018 caussa
275 1953 521 2020 illustrabimuse
555 1975 723 2034 ournoum
751 1977 794 2022 ra
822 1975 900 2022 snrn
926 1975 972 2023 ax
997 1976 1206 2037 Qusouuoun

91 2067 124 2143 Ε)
144 2079 237 2125 usna
249 2080 378 2128 uacuas
392 2067 422 2144 t)
443 2079 598 2127 oeoarsr
611 2083 811 2146 oronnam,
824 2081 1006 2147 salassus,
1019 2085 1056 2131 nt
1067 2085 1205 2147 orantus,

87 2159 336 2232 aoounrrrona
351 2173 382 2251 ¹¹)
408 2187 692 2246 Qusnoucuuous
716 2189 832 2236 naauu
859 2189 938 2235 urar
963 2189 1078 2235 racuu
1104 2189 1205 2238 norro

87 2293 216 2352 senous
237 2293 411 2342 sovsnsus
430 2293 474 2339 'ra
496 2293 642 2358 narrare,
666 2293 729 2340 var.
749 2293 925 2341 ant'ansus
947 2295 990 2341 'rs
1015 2294 1207 2355 suessonu-

87 2403 107 2465 r,
129 2401 252 2447 sarava
268 2387 317 2463 ¹);
342 2379 477 2459 Quouis
499 2399 545 2446 ru
568 2399 666 2448 mauu
684 2399 817 2467 nanas,
840 2398 964 2467 ranas,
987 2390 1205 2466 coessentes),

109 2507 203 2558 uano
224 2506 370 2571 rsuram,
390 2505 458 2566 ouo
488 2506 594 2554 ursus
620 2507 802 2556 rossanam
817 2495 865 2573 ¹)=
893 2507 1023 2567 Quarum
1045 2489 1205 2569 quasque

88 2690 151 2740 'ales
160 2688 291 2740 formulae
300 2689 334 2740 ab
343 2688 464 2758 Aquillio
472 2694 595 2754 repertae
603 2692 696 2755 plures
706 2689 733 2742 iu
740 2689 803 2758 jure
813 2694 908 2745 nostro
917 2693 1034 2754 exstant,
1043 2689 1127 2742 veluti
1136 2689 1205 2742 ratio

88 2773 181 2824 dorum
198 2779 387 2838 postumorom
402 2779 549 2838 nepotum:
570 2773 600 2823 1..
612 2777 654 2823 29.
668 2773 702 2824 D.
716 2773 747 2824 de
759 2771 849 2824 Liber.
861 2782 887 2824 et
895 2781 1007 2840 portum.
1020 2773 1136 2824 formula
1148 2773 1206 2825 doli

88 2873 120 2908 tm
132 2856 303 2908 scommatum
312 2857 474 2909 malitiarum
483 2857 598 2908 omnium
607 2861 685 2906 vocat
694 2857 792 2910 Cicero
801 2859 833 2908 de
844 2857 904 2908 Nat.
915 2858 997 2910 Deor.
1007 2857 1065 2910 111.
1073 2861 1114 2910 30.
1125 2857 1205 2910 Heia.

89 2943 199 2994 :ausam
216 2942 304 2996 dicere
320 2944 432 3004 mavult,
450 2955 533 3009 quam
551 2947 731 3000 muscetum,
750 2940 887 3008 siquidem
904 2941 951 2995 itta
968 2946 996 2992 et
1013 2940 1206 3006 obligationem

99 3033 125 3078 et
142 3025 247 3092 negotia
264 3041 452 3094 quaecumque
478 3023 680 3090 complectitur:
699 3025 731 3076 L.
751 3029 776 3078 9.
794 3027 829 3077 D.
849 3025 881 3080 ot
897 3035 962 3078 sert.
975 3034 1030 3093 pet.
1049 3026 1108 3078 Imo
1127 3025 1206 3080 etad

89 3109 117 3160 sd
131 3108 206 3178 quasi
225 3110 322 3162 delicta
338 3109 471 3175 pertinet:
490 3109 523 3160 I..
543 3113 583 3160 12.
599 3108 634 3159 D.
647 3107 678 3158 da
700 3107 774 3162 Verb.
792 3110 880 3178 sipnff.
898 3111 930 3162 Ι..
948 3117 970 3163 l.
980 3127 1026 3178 pr.
1042 3110 1077 3161 D.
1093 3111 1124 3160 de
1146 3109 1206 3163 ool.
1313 3173 1316 3178 Ι
1407 3131 1413 3135 ·

89 3195 140 3246 bin.

90 3279 202 3331 'solebant
211 3283 313 3332 veteres
325 3276 509 3332 Jursoonsulti
522 3276 560 3330 ita
571 3277 630 3330 sine
641 3277 833 3344 conjunctione
843 3277 925 3328 verba
936 3276 1109 3342 oonjungere,
1121 3275 1205 3330 veluti

102 3365 140 3414 ire
157 3381 240 3431 opere,
259 3364 324 3415 dara
342 3363 439 3432 tepore.
458 3365 537 3427 Quae
555 3363 622 3430 quid
639 3361 691 3415 sibi
709 3361 798 3422 velint,
818 3360 898 3412 docet
915 3360 1049 3426 Ulpianus
1067 3361 1099 3412 L.
1112 3364 1155 3414 6³.
1170 3361 1204 3415 D.

90 3447 197 3514 ,sipaass
214 3447 309 3514 iungit
326 3463 390 3514 ergo
408 3446 451 3498 bic
469 3446 604 3514 Aquillius
623 3461 743 3499 oronrnr
761 3458 916 3507 ornareris,
934 3461 1019 3512 quum
1036 3445 1104 3497 alias
1123 3445 1205 3497 verbo

90 3539 100 3592 ἒ,
112 3536 164 3582 tam
175 3547 309 3596 praesens,
319 3547 400 3599 quam
413 3531 534 3584 intusum
547 3536 663 3596 tempus,
672 3531 849 3597 significetur:
863 3529 895 3581 Ι..
908 3533 933 3581 8.
945 3531 980 3581 D.
993 3529 1025 3580 dc
1044 3529 1071 3581 V.
1085 3529 1113 3582 S.
1126 3529 1205 3584 Heia.

91 3615 205 3680 Obligati
227 3629 372 3682 possumus
396 3633 475 3684 patre,
491 3617 519 3668 in
536 3617 605 3668 diam
622 3620 649 3667 et
666 3615 712 3667 rub
730 3617 890 3668 conditione:
907 3615 928 3681 ξ.
946 3619 972 3667 2.
989 3615 1055 3667 laet.
1068 3615 1106 3665 'ds
1132 3613 1206 3667 Veri.

91 3715 158 3751 mnes
174 3699 366 3766 obligationum
384 3702 488 3768 species
506 3692 647 3768 conjungit
663 3701 808 3769 Aquillius.
826 3701 869 3753 Ad
887 3700 1003 3766 primam
1020 3697 1137 3764 pertinet
1147 3712 1207 3752 ver·

91 3791 156 3843 artat,
173 3785 205 3836 ad
221 3786 366 3838 secundam
383 3791 412 3838 et
430 3784 536 3836 tertiam
554 3783 691 3853 oportebit,
707 3787 772 3854 quia
789 3788 897 3839 illarum
915 3785 973 3840 dies
991 3785 1113 3838 nondum
1125 3784 1206 3846 venit,

92 3883 115 3919 re
130 3868 196 3920 cedit
211 3869 327 3937 quidem.
347 3871 425 3922 Heia.

93 3955 173 4004 acrio
188 3951 215 4005 in
232 3967 375 4019 personam
393 3957 448 4016 est,
466 3966 572 4004 rsrrrro
588 3949 617 4004 iu
635 3967 701 4015 rem,
723 3965 906 4010 raassouurro
924 3954 959 4005 ad
978 3950 1206 4024 exnamdisarias

92 4043 170 4088 ibrum
181 4038 344 4104 cognitiones
357 4038 487 4104 pertinet:
502 4036 661 4089 Brissonius
673 4035 734 4089 ibid.
743 4055 773 4105 p.
788 4041 845 4090 164.
859 4037 945 4103 Jungi
955 4037 1022 4088 baca
1036 4038 1117 4088 edam
1134 4035 1208 4088 vide·

97 4122 126 4172 L.
144 4125 181 4173 10.
199 4123 231 4174 D.
251 4123 283 4174 dc
307 4121 334 4174 V.
354 4121 382 4175 S.
400 4122 480 4177 Heia.

96 4207 196 4258 Hassis
205 4207 364 4260 vocabulum
377 4209 504 4274 generale
515 4211 564 4268 est,
576 4211 603 4256 et
616 4205 665 4271 jus
676 4205 798 4268 dominii,
810 4205 857 4272 jus
872 4201 1053 4272 possessionis
1068 4208 1096 4256 et
1105 4217 1207 4256 meram

93 4304 150 4340 inem
160 4290 276 4344 denotat:
293 4293 326 4344 Ι.
337 4295 379 4345 ³8.
391 4293 412 4358 t.
423 4294 449 4344 0.
463 4291 499 4342 D.
514 4290 545 4340 de
566 4288 817 4343 Verumtamen
835 4292 871 4342 ad
888 4291 998 4352 iactum,
1016 4301 1158 4356 rossroenr
1172 4289 1208 4340 ad

95 4375 239 4427 similaris.

97 4457 176 4510 Dolus
191 4457 256 4524 enim
269 4474 324 4536 pro
352 4459 525 4525 possessione
548 4464 597 4526 cst,
621 4471 782 4526 semperque
805 4458 946 4525 possidere
971 4451 1142 4519 intelligitus,
1161 4455 1208 4520 qui

94 4542 127 4607 cit,
144 4543 294 4610 quominus
312 4545 477 4610 possideret:
495 4546 528 4598 Ι..
549 4548 607 4598 loti.
625 4545 657 4595 1..
675 4546 732 4595 167.
750 4543 770 4608 ξ.
791 4549 813 4594 t.
835 4539 869 4592 D.
888 4541 919 4592 ds
939 4541 1006 4607 Ray.
1016 4539 1076 4606 jur.
1095 4537 1173 4608 Heia.

970 4624 1013 4686 38
