3056 5154
229 397 301 464 ssu
554 388 630 458 ιιι
653 388 717 459 ιιι.
741 385 822 464 ιιι.
846 388 960 459 xxx.
986 388 1154 479 (xxm.)

228 591 305 648 pose,
334 564 440 632 sarar
464 562 632 649 ἡγούμενος
656 575 721 639 τοῖς
745 562 920 638 δανεισταῖς
940 563 994 638 τὰς
1020 563 1130 639 οὐσίας
1152 567 1215 630 scis
1239 561 1472 649 musandum

227 685 357 756 κρατεῖν.
381 673 447 749 Qua·
456 693 529 734 aero
542 677 576 734 ιἰι
585 679 748 753 poclm
757 673 928 752 poeenioea
942 671 1228 748 ascensurorum
1245 675 1405 752 campumt,
1424 673 1473 732 doc

227 783 289 842 nois
303 782 413 861 patrer
426 779 462 842 od
477 800 571 841 saum
585 799 641 840 aes
659 779 796 840 αἰιὲιιιιιιι
811 778 928 839 abduci
938 782 971 839 s'n
984 780 1109 840 maula
1124 782 1300 858 (amam),
1311 780 1370 840 sed
1383 780 1474 860 legen

217 889 344 966 serunt,
359 907 400 950 ne
417 889 486 967 quis
494 888 681 965 foenerator
698 889 731 948 ιἰι
754 905 886 966 corpora
903 886 1002 948 libera
1011 888 1071 967 jac
1088 886 1217 958 Ιιαόιιιι,
1233 889 1315 947 sutas
1332 906 1399 948 ease
1412 890 1474 946 eas·-

226 999 359 1056 str'cmns
377 993 648 1070 smeratonbum
668 995 701 1054 es·
720 993 800 1054 tosa
824 993 996 1054 debitorum
1018 992 1211 1075 pendeant.
1232 991 1308 1056 Nec
1332 992 1473 1056 dubitare

225 1101 318 1182 licet,
334 1100 415 1184 quin
429 1100 560 1163 steterit
574 1098 752 1183 promissis,
768 1117 867 1182 quum
884 1101 1040 1164 extremis
1062 1099 1279 1182 temporibus,
1294 1099 1472 1182 exagitatus

226 1231 246 1272 a
261 1207 424 1288 Patriciis,
439 1208 473 1270 in
490 1206 596 1270 altera
614 1206 775 1270 concione
791 1215 1024 1290 conqueratur,
1043 1207 1122 1270 ideo
1136 1228 1172 1270 se
1187 1208 1407 1272 Patriciorum
1421 1207 1474 1270 ad-

226 1315 297 1400 peti
312 1313 456 1396 insidiis,
476 1314 566 1399 quod
581 1335 762 1398 pauperum
783 1313 974 1379 libertatem
990 1323 1104 1380 contra
1125 1314 1359 1380 foeneratores
1374 1335 1473 1378 serva-

226 1423 270 1488 rit
283 1422 498 1487 incolumem:
512 1422 692 1507 Dionysius
708 1421 819 1486 Halic.
833 1424 857 1483 I
857 1423 892 1485 V.
906 1422 958 1487 37.

813 1571 842 1652 §-
858 1571 889 1634 4.

331 1689 517 1741 Restituemnt
529 1693 624 1754 postea
643 1685 801 1752 Decemviri,
820 1703 932 1756 qaorum
951 1685 994 1738 les
1012 1685 1044 1737 de
1056 1684 1192 1738 'obaeratis
1210 1685 1372 1754 explicatur.
1419 1750 1423 1756 Ι

310 1789 489 1852 Enimvero
505 1807 572 1849 non
588 1785 644 1849 diu
662 1784 837 1850 admodum
854 1785 1025 1850 humanius
1039 1786 1124 1850 illud
1140 1786 1249 1850 Servii
1264 1785 1374 1850 Tullii
1389 1785 1472 1849 insti·

145 1909 148 1914 '
226 1905 332 1960 tutum
346 1894 462 1980 viguit.
485 1893 722 1977 Praeterquam
742 1895 842 1976 enirn,
859 1894 949 1978 quod
966 1895 1167 1978 Tarquinius
1183 1893 1352 1977 Superbus
1370 1913 1471 1957 omnes

227 2005 297 2089 ejus
319 2002 413 2088 leges
429 2000 595 2085 abolevit,
611 2021 653 2064 ne
673 2001 795 2067 tabulis
817 2003 950 2086 quidem
972 2004 1007 2065 in
1028 2003 1103 2066 foro
1124 2001 1264 2084 relictis,
1283 2001 1470 2086 (Dionysius

226 2110 336 2175 Halic.
354 2111 411 2172 IV.
427 2108 478 2172 43.
494 2113 555 2190 sq.)
572 2108 636 2194 ipsi
652 2110 752 2173 etiam
767 2109 957 2173 Decemviri
974 2110 1176 2174 durissimum
1191 2109 1285 2173 illum
1304 2108 1471 2173 obaeratos

226 2221 260 2282 in
276 2239 411 2282 nervum
428 2215 571 2280 ducendi
588 2238 710 2280 morem
733 2217 839 2281 veluti
856 2217 1060 2301 postliminio
1076 2218 1302 2281 restituerunt.
1325 2216 1471 2280 lnhuma-

226 2329 389 2391 nissimam
412 2326 540 2412 legem,
563 2326 652 2411 cujus
674 2326 745 2410 ipsa
766 2324 918 2409 legitima
938 2325 1041 2388 verba
1064 2327 1207 2390 serravit
1229 2323 1361 2388 Gellius
1375 2325 1471 2385 Nocti.

226 2440 294 2498 Art.
316 2435 389 2497 XX.
412 2434 441 2496 1.
456 2439 485 2514 e)
513 2433 625 2516 paucis
645 2433 894 2497 illustrabimus:
914 2449 1023 2498 asnis.
1051 2449 1210 2498 courussr
1226 2432 1273 2512 ⁴¹).
1301 2448 1470 2503 nsaiano

226 2559 320 2605 susa.
344 2555 726 2604 Junrcnms.rn1cmra.
752 2555 838 2604 urus.
856 2555 961 2604 susm.
984 2557 1107 2605 sonno.
1128 2543 1207 2603 Non
1226 2539 1315 2602 enim
1338 2557 1469 2622 aequum

227 2650 329 2713 visum
347 2655 398 2710 est
410 2648 618 2711 Decemviris
627 2694 637 2728 ,
653 2647 840 2729 debitores,
859 2669 1055 2732 quamquam
1072 2649 1239 2712 confessos
1255 2657 1289 2710 et
1298 2645 1470 2731 judicatos,

228 2765 294 2820 tam
317 2755 389 2819 dira
413 2754 577 2818 sententia
597 2753 705 2817 statim
723 2754 925 2838 opprimere:
946 2757 1004 2821 sed
1018 2757 1135 2820 XXX
1150 2756 1221 2820 dies
1240 2755 1281 2817 iis
1301 2753 1470 2838 praefinire

226 2863 363 2947 placuit,
377 2863 464 2926 intra
485 2883 566 2946 quos
586 2861 761 2946 pecuniam
785 2864 1029 2946 conquirerent,
1049 2887 1115 2950 qua
1136 2863 1312 2928 satisfieret
1333 2851 1471 2925 credito-

226 2972 325 3035 ribus.
347 2972 390 3033 Et
406 2971 441 3032 hi
459 2969 529 3033 dies
548 2977 707 3033 vocantur
715 2972 814 3050 justi,
830 2971 865 3033 id
881 2979 946 3051 est,
966 2980 1002 3035 ut
1019 2973 1066 3036 ait
1084 2971 1172 3057 apud
1189 2969 1337 3035 Gellium
1360 2966 1470 3030 Caeci-

226 3077 300 3158 lius,
318 3077 472 3160 quoddam
491 3080 764 3159 velnts'J‘usts‘ts'um
779 3087 810 3140 et
821 3081 908 3160 juris
927 3083 1074 3142 intereos
1095 3083 1190 3162 quasa·
1201 3079 1369 3139 interstitio
1386 3095 1470 3157 qaue·

295 3291 325 3356 c)
346 3289 417 3343 Add.
435 3289 496 3356 Gej.
515 3290 563 3342 IV.
589 3289 610 3357 §.
622 3294 653 3342 21
665 3293 750 3342 —25.
767 3307 848 3359 equo
863 3292 972 3344 demum
990 3290 1144 3356 didicimus,
1170 3305 1304 3358 quaenam
1322 3287 1406 3342 fuerit
1424 3289 1469 3340 for·

226 3378 300 3428 mula
317 3374 346 3427 iu
363 3391 473 3428 manum
489 3369 743 3441 injectionis-Dc
751 3376 895 3428 verborum
904 3375 1087 3442 legitimorum
1098 3376 1269 3430 restitutione
1286 3373 1343 3427 vid.
1358 3374 1469 3426 Duksu

227 3458 434 3528 Zwo'lflaselpes.
444 3477 475 3526 p.
492 3463 655 3514 aas—262.
673 3459 714 3512 Cl.
733 3458 874 3514 infrenet
891 3462 917 3514 d.
927 3462 945 3514 i.
961 3467 988 3512 et
1006 3461 1318 3530 Saviguy1.tp.81.sq.
1338 3457 1427 3516 Mitt.

295 3544 328 3610 d)
349 3544 441 3606 Quum
459 3546 526 3597 baec
537 3545 620 3597 verba
636 3544 684 3596 vix
701 3559 811 3596 sensum
835 3545 964 3598 idoneum
986 3547 1114 3599 fundant:
1138 3545 1185 3598 alii
1202 3545 1348 3612 legendnm
1369 3547 1470 3596 monent

227 3643 301 3681 senis
324 3643 463 3681 consessu.
487 3631 577 3694 Ampt.
601 3629 799 3695 Bynkershock
823 3637 913 3683 autern
945 3629 1092 3684 Observata
1109 3631 1141 3684 Ι.’
1154 3637 1176 3684 l.
1191 3649 1220 3700 p.
1238 3635 1262 3682 2.
1281 3645 1339 3682 sess
1366 3643 1469 3682 conres-

226 3727 273 3765 srs.
284 3713 364 3768 Heio.
378 3715 461 3765 Recte
472 3714 571 3766 babent
584 3713 673 3777 verba,
685 3719 716 3765 ut
732 3731 804 3766 nunc
821 3717 955 3782 legantur,
967 3731 1056 3782 neque
1073 3730 1105 3766 ea
1122 3719 1227 3768 tantum
1244 3715 1274 3768 in
1292 3713 1469 3780 disputatione

227 3794 338 3849 Caecilii
361 3797 530 3862 reperiuntur
553 3800 627 3864 apud
650 3798 768 3852 Gellium
786 3799 803 3852 I.
822 3820 844 3854 c.
864 3816 957 3854 verum
979 3801 1060 3854 etiam
1086 3800 1151 3854 XV.
1171 3805 1211 3854 1³.
1235 3801 1284 3854 ubi
1300 3801 1340 3854 ita
1364 3797 1469 3866 exponit

227 3881 344 3935 Gellius:
369 3883 483 3949 confessi
503 3885 584 3945 aene,
604 3885 636 3936 de
660 3903 710 3954 quo
720 3886 803 3952 facta
826 3885 955 3954 consessio
979 3895 1031 3939 est:
1048 3902 1130 3955 quem
1153 3889 1242 3939 locum
1265 3884 1353 3940 miror
1376 3885 1469 3952 rupee

224 3964 314 4018 vuum
332 3982 482 4032 summum,
500 3967 548 4019 ubi
573 3958 732 4034 scripturam
757 3970 826 4022 hanc
851 3971 982 4024 adversus
1009 3972 1173 4026 Salmasium
1197 3975 1288 4024 tuetur
1306 3969 1469 4024 Gronovius:

226 4053 295 4104 ueris
313 4053 427 4120 corffessi
443 4055 550 4120 tripimc
569 4055 623 4106 dier
639 4065 724 4120 muto,
740 4057 767 4107 h.
784 4073 807 4108 e.
824 4053 935 4121 triginta
952 4054 1011 4108 dies
1029 4064 1110 4122 sunto
1128 4072 1228 4119 rerum,
1243 4071 1312 4124 quas
1333 4056 1397 4124 quis
1413 4069 1468 4106 cou-

225 4137 313 4190 fessus
331 4144 385 4200 est;
404 4155 461 4208 pue,
479 4137 544 4204 sire,
562 4144 593 4189 ut
611 4138 657 4192 alii
675 4140 782 4201 babent,
800 4159 830 4194 cc
848 4159 910 4196 cum
927 4142 1032 4198 variato
1050 4141 1161 4211 quidem
1184 4157 1250 4194 casu
1270 4143 1410 4212 sequitur:
1429 4137 1468 4192 scd

225 4221 293 4275 illud
305 4225 416 4288 vulgare
428 4227 477 4286 est,
492 4227 519 4274 et
536 4224 655 4289 Sanctio,
668 4225 813 4280 Perizonio
827 4227 943 4296 aliisque
957 4229 1139 4292 observatum,
1153 4223 1301 4292 particulas
1316 4226 1395 4292 istas,
1409 4237 1468 4294 quat

225 4306 430 4372 conjunctiones
455 4308 630 4362 Grammatici
657 4311 807 4375 adpellant,
827 4327 937 4374 sonsum
960 4313 1067 4378 potius,
1085 4329 1168 4382 quam
1194 4313 1277 4368 verba
1299 4311 1467 4379 conjungere

226 4389 341 4444 Videtur
359 4393 470 4460 quidem
488 4393 592 4447 Gellius
610 4395 696 4452 Noctt.
715 4399 770 4450 Aa.
791 4398 863 4450 XX.
883 4403 907 4452 1.
929 4403 1086 4452 construere
1109 4397 1224 4464 confessi
1239 4399 1310 4450 ueris
1327 4413 1391 4450 cum
1398 4393 1468 4464 judi·

226 4475 298 4527 cetis.
320 4476 365 4529 Sic
389 4477 516 4544 deinceps
541 4477 638 4532 dicitur
663 4489 826 4552 quantaeque
846 4485 975 4550 peccarim
989 4484 1129 4554 judicatas
1151 4490 1225 4539 esest.
1252 4481 1337 4538 cana
1362 4477 1466 4546 veisun·

226 4559 334 4620 lectioni
351 4563 432 4615 etiam
449 4563 583 4622 consentit
600 4564 720 4626 Dirksen
739 4566 755 4621 l.
771 4567 788 4620 l.
800 4584 829 4639 ps
839 4571 898 4622 2³⁷.
912 4583 954 4640 sq.
969 4565 1057 4624 Mitti.
1149 4572 1155 4581 '
