3062 5156
424 369 479 438 lla
503 368 649 440 cisiis
672 369 927 442 Duumurtonn.
1229 385 1300 452 172

55 549 104 634 qui
120 547 207 632 capti
230 545 381 628 fluerunt,
398 565 530 630 semper
544 545 578 610 in
603 547 740 612 civitate
761 547 877 614 fuisset
896 548 927 629 §.
939 549 971 610 5.
990 550 1069 614 Iaat.
1093 553 1182 631 Quat.
1198 553 1299 619 nodab

51 667 125 742 patr.
136 664 200 737 pat.
219 657 295 722 aulo.
309 653 353 734 ἃ).
376 669 624 720 rosuuiuiutuu
640 674 722 718 vero
743 654 778 718 id
789 656 844 738 jus
866 654 1108 740 adpellabetur,
1123 681 1189 724 non
1207 663 1298 745 ideo,

55 764 133 848 quod
149 762 301 846 captivus
317 781 360 826 ex
374 760 503 826 hostico
519 761 562 826 ad
575 765 685 827 limma
706 760 760 826 vel
781 762 864 827 fines
884 765 1016 847 imperii
1032 768 1240 849 revertisset,
1264 778 1301 833 ut

56 874 93 936 ait
106 871 330 935 Triboniauus
345 869 374 930 d.
393 869 422 950 §-
435 872 466 930 5.
488 870 566 931 last.
583 867 730 951 quamvis
751 889 824 930 eam
845 870 1015 953 ἐτυμότητα
1035 872 1164 936 erudite
1181 876 1299 938 defen-

56 980 102 1042 dat
120 980 258 1061 Menag.
282 979 484 1038 Amoeaitatt.
501 978 571 1057 jur.
591 979 646 1036 cia.
667 996 692 1035 c.
710 975 761 1037 39.
771 998 806 1058 p.
822 975 895 1038 327.
912 997 976 1058 sqq.
990 983 1035 1061 ⁶),
1050 980 1108 1042 sed
1131 1004 1151 1044 a
1172 983 1297 1065 limine,

55 1086 172 1150 aedium
191 1091 300 1169 parte.
321 1082 462 1146 Reversi
480 1078 566 1144 enim
588 1102 631 1142 ex
643 1083 848 1166 captivitate,
866 1104 932 1146 non
948 1107 1009 1168 per
1025 1086 1126 1150 limen
1143 1089 1299 1154 admitte-

55 1196 161 1256 bantur
183 1192 221 1254 in
241 1189 352 1272 aedes,
371 1189 398 1252 si
413 1190 483 1273 jam
508 1187 595 1250 diem
615 1210 672 1251 eos
689 1189 811 1252 obiisse
826 1191 1013 1256 nunciatum
1034 1193 1153 1276 fuerat,
1169 1199 1247 1282 quia
1263 1197 1298 1260 id

55 1299 120 1362 mali
143 1299 266 1361 ominis
292 1299 485 1381 putabatur,
509 1295 568 1358 sed
591 1294 789 1379 postlimen
814 1318 877 1381 per
898 1299 1028 1382 tegulas
1050 1310 1085 1365 et
1107 1302 1298 1386 impluvium

54 1409 128 1470 intro
143 1427 178 1470 se
194 1407 286 1490 ipsos
299 1404 529 1486 demittebant,
546 1411 631 1466 teste
647 1402 826 1467 Plutarcho
848 1406 989 1481 Quaeett.
1002 1409 1135 1470 Roman.
1150 1411 1179 1472 5.
1192 1409 1299 1496 [tuat.

59 1513 116 1573 VII.
125 1535 158 1595 p.
173 1512 229 1606 73.
244 1534 290 1595 eq.
310 1513 387 1593 Opp.
402 1511 573 1573 Plutarchi
584 1533 626 1573 aa·
640 1512 713 1572 edit.
727 1510 889 1597 lucianii]

635 1663 664 1744 ς.
686 1664 717 1726 a.

498 1757 501 1768 ’
531 1770 590 1824 ΙΙΙ.
610 1771 689 1824 Serui
700 1787 813 1838 paeana.

125 1872 288 1957 Ejusdem
307 1871 506 1934 conditionis
527 1871 735 1934 habebantur
755 1870 819 1934 ΠΙ.
839 1876 926 1936 acroi
936 1893 1072 1954 paeane.
1090 1871 1299 1959 Quicumque

57 1980 129 2042 enim
153 1980 265 2043 atroci
288 1980 452 2042 sententia
474 1977 516 2040 ad
542 1986 725 2056 extremum
750 1979 961 2063 supplicium,
985 1978 1091 2042 veluti
1112 1980 1155 2043 ad
1177 1981 1300 2066 ignem,

56 2086 90 2149 ad
103 2085 251 2167 metalla,
270 2087 434 2150 bestiasve
453 2084 690 2170 depugnandas
707 2085 839 2148 fuerant
857 2085 1012 2158 damnati,
1027 2085 1191 2149 libertatis
1205 2087 1301 2150 simul

56 2214 87 2254 ac
107 2193 251 2256 civitatis
266 2194 344 2278 jura
362 2193 567 2260 amittebant.
589 2193 680 2254 Hinc
704 2193 931 2273 Tertullianus
955 2194 1085 2274 Apolog.
1104 2215 1130 2254 c.
1147 2193 1199 2256 27.
1229 2195 1302 2256 Vico

55 2303 264 2362 rebellantium
279 2304 522 2382 ergastulorum,
537 2322 593 2362 ceu
607 2321 771 2362 carcerum
788 2301 837 2362 vel
850 2300 1121 2370 metallorum!
1133 2301 1188 2360 boc
1198 2321 1301 2382 geuue

56 2427 218 2468 resume
236 2426 448 2470 scararum
468 2417 638 2489 erumpunt
662 2407 830 2470 aduersum
847 2425 912 2467 aas.
932 2406 977 2468 Et
991 2401 1120 2467 Plinius
1139 2405 1239 2486 [ipsit.
1260 2406 1301 2470 X.

55 2512 97 2574 40.
110 2513 193 2576 baec
213 2512 331 2576 refert:
349 2514 387 2574 Ia
396 2516 557 2608 pleraeque
568 2514 753 2584 ciuitatibus,
769 2513 900 2576 maxime
915 2513 1115 2574 M'comediae
1129 2521 1161 2574 et
1174 2511 1301 2587 Nicaea,

56 2622 168 2700 quidam
191 2623 242 2684 uel
262 2625 295 2682 ia
309 2641 387 2702 opus
401 2622 559 2696 damuati,
575 2624 625 2684 cel
644 2625 677 2706 ia
692 2622 821 2693 ludum,
840 2621 1013 2702 similiaque
1034 2620 1081 2680 bia
1095 2640 1216 2700 genera
1227 2641 1302 2704 poa·

56 2747 411 2802 aarum,1²unnrcoanu
434 2748 613 2806 suarosuu
632 2729 732 2810 ‹fffiaio
743 2729 974 2810 mabebterioque
988 2726 1190 2808 junguntur,
1207 2733 1302 2808 atque

55 2837 153 2908 etaiam,
174 2845 213 2896 ut
225 2836 347 2918 publici
361 2840 460 2910 serui,
480 2855 591 2898 aaaua
613 2839 777 2916 accipiunt.
804 2830 977 2912 Quaedam
1001 2830 1068 2894 alia
1089 2831 1131 2894 de
1152 2831 1215 2894 hac
1233 2852 1301 2896 ser·
1404 2825 1428 2884 ἰ

56 2940 149 3002 vitute
166 2941 295 3004 habent
307 2941 418 3026 Gujac.
439 2943 564 3005 Obseru.
575 2944 648 3004 XV.
655 2941 706 3004 22.
723 2948 757 3003 et
771 2938 924 3004 Gotbofr.
937 2935 1077 3001 Arnold.
1090 2937 1173 2999 Hiet.
1188 2939 1301 3000 Cbra‘et.

56 3047 187 3110 damnat.
209 3049 254 3110 ad
265 3053 380 3111 metall.
394 3049 423 3130 §.
443 3050 529 3111 VIII.
545 3051 633 3132 apud
652 3048 806 3111 Thomas.
820 3047 904 3108 Hiet.
922 3045 996 3125 sap.
1013 3051 1043 3103 et
1059 3044 1176 3113 Stultit,
1197 3045 1228 3104 Τ.
1242 3043 1301 3104 III.

56 3152 136 3215 1693.
150 3177 187 3236 p.
210 3155 282 3218 130.
312 3158 394 3220 Eam
421 3179 555 3242 quoque
578 3156 769 3220 servitutem
792 3176 853 3240 per
876 3152 1042 3216 fictionem
1068 3158 1178 3213 natam
1202 3148 1302 3212 docet

57 3259 125 3324 Ger.
147 3262 267 3326 Noodt
290 3265 422 3326 Probal.
442 3265 501 3327 III.
522 3265 572 3328 12.
590 3287 625 3347 p.
645 3264 696 3327 86.
733 3262 878 3347 Capitali
900 3259 988 3322 enim
1010 3253 1172 3340 supplicio
1196 3254 1302 3317 veteri
1420 3349 1424 3364 Ι

51 3367 118 3450 jure
128 3391 228 3433 nemo
244 3371 362 3434 civium
378 3371 482 3455 plecti
494 3381 637 3456 poterat.
651 3371 833 3434 Commisso
849 3389 929 3433 vero
943 3364 1082 3448 fla'gitio,
1096 3359 1184 3445 quod
1197 3367 1302 3424 morte

57 3476 248 3558 expiandum
276 3478 470 3562 videbatur,
491 3478 706 3557 Quaesitores
729 3499 796 3540 non
821 3477 926 3540 civem
952 3471 1067 3556 capitis
1094 3467 1324 3549 damnabant,

60 3585 130 3660 (nec
146 3585 236 3648 enim
257 3584 306 3650 fas
323 3591 425 3667 erat),
441 3587 501 3650 sed
516 3587 622 3650 civem
639 3607 709 3650 esse
726 3584 910 3669 negabant,
926 3598 1121 3662 servumque
1139 3575 1304 3640 vocabant

56 3711 197 3774 poenae,
213 3699 250 3755 ut
273 3693 374 3756 vitam
389 3715 457 3756 non
480 3702 646 3779 tamquam
663 3693 744 3756 civis
765 3692 950 3771 amitteret,
966 3687 1025 3751 sed
1048 3694 1213 3766 tamquam
1236 3701 1304 3744 ser-

57 3815 123 3860 vus:
143 3801 181 3861 J..
201 3797 254 3860 29.
269 3801 310 3860 D.
329 3799 367 3861 do
387 3801 485 3864 Poea.
501 3801 539 3863 L.
554 3799 585 3864 6.
606 3798 634 3882 fi.
660 3799 690 3862 6.
709 3799 748 3859 u.
766 3799 805 3860 de
822 3797 962 3880 Iajusto,
985 3803 1092 3875 rupto,
1112 3787 1305 3863 irritofacto

57 3913 171 3970 testam.
188 3905 350 3972 Attamen
367 3907 402 3996 hi
419 3930 552 3994 quoque
565 3907 705 3993 pristina
715 3907 794 3992 jura
809 3905 1061 3990 recuperabant,
1078 3899 1103 3962 si
1118 3917 1180 3981 per
1194 3894 1305 3957 omnia

120 4110 155 4176 d)
173 4111 249 4164 Huic
265 4111 368 4164 tictioni
385 4113 533 4179 opponitur
544 4115 629 4165 altem
643 4111 712 4178 legis
724 4109 877 4174 Corneliae,
891 4124 947 4177 qna
958 4105 1109 4171 tingebatur
1123 4100 1198 4166 apud
1212 4099 1303 4151 hostes

57 4200 185 4260 ¹¹¹⁰f²¹¹¹1⁸i
201 4195 232 4249 in
249 4194 358 4248 civitate
375 4196 534 4252 decessisse.
550 4198 596 4249 De
612 4197 713 4264 quibus
731 4193 887 4248 fictionibus
899 4197 1005 4260 praeter
1020 4190 1186 4242 Aheecrram
1199 4181 1305 4235 erudite

57 4277 110 4342 <ait
125 4279 219 4346 cuia.
242 4280 279 4334 aa
301 4279 407 4333 auant
430 4283 530 4350 maa.
547 4298 578 4348 p.
596 4285 657 4334 aaa.
679 4281 710 4334 T.
735 4280 780 4332 V1.
802 4278 871 4347 opp.
892 4277 976 4330 nea.
1001 4273 1043 4326 ct.
1068 4269 1200 4335 munna
1224 4268 1306 4324 aea.

58 4355 96 4411 a.
109 4362 146 4414 R·
166 4363 199 4414 G·
217 4378 244 4428 n·
263 4367 423 4419 aea-asa.
441 4372 468 4419 et
485 4366 641 4438 unuani.
657 4366 752 4419 consa
766 4362 949 4418 ..ammae
969 4356 1110 4414 Glauca
1126 4355 1189 4410 va.
1203 4367 1306 4408 mix.

59 4458 83 4506 l)-
102 4450 137 4496 23
148 4475 181 4484 —
192 4451 236 4499 26.
254 4447 341 4500 Mitti.

123 4531 153 4596 c)
173 4532 210 4582 Et
228 4531 339 4597 optimis
356 4533 517 4602 rationibus,
534 4540 565 4587 ut
582 4534 662 4588 nobis
681 4533 792 4602 quidem
810 4532 926 4586 videtur.
944 4528 1033 4584 ΜὶἱΙιί.

1043 4609 1111 4672 12*
