3030 5160
205 395 277 470 538
313 336 315 348 Ι
571 396 645 464 ΙΛΒ.
671 336 732 506 lli.
758 393 837 461 Trr.
864 391 940 462 ΧΨ.
964 391 1091 481 (xlv.)

204 575 443 651 foeneratores,
458 568 513 632 vel
528 567 638 652 potius
649 569 781 649 Brutus,
796 567 853 651 qui
869 585 982 631 eorum
999 586 1102 652 opera
1118 567 1152 630 in
1164 567 1313 652 pecuniis
1325 569 1448 632 foenori

204 679 353 744 locandis
368 677 534 758 utebatur,
564 675 606 738 de
624 675 742 760 quibus
758 674 877 737 Cicero
894 676 1008 757 Epistt.
1028 676 1073 760 ad
1087 677 1228 738 Atticum
1248 675 1343 738 ml.
1364 677 1449 739 Vnt.
1512 671 1513 676 ’

206 799 240 851 et
254 789 284 850 2.
299 787 355 866 (cf.
367 787 396 868 §-
409 783 460 846 15.
477 790 545 845 not.
558 786 606 866 q.)
637 783 709 845 lmo
723 801 763 843 eo
778 801 952 864 progressa
964 789 1035 844 erat
1047 781 1294 846 foeneratorum
1308 781 1449 862 avaritia,

204 903 298 958 utne
315 893 431 976 quinas
450 889 583 972 quidem
606 909 717 950 usuras
734 888 872 972 exigere
889 887 1089 950 dubitarent.
1105 887 1181 964 Qua
1197 888 1239 951 de
1251 910 1289 951 re
1299 889 1450 951 Horatius

206 1005 344 1062 Sermon.
358 998 463 1058 ΜΗ.
482 997 551 1057 Sat.
563 994 593 1057 2.
608 1015 635 1054 u.
649 994 700 1056 12.
711 1015 775 1076 sqq.
1093 1065 1097 1076 Ι

368 1103 516 1184 OEbfidius
533 1102 786 1182 uappoesomom
802 1104 887 1162 timet
905 1121 943 1161 oe
954 1101 1125 1173 nebulonis,

371 1211 467 1272 Diues
481 1210 579 1290 agris,
592 1208 677 1270 diues
695 1210 806 1288 positis
820 1211 852 1268 in
862 1207 998 1283 foenore
1014 1211 1126 1268 numu.

379 1316 499 1391 Quinos
514 1316 562 1375 iic
581 1317 678 1395 copiti
690 1315 845 1399 mercedes
861 1321 1006 1384 esseron
1031 1319 1135 1392 atque,

377 1421 501 1496 Quanto
515 1421 670 1502 perditior
686 1423 815 1501 quiaque
829 1427 887 1492 est,
906 1427 994 1480 tanto
1012 1422 1117 1480 acrius
1137 1430 1264 1502 urguet.

206 1527 312 1614 Atqui
327 1525 602 1610 sanguinolentae
626 1524 724 1609 plane
747 1532 839 1587 erant
860 1524 924 1587 hae
948 1544 1075 1605 usurae,
1101 1525 1275 1609 siquidem,
1293 1527 1352 1610 qui
1371 1527 1452 1590 binas

207 1635 401 1700 centesimas
418 1630 675 1720 spoponderant,
692 1630 828 1714 singulis
848 1631 941 1694 annis
960 1636 1074 1714 viginti
1089 1642 1240 1713 quatuor,·
1267 1634 1323 1717 qui
1340 1643 1451 1714 ternas,

207 1747 340 1826 triginta
356 1764 432 1814 sen3
455 1740 511 1823 qui
528 1746 713 1824 quaternaS,
729 1739 944 1820 quadraginta
963 1749 1046 1810 octo‚·
1069 1738 1124 1821 qui
1143 1738 1270 1822 quinas,
1293 1744 1452 1822 sexagenta
1512 1739 1513 1784 l

202 1870 264 1932 pro
279 1851 415 1909 centenis
436 1867 552 1910 usurae
567 1845 644 1908 loco
660 1845 844 1908 solvebant.
866 1843 1029 1907 Hadriani
1046 1845 1249 1930 temporibus
1264 1847 1451 1926 invaluerat,

209 1962 245 2018 ut
259 1954 486 2016 foeneratores
503 1953 635 2016 creditis
651 1952 742 2016 mille
758 1953 877 2032 aureis,
894 1973 937 2013 ex
953 1973 993 2032 ea
1016 1973 1140 2014 summa
1155 1952 1274 2015 eodem
1296 1961 1451 2016 momento

210 2047 414 2124 deducerent
431 2068 572 2142 centum,
596 2069 640 2142 et,
666 2059 819 2122 cautione
841 2059 1053 2122 nihilominus
1074 2059 1108 2121 in
1129 2057 1220 2121 mille
1242 2083 1364 2124 aureos
1387 2081 1452 2122 eon·
1512 2069 1513 2136 ᾖ

210 2178 318 2254 cepta,
335 2188 444 2230 usuras
459 2174 635 2252 praeterea
650 2170 844 2231 centesimas
859 2166 893 2228 in
920 2165 1066 2247 singulos
1089 2186 1191 2229 annos
1216 2165 1451 2249 simularentur,

210 2297 333 2361 easque
344 2281 498 2338 vertente
512 2297 597 2338 anno
613 2276 648 2338 in
668 2283 788 2338 sortem
801 2273 993 2356 redigerent
1007 2276 1051 2352 ¹).
1066 2269 1168 2349 Quod
1180 2293 1285 2356 genus
1298 2295 1450 2337 usurarum
1512 2293 1513 2384 p

210 2384 295 2450 adeo
308 2381 447 2445 mordax
468 2391 550 2464 erat,
566 2391 603 2446 ut
621 2383 706 2445 intra
721 2402 780 2443 sex
806 2402 909 2444 annos
931 2400 1000 2443 sors
1026 2377 1266 2463 duplicaretur:
1283 2381 1452 2444 Dositheus
1512 2393 1513 2450 ξ

211 2491 298 2552 Sent.
312 2491 350 2550 1).
363 2490 464 2548 Hodr.
478 2489 537 2548 111.
551 2489 581 2548 5.
598 2510 632 2569 p.
648 2487 719 2550 864.
736 2487 888 2572 Cujacius
907 2489 1080 2549 Obseruott.
1097 2487 1188 2548 XXI.
1201 2485 1232 2548 9.

785 2619 813 2697 ἕ.
835 2615 886 2682 31.

583 2731 740 2784 Contractus
757 2733 914 2786 commodati
930 2743 956 2785 at
973 2733 1089 2802 depositi.
1146 2775 1152 2790 .

295 2830 468 2895 Sufficiant
489 2829 571 2894 haec
599 2831 640 2894 de
666 2840 796 2913 mutuo,
823 2834 962 2897 foenore
990 2842 1024 2896 et
1052 2833 1165 2898 usuris.
1192 2833 1404 2897 Coumonnrr
1424 2839 1451 2894 et
1512 2815 1513 2881 ἶ

211 2955 367 3004 unrosm
383 2944 579 3020 contractus,
603 2939 658 3024 qui
680 2949 713 3002 et
732 2940 794 3024 ipsi
814 2959 850 3002 re
869 2942 1032 3023 ineuntur,
1055 2941 1103 3004 ita
1124 2947 1199 3003 sunt
1219 2941 1410 3024 comparati,
1423 2947 1451 3000 ut
1512 2915 1513 2996 Ϊ

211 3046 300 3109 iniis
321 3043 465 3107 Romani
481 3067 500 3108 a
516 3047 592 3128 jure
614 3047 761 3130 gentium
791 3054 826 3109 et
852 3047 1015 3109 communi
1032 3049 1176 3110 omnium
1194 3046 1365 3110 hominum
1384 3067 1451 3110 con-

185 3182 187 3187 s
211 3151 481 3216 suetudinehaud
492 3156 698 3218 recesserint.
712 3153 812 3218 Unde
823 3154 880 3215 vix
893 3152 1069 3238 quidquam
1083 3153 1137 3216 hic
1153 3175 1196 3216 ex
1211 3155 1450 3238 antiquitatibus

211 3259 343 3323 videtur
358 3258 589 3343 explicandum
604 3266 649 3342 t).
678 3260 834 3344 Depositi
852 3269 1038 3324 contractus
1061 3260 1096 3323 id
1122 3259 1290 3344 singulare
1317 3261 1450 3326 habebat

212 3364 300 3449 apud
315 3365 494 3447 Romanos,
511 3366 611 3450 qnod,
629 3369 655 3431 si
675 3367 747 3451 quis
762 3366 878 3430 dolose
894 3368 981 3430 eirca
999 3367 1184 3451 depositum
1204 3376 1292 3431 esset
1306 3374 1448 3443 versatus,
1512 3417 1513 3462 4

212 3471 240 3532 is
257 3491 300 3532 ex
314 3471 444 3554 legibus
469 3472 641 3536 duodecim
666 3473 850 3536 tabularum
873 3472 974 3556 duplo
995 3473 1059 3536 hoc
1079 3473 1198 3538 lueret.
1228 3475 1337 3552 Quam
1352 3475 1448 3559 legem
1512 3489 1513 3496 ¹

282 3623 324 3691 x)
337 3626 387 3679 Est
405 3628 448 3679 hic
465 3601 658 3691 nnnrocrsuus,
677 3645 758 3696 quem
776 3627 841 3680 olim
859 3628 963 3682 licitum
987 3629 1081 3694 fuisse,
1103 3635 1199 3695 postea
1223 3647 1289 3684 vero
1307 3633 1380 3686 Scto
1396 3645 1448 3697 pro·

192 3709 336 3780 bibitum,
355 3718 429 3776 patet
444 3729 480 3764 ex
498 3713 620 3765 ciceron.
638 3713 732 3780 Epistt.
751 3714 787 3764 ad
807 3713 887 3764 Attic.
911 3711 938 3764 V.
956 3717 998 3764 21.
1023 3714 1125 3765 Postea
1147 3716 1274 3768 eumdem
1291 3715 1448 3769 constitutio
1512 3775 1513 3778 Ἴ

183 3787 197 3804 '⁴
213 3795 293 3849 nibus
312 3793 368 3846 suis
385 3796 604 3862 proscripserunt
622 3799 811 3862 Imperatores.
838 3795 901 3848 Vid.
915 3797 948 3848 L.
962 3801 1005 3850 27.
1027 3797 1062 3850 D.
1084 3797 1115 3848 dc
1135 3798 1178 3850 Re
1186 3801 1305 3868 judicat.
1326 3801 1357 3852 Ι..
1368 3803 1407 3852 20.
1425 3797 1448 3848 ι’.

188 3937 190 3941 ,
213 3877 256 3930 Es
265 3876 332 3946 quib.
345 3896 415 3930 caus.
424 3881 608 3949 infam..irrop.
621 3883 691 3936 ndd.
708 3883 771 3934 Ger.
781 3881 875 3932 Noodt
889 3880 921 3930 de
930 3880 1009 3946 soen.
1019 3890 1045 3932 et
1053 3883 1140 3934 unctis
1153 3883 1243 3936 Itu.
1251 3901 1281 3952 p.
1290 3889 1351 3938 286.
1366 3884 1435 3935 Heia.

186 3999 187 4004 .
281 3964 314 4028 y)
332 3962 468 4030 Equidem
485 3981 520 4016 en
543 3965 748 4034 antiquitatibus
766 3963 959 4029 explicandum
982 3966 1106 4029 arbitror,
1130 3968 1269 4034 quodnam
1289 3968 1326 4020 sit
1341 3981 1448 4020 eommo-

213 4047 308 4098 datum
324 4041 463 4111 pecuniae,
481 4057 512 4099 ut
528 4049 591 4100 dicis
607 4051 695 4117 qratia
713 4049 901 4100 numerationis
922 4047 978 4101 loco
997 4051 1150 4112 intercedat,
1168 4052 1196 4105 in
1212 4054 1243 4104 I..
1254 4059 1280 4107 4.
1295 4055 1330 4107 D.
1342 4054 1448 4106 Commo-
1512 4099 1513 4110 ἶ

213 4130 276 4182 dati.
293 4130 354 4181 Hae
371 4130 405 4181 de
423 4149 453 4184 re
470 4133 595 4198 pluribus
614 4133 763 4199 disputavit
780 4131 946 4198 Wielingius
957 4135 1073 4186 Lection.
1083 4135 1144 4203 jur.
1163 4135 1277 4188 otalii.
1290 4138 1315 4190 Ι.
1334 4157 1356 4191 c.
1369 4141 1393 4189 ³.
1413 4135 1448 4185 De

186 4225 187 4230 ’
213 4214 363 4278 libripende
379 4214 408 4266 in
425 4214 670 4282 mancipationibus
687 4219 740 4270 hoc
758 4217 871 4282 exponit
890 4218 923 4269 G.
941 4218 1096 4286 Scheltinga
1113 4219 1142 4272 in
1160 4221 1360 4274 Dissertatione
1374 4217 1447 4285 prima
1512 4201 1513 4272 i

214 4297 246 4346 de
255 4298 501 4364 emancipationibus
515 4320 537 4353 c.
551 4306 576 4353 3.
594 4303 614 4367 ξ.
632 4307 654 4352 1.
668 4302 695 4352 in
707 4310 760 4352 not.
768 4319 798 4368 p.
810 4305 853 4353 33.
872 4303 1002 4370 Sequitur
1012 4303 1090 4355 illum
1102 4305 1280 4358 Meermanus
1295 4306 1324 4357 in
1338 4301 1447 4356 Diatrtbc

215 4380 246 4429 sie
264 4379 318 4432 reb.
338 4400 421 4435 mone.
448 4385 502 4437 Sed
519 4386 614 4437 fefellit
640 4401 687 4436 eos
710 4386 786 4437 locus
805 4386 949 4452 Theophili
971 4389 992 4453 i.
1011 4391 1036 4440 6.
1061 4388 1128 4440 Inst.
1147 4388 1225 4446 Qaib.
1244 4389 1313 4440 mod.
1323 4390 1372 4457 jus
1384 4392 1447 4453 potr·

211 4471 266 4529 pot.
284 4465 346 4516 soto.
364 4467 412 4519 Ille
430 4468 505 4520 loeus
523 4475 565 4520 est
581 4474 733 4533 corruptus,
752 4470 817 4522 olim
835 4486 851 4521 a
869 4470 948 4522 nobis
966 4476 1111 4523 correctus.
1130 4472 1297 4539 Corruptum
1315 4488 1373 4524 esse
1391 4467 1447 4520 satis

215 4547 334 4600 indicant
351 4552 431 4605 verba
449 4551 558 4618 Boethii
575 4554 612 4604 od
631 4552 721 4620 Topic.
742 4551 796 4606 Cic.
814 4553 870 4606 Lib.
880 4553 938 4606 111.
952 4571 982 4622 p.
994 4558 1051 4608 797.
1074 4555 1156 4608 Conn.
