3062 5156
414 365 469 432 Dn
493 366 745 434 Auaronrrnrn
763 365 957 434 Turonum
1246 373 1318 438 187

63 547 199 630 egisset,
224 567 247 607 a
269 563 335 626 quo
357 541 571 605 substantiam
597 539 752 624 capiebat
776 542 957 624 negotium.
978 541 1024 606 Et
1045 541 1122 606 binc
1143 552 1210 625 est,
1226 544 1316 628 quod

62 656 233 714 orscton'tas
254 655 426 713 rnnrnb‘ro
445 645 775 728 Nusonto'r‘ntsrpom'
802 647 923 712 dicitur
944 650 977 712 in
998 651 1036 712 L.
1057 650 1108 712 25.
1120 651 1149 732 §.
1169 652 1199 711 4.
1217 653 1257 713 ΙΙ.
1279 652 1318 712 de

63 761 189 838 Adpm‘r.
212 759 321 819 luerent.
343 758 399 820 ubi
426 764 560 840 praeter
581 754 812 818 necessitatem
839 755 995 818 rescribi:
1015 735 1162 839 provecto
1184 762 1316 839 negotio,

64 875 170 928 contra
185 866 261 928 Jac.
279 864 522 928 Gotbofredum
544 863 675 940 (Gomm.
690 863 735 923 ad
748 863 784 924 L.
798 861 849 924 29.
864 863 906 923 1).
923 865 962 924 ds
980 865 1018 926 R.
1035 867 1078 945 I.)
1099 864 1267 927 docuimus
1281 865 1317 927 in

63 975 152 1034 Elem.
163 977 239 1054 jur.
259 968 764 1057 uae.[m.0rd.1nst.]§.250.
791 969 984 1054 Disputavit
1005 971 1048 1035 de
1072 971 1189 1036 eadem
1212 993 1317 1056 quae-

64 1081 162 1143 stione
178 1080 296 1164 Cujac.
317 1081 386 1142 oss.
403 1080 495 1142 XIII.
511 1077 563 1141 al.

558 1207 563 1214 '
648 1193 677 1274 §.
698 1191 729 1254 4.

493 1294 567 1352 Quid
583 1307 723 1348 coruram
739 1293 888 1348 cerebris?

44 1408 47 1414 ·
136 1389 241 1451 Unde
260 1386 356 1450 simul
372 1386 528 1470 adparet,
551 1386 632 1470 quid
648 1385 838 1448 interfuerit
858 1385 1052 1449 discriminis
1068 1385 1155 1450 inter
1169 1401 1315 1450 consun-

65 1513 124 1559 sun
139 1496 326 1574 curatoris,
343 1504 377 1558 et
392 1489 509 1557 tutoris
524 1509 801 1556 sucronrnnnssm.
825 1493 905 1556 Sine
924 1493 985 1555 hac
1001 1502 1092 1556 actus
1109 1501 1181 1556 erat
1196 1491 1316 1574 nullus,

66 1604 126 1665 sine
146 1602 209 1666 illo
237 1601 477 1667 rescindendus
492 1601 537 1682 d).
565 1599 630 1664 Illa
659 1599 904 1684 interponenda
928 1608 1000 1662 erat
1027 1601 1134 1663 statim
1159 1624 1179 1663 a
1207 1608 1317 1663 tutore

65 1720 257 1793 praesente:
283 1711 312 1790 §.
330 1710 360 1772 2.
375 1711 454 1775 lust.
471 1710 501 1770 a.
517 1717 539 1771 t.
562 1708 653 1792 quod
675 1717 762 1774 esset
778 1717 869 1772 actus
890 1708 1073 1792 legitimus,
1100 1708 1157 1792 qui
1175 1728 1242 1770 non
1257 1708 1317 1771 ad-

65 1818 214 1882 mittebat
225 1825 485 1904 procuratorem,
498 1815 723 1879 conditionem
737 1824 771 1878 et
783 1815 879 1878 diem.
894 1815 984 1879 Hinc
996 1816 1173 1900 interjecto
1186 1817 1316 1880 demum
1396 1808 1400 1814 ’

65 1933 214 2010 tempore'
228 1926 394 1990 adsedere
409 1931 551 2009 poterat.

671 2075 677 2090 .
699 2032 728 2092 5.

495 2131 569 2189 Quid
585 2031 667 2183 tato}
674 2131 887 2184 Praetutianus?

137 2227 173 2290 Si
189 2224 369 2310 negotium
390 2224 478 2288 inter
497 2233 640 2288 tutorem
658 2232 691 2286 et
710 2223 888 2307 pupillum,
905 2223 960 2286 vel
982 2223 1153 2290 mulierem
1172 2225 1317 2288 interce-

65 2333 162 2396 deret:
179 2332 417 2398 auctoritatem
439 2331 598 2394 adhibere
619 2353 688 2398 non
706 2337 839 2414 poterat
858 2340 957 2393 tutor.
980 2330 1099 2394 Nullus
1123 2331 1210 2394 enim
1226 2341 1317 2396 tutor

65 2449 187 2524 poterat
212 2442 247 2504 in
274 2462 343 2502 rem
368 2461 458 2503 suam
478 2448 593 2502 auctor
619 2439 709 2501 fieri:
727 2437 764 2499 L.
790 2437 819 2497 1.
835 2460 887 2520 pr.
909 2439 949 2499 D.
973 2439 1002 2502 Is.
1023 2448 1044 2501 t.
1074 2439 1214 2503 Solebat
1235 2460 1316 2524 ergo

66 2557 134 2610 tunc
151 2573 170 2612 a
194 2549 372 2611 Pra'etore'
385 2547 468 2611 alius
490 2557 581 2612 tutor
602 2547 691 2628 dari,
717 2547 774 2630 qui
800 2542 1033 2609 Praetorium
1049 2547 1105 2610 rel
1128 2549 1317 2610 Praetorius

67 2658 252 2735 vocabatur,
276 2657 371 2734 ideo,
395 2656 485 2741 quod
503 2680 522 2719 a
545 2655 617 2719 solo
637 2656 817 2736 Praetore,
841 2675 907 2720 non
926 2654 1075 2718 adhibita
1093 2656 1128 2718 in
1145 2655 1316 2720 consilium

69 2765 181 2848 majore
202 2773 300 2849 parte
316 2763 676 2846 Tribunorumplebis,
694 2761 842 2826 dabatur.
865 2763 1019 2827 Meminit
1035 2766 1104 2848 ejus
1120 2765 1191 2847 ipse
1206 2763 1318 2846 Impef

66 2881 147 2934 rator
161 2875 192 2956 §.
206 2873 238 2938 3.
259 2875 337 2937 Iust.
357 2876 386 2934 Is.
407 2883 429 2934 t.
448 2871 619 2955 multoque
640 2869 840 2934 luculentius
858 2871 1022 2954 Ulpianus
1041 2875 1172 2954 Fragm.
1191 2873 1249 2934 XI.
1265 2859 1316 2951 24.

66 2979 200 3043 Moribus
218 2989 307 3042 tutor
326 2983 424 3043 datur
442 2983 584 3052 mulieri,
600 2983 776 3062 pupillaris,
797 2983 853 3062 qm·
867 2999 937 3040 cum
956 2987 1132 3042 tutoresne
1152 2983 1238 3062 tege,
1260 2960 1317 3041 but

67 3088 191 3168 legitimo
201 3089 325 3169 judicto
343 3110 440 3172 agere
454 3091 530 3170 vult,
549 3097 584 3150 ot
600 3098 728 3150 auctore
746 3108 780 3149 eo
795 3097 883 3170 agat,
900 3089 985 3167 (sisse
1002 3089 1082 3146 enim
1100 3097 1187 3147 tutor
1201 3091 1234 3148 :is
1251 3107 1317 3148 rem

66 3213 145 3256 suum
164 3203 278 3257 auctor
287 3201 370 3278 fleri
383 3217 444 3258 non
461 3198 602 3277 potest),
623 3201 679 3277 qm·
691 3196 922 3257 Praetutianus
937 3197 966 3274 θ)
987 3203 1072 3256 tutor
1092 3195 1223 3264 debitur:
1244 3197 1317 3274 quia

68 3305 254 3365 aPruetore
273 3303 364 3365 Urbs's
384 3305 459 3365 dari
475 3308 640 3365 consuevit.
666 3303 765 3365 Unde
784 3290 1087 3366 inter'l'riboniani
1107 3298 1317 3378 emblemata,

68 3407 225 3494 [quamvis
256 3411 459 3493 necessaria,
479 3419 617 3495 propter
641 3419 810 3494 receptum
837 3397 863 3473 a*
882 3410 1071 3473 Justiniano
1100 3407 1317 3493 principium:

68 3527 202 3582 tutorem
225 3519 363 3582 habenti
385 3527 528 3582 tutorem
552 3541 618 3581 non
639 3517 746 3604 dari‚]
769 3518 917 3581 referunt
935 3517 1053 3581 tutoris
1075 3518 1109 3581 in
1133 3521 1316 3580 curatorem

66 3627 293 3691 mutationem:
318 3628 355 3689 L.
373 3627 403 3689 3.
418 3627 446 3708 5.
461 3627 491 3689 2.
510 3628 548 3690 L.
566 3627 595 3688 4.
613 3635 647 3690 et
665 3627 695 3689 5.
716 3629 758 3687 D.
775 3627 814 3688 de
832 3627 983 3688 roseth.
1000 3625 1107 3688 241).
1126 3627 1164 3686 de
1185 3625 1317 3685 Ibstam.

68 3739 148 3796 tutet.
160 3735 199 3796 L.
217 3734 247 3796 9.
265 3735 294 3816 §.
308 3735 338 3796 4.
357 3738 398 3797 D.
414 3739 452 3798 de
469 3737 567 3798 tutet.
584 3744 613 3798 st
630 3739 742 3797 ration.
755 3735 886 3796 dsbtrals.
905 3733 942 3796 L.
959 3732 989 3794 l.
1006 3732 1035 3796 2.
1054 3731 1084 3796 3.
1103 3735 1158 3796 ult.
1180 3732 1212 3792 U.
1227 3733 1266 3792 de
1281 3731 1318 3792 In

66 3843 105 3902 lit.
123 3844 218 3904 stand.
241 3851 299 3904 tat.
317 3845 366 3904 vel
387 3852 489 3904 curat.
509 3842 783 3926 quemadmodum
800 3841 870 3924 jam
895 3841 1084 3904 observavit
1107 3839 1196 3902 Hub.
1217 3837 1316 3920 Giph.

66 3950 106 4009 acl
117 3951 145 4031 §-
162 3954 219 4012 ult.
237 3951 314 4010 Inst.
332 3951 359 4010 b.
378 3959 398 4010 t.
418 3950 462 4031 f).

129 4124 160 4190 d)
181 4124 261 4186 Quae
281 4121 392 4190 quidem
410 4123 544 4175 sententia
561 4128 588 4175 et
606 4128 700 4176 nostra
717 4127 806 4176 actetc
820 4139 836 4175 a
850 4121 1029 4187 scriptoribus
1045 4119 1210 4186 quibusdem
1224 4117 1317 4168 defen-

66 4207 148 4270 ditur,
165 4212 241 4261 velut
259 4225 276 4260 a
294 4208 457 4261 Marezonio
474 4209 503 4261 in
519 4209 650 4261 -Zer'tscha
664 4209 694 4276 f.
724 4210 813 4261 ctailr.
836 4225 863 4260 ct.
882 4209 966 4259 Proc.
987 4207 1021 4257 II.
1040 4218 1114 4256 num.
1129 4205 1195 4254 XII.
1214 4207 1241 4252 et
1258 4203 1316 4254 Ru-

66 4291 134 4343 dorti
147 4295 163 4347 1.
182 4295 200 4346 l.
218 4295 239 4362 ς.
260 4299 318 4347 123.
336 4295 399 4347 vid.
418 4301 509 4346 tamen
528 4311 598 4361 quae
616 4301 709 4346 contre
721 4295 860 4359 disputata
873 4292 978 4344 suntin
991 4287 1212 4341 Mfihlenbruohii
1232 4287 1316 4338 doctr.

69 4376 150 4431 Pand.
164 4379 185 4446 t.
197 4384 258 4432 591.
273 4385 328 4431 not.
341 4386 366 4433 5.
380 4385 431 4432 cta
443 4379 575 4451 Bttcbelio
587 4380 615 4432 in
629 4379 725 4446 Ejusd.
741 4378 895 4432 cistlreettt.
915 4375 1006 4428 Erb'rt.
1021 4376 1056 4426 11.
1074 4391 1101 4440 p.
1117 4378 1159 4426 84.
1174 4389 1215 4440 sq.
1229 4371 1316 4424 Miilst.

129 4465 158 4530 e)
178 4467 236 4516 Pro
251 4465 447 4519 Praeteritae:
462 4469 489 4516 et
502 4464 530 4517 in
543 4465 737 4525 Institutionib.
747 4470 776 4516 et
789 4463 819 4516 iu
833 4461 985 4528 Theophila
996 4466 1037 4513 est
1048 4459 1214 4512 Praetorius.
1229 4457 1312 4510 Coun.

130 4549 156 4616 f)
176 4551 322 4604 Caeterum
346 4559 418 4604 tator
442 4551 636 4605 Praetorianus
659 4567 715 4603 noa
737 4549 867 4612 dabatur,
885 4547 938 4601 nisi
956 4547 980 4600 si
1006 4543 1115 4614 negotia
1131 4543 1216 4599 tutori
1233 4559 1316 4610 expe-
