3056 5154
659 356 1141 485 'mmmm‘

817 589 847 671 §⁶
867 589 919 652 10.

716 705 871 760 Jannt'ctio
889 703 1023 760 meamet.

326 809 488 872 Solebant
517 805 722 890 magistratus
741 805 1009 891 jurisdictionem
1031 825 1276 891 nonnumquam
1301 807 1367 870 aliis
1391 831 1458 872 man-

193 971 194 974 .
244 919 339 984 dare:
354 917 390 980 id
406 913 496 1000 quod
511 913 583 976 fieri
599 924 816 979 consueverat
824 915 895 1000 jam
913 936 934 977 a
944 913 1076 998 Regum
1091 913 1305 997 temporibus,
1320 916 1371 999 qui
1384 917 1471 978 dono·

242 1023 401 1111 proiecti,
417 1043 459 1084 nc
476 1022 552 1084 urbs
573 1021 646 1083 sine
667 1021 807 1106 imperio
825 1028 920 1103 esset,
937 1020 1151 1106 deligebant,
1173 1021 1281 1106 quiet
1295 1025 1346 1108 jus
1366 1023 1457 1087 redde-

242 1142 336 1215 rent,
359 1141 394 1196 et
409 1129 524 1194 subitis
543 1128 764 1208 mederentur,
780 1139 815 1192 ut
839 1130 996 1194 adcurate
1012 1149 1055 1190 ex
1069 1127 1206 1192 historia
1222 1131 1353 1215 antiqua
1365 1131 1456 1193 docent

243 1241 379 1306 Tacitus
394 1240 510 1302 Annat.
531 1237 583 1322 Vl.
598 1236 649 1298 11.
670 1237 782 1300 Livius
799 1239 824 1298 Ι.
839 1237 890 1299 41.
919 1237 972 1301 lta
994 1243 1030 1300 et
1051 1257 1150 1319 saepe
1170 1246 1290 1320 postea
1308 1237 1457 1302 Proconsu-

244 1350 317 1432 les,
332 1348 511 1411 Praetores
530 1344 789 1428 provinciarum,
813 1344 989 1408 Praesides
1005 1343 1272 1429 jurisdictionem
1296 1345 1458 1409 mandabant

243 1455 366 1542 legatis
387 1453 460 1518 suis.
482 1453 606 1516 Postea
631 1459 665 1515 et
681 1451 820 1538 collegis
843 1461 878 1516 et
900 1451 979 1536 ipsis
999 1451 1137 1535 privatis
1155 1451 1337 1536 aliquando
1357 1453 1458 1516 maudr-

244 1574 310 1629 tam
323 1561 586 1648 jurisdictionem
601 1558 754 1644 legimus,
774 1559 951 1624 dummodo
968 1567 1078 1622 essent
1091 1557 1224 1622 idonei:
1243 1559 1281 1620 L.
1297 1562 1351 1621 ult.
1363 1561 1387 1641 5.
1399 1559 1457 1622 10.

242 1675 281 1736 de
307 1672 395 1753 Offio.
412 1671 493 1750 ejas,
508 1671 564 1730 cut
573 1668 678 1730 mand.
685 1669 804 1749 jurisd.
822 1669 855 1730 Is
869 1673 961 1749 vero,
978 1667 1031 1730 cui
1044 1665 1200 1730 mandata
1217 1670 1289 1730 erat
1297 1667 1457 1753 jurisdictio,

243 1781 324 1844 licet
343 1776 426 1840 nihil
445 1774 572 1860 proprii
596 1773 755 1857 haberet,
771 1776 829 1838 sed
849 1775 975 1856 aliena,
990 1774 1026 1837 id
1051 1783 1118 1854 est,
1136 1775 1226 1859 ejus,
1245 1774 1300 1859 qui
1316 1775 1457 1855 mandarat,

238 1884 470 1973 jurisdictione
485 1884 696 1967 fungeretur:
715 1886 750 1944 L.
763 1883 792 1943 1.
810 1884 838 1964 §.
855 1882 884 1944 l.
900 1883 941 1943 D.
960 1883 1024 1944 eod.
1038 1883 1076 1942 L.
1088 1883 1121 1943 ¹5.
1134 1882 1175 1941 D.
1192 1883 1233 1943 de
1247 1881 1362 1946 Jurr’sd.
1380 1881 1455 1944 onnia

245 2005 370 2074 tamen,
386 2013 471 2076 quac
497 1991 705 2074 magistratus
726 1998 836 2072 erant,
857 1989 1078 2074 expediebat,
1097 1989 1123 2051 si
1146 1975 1421 2052 scilicetunisersa
1435 1986 1457 2048 ei

245 2102 399 2188 mandata
415 2107 501 2162 esset
509 2097 710 2184 jurisdictio,
722 2119 814 2161 secus
830 2097 856 2160 si
872 2119 946 2182 pars
964 2105 1090 2161 tantum
1109 2105 1195 2160 esset
1213 2093 1457 2161 mandatazlr.lb

245 2212 288 2274 J).
302 2212 340 2272 de
356 2209 473 2270 sarad.
499 2205 699 2290 Exemplum
714 2206 888 2271 mandatae
898 2203 1138 2290 jurisdictionis
1153 2203 1330 2273 uniuersae
1344 2212 1386 2266 est
1397 2199 1457 2285 apud

243 2317 372 2381 Livium
388 2316 510 2376 XXIV.
526 2314 577 2376 44.
594 2313 651 2399 qui
673 2313 718 2375 M.
732 2315 900 2375 Aemilium
919 2315 1114 2386 Praetorem,
1132 2315 1225 2394 cujas
1237 2316 1397 2395 peregrina
1413 2329 1458 2371 sors

243 2434 330 2499 erat,
349 2423 598 2506 jurisdictionem
619 2441 710 2482 suom
731 2421 776 2482 M.
794 2423 890 2484 Atilio
914 2421 1063 2502 collegae,
1086 2421 1242 2482 Praetori
1261 2421 1381 2492 urbano,
1398 2437 1457 2477 man-

187 2568 190 2575 ·
244 2533 337 2595 dossa
355 2530 468 2594 refert
491 2530 585 2595 Tunc
601 2550 681 2591 vero
702 2527 922 2592 mandatarius
937 2550 1004 2592 non
1020 2549 1113 2592 secus
1132 2550 1170 2592 ac
1191 2527 1266 2610 ipse
1282 2527 1407 2590 Praetor
1416 2542 1457 2605 pro
1495 2513 1496 2520 ἵ

242 2639 400 2705 tribunali
414 2637 649 2722 cognoscebat,
661 2635 710 2698 uti
726 2635 881 2698 ademate
898 2637 1101 2699 demonstrat
1112 2635 1191 2698 Ger.
1203 2635 1319 2700 Noodt
1329 2637 1365 2696 de
1373 2629 1458 2693 Jerbd

243 2748 285 2808 11.
304 2747 335 2808 9.
355 2768 389 2829 p.
406 2745 478 2808 163.
497 2741 669 2807 consilium
695 2742 795 2805 etiam
819 2745 1016 2828 exercebat,
1034 2744 1235 2830 judicesque
1259 2761 1325 2805 non
1344 2759 1418 2804 secus
1433 2753 1457 2796 ac

242 2855 383 2920 Praetor
398 2853 515 2916 dabat:
536 2847 629 2912 Idem
645 2851 717 2914 stis.
731 2873 758 2913 c.
773 2851 824 2914 10.
841 2860 875 2915 et
889 2851 940 2914 11.
956 2855 1000 2934 t).

822 3022 851 3103 s.
873 3019 924 3083 11.

688 3135 761 3198 Dies,
780 3134 932 3206 quitaejus
947 3137 1052 3191 dicmm.
1133 3167 1135 3172 v

265 3269 268 3276 ⁴
328 3233 420 3322 Certi
448 3255 547 3317 porro
570 3242 664 3320 erant
687 3235 775 3315 dias,
803 3237 920 3322 quibus
944 3239 1123 3300 Praetores
1142 3237 1197 3322 jus
1228 3236 1384 3301 dicebant.
1410 3227 1457 3293 Alii

245 3341 331 3406 enim
349 3348 442 3404 erant
458 3339 628 3420 dicsfastr',
646 3342 703 3406 alii
719 3345 845 3422 nefasti,
862 3343 921 3408 alii
938 3347 1085 3408 intercisi.
1107 3346 1182 3409 Istis
1204 3342 1356 3410 Praetori
1369 3336 1456 3404 licebat

244 3449 307 3514 fari
323 3449 386 3512 tria
407 3445 467 3511 illa
481 3451 600 3514 verba:
622 3469 678 3534 n0,
695 3469 786 3535 nice,
803 3469 948 3518 Anemo:
970 3451 1036 3518 illis
1052 3455 1163 3518 omnia
1185 3451 1270 3518 haec
1292 3449 1379 3516 effari
1393 3441 1458 3510 naias

245 3659 344 3722 potest,
363 3657 437 3723 quod
454 3657 580 3711 Valerius
599 3656 741 3712 Maximus
757 3659 775 3710 l.
792 3660 810 3714 l.
828 3661 863 3714 de
880 3660 966 3714 milite
983 3660 1102 3729 quodam
1119 3662 1210 3724 refert,
1229 3657 1354 3712 omnibns
1364 3667 1414 3707 cam
1423 3662 1460 3700 ποῦ
1493 3715 1494 3732 ¹

244 3741 334 3792 solnm
351 3740 481 3806 consiliis,
499 3740 643 3796 sedetiam
660 3745 801 3798 sententiis
820 3745 989 3811 superiorem
1007 3745 1178 3807 discessisse;
1195 3745 1314 3812 itemque
1327 3740 1394 3802 itlad,
1408 3729 1460 3802 qnod

244 3839 262 3876 a
285 3823 438 3889 Papiniano
463 3828 579 3880 relatum
605 3828 735 3894 legimus:
772 3828 857 3882 filium
887 3831 975 3883 divisis
1001 3829 1174 3882 tn'hnaalibur
1195 3830 1328 3881 actionem
1352 3813 1460 3878 inoffiaitti

244 3911 397 3962 testamenti
416 3911 511 3964 matris
531 3911 689 3976 pertulisser
717 3915 749 3966 L.
767 3919 809 3968 76.
824 3933 870 3983 pr.
888 3917 924 3968 D.
945 3916 976 3966 ds
1000 3917 1049 3984 lep.
1067 3917 1103 3966 ΙΙ.
1128 3916 1170 3967 Cf.
1190 3915 1327 3966 Zimmern
1344 3911 1360 3964 l·
1376 3909 1390 3959 l·
1404 3905 1421 3970 l·
1435 3903 1461 3951 ¹³

218 4015 221 4023 ·
245 3999 300 4047 not.
320 3997 344 4046 8.
363 4011 390 4060 ρ.
409 4001 451 4048 42.
466 4012 506 4065 sq.
525 3997 661 4050 Videntur
678 4015 884 4066 nonnumquam
901 4000 983 4053 etiam
1000 3999 1115 4052 consilia
1131 3999 1160 4051 iu
1179 3997 1298 4065 dupiicia
1312 3993 1411 4063 judicia,
1423 3986 1461 4037 ³3¹²

245 4078 274 4132 in
293 4080 360 4132 duas
378 4083 470 4132 hastas
488 4080 576 4134 divisa
593 4082 686 4146 tuisse,
706 4099 768 4137 eum
786 4085 814 4138 in
832 4087 920 4147 tinem,
940 4090 978 4149 ut,
991 4085 1066 4153 quod
1084 4085 1118 4137 ab
1137 4088 1220 4136 altera
1237 4085 1316 4136 hasta
1332 4069 1460 4145 pronuncia·

148 4191 156 4204 =
245 4170 303 4217 tum
322 4165 365 4229 sit,
383 4165 413 4216 id
430 4167 519 4218 denuo
537 4168 743 4231 ponderandum
758 4169 993 4238 judicandumque
1004 4171 1040 4222 ad
1058 4172 1169 4222 alteram
1188 4170 1342 4222 deterrebar.
1362 4153 1460 4224 Quinctil

245 4251 305 4301 inst.
323 4267 362 4301 or.
381 4250 416 4302 V.
433 4255 458 4302 2.
476 4250 530 4301 XI.
551 4256 575 4302 1.
595 4253 680 4318 (verb.
699 4257 844 4309 Succurret
865 4255 988 4308 etiamsi
1006 4254 1166 4320 apudalios
1188 4253 1296 4322 judiees
1315 4253 1400 4316 agetur
1415 4237 1459 4295 rel.)

247 4333 383 4386 Zimmern
402 4333 420 4386 ἱ.
440 4334 455 4386 l.
475 4335 496 4400 ξ.
516 4339 556 4388 15.
574 4336 601 4388 in
619 4340 637 4392 i.
655 4356 680 4404 p.
698 4344 741 4392 44.
759 4339 847 4392 Milli.

315 4418 347 4484 q)
367 4420 410 4470 De
426 4418 596 4476 mandendae
614 4423 813 4488 jurisdictionis
838 4425 944 4478 ratione
961 4441 992 4476 aa
1009 4423 1037 4478 vi
1054 4426 1088 4477 cf.
1106 4424 1187 4476 etiam
1205 4423 1330 4474 Gebauer
1346 4417 1362 4468 t
1379 4413 1393 4464 l·
1408 4411 1425 4475 t·
1439 4405 1460 4455 ¹³
1492 4397 1493 4440 l

245 4528 278 4538 -·
291 4504 330 4553 lo.
355 4501 458 4554 Heffter
476 4503 561 4560 Instit.
587 4509 612 4560 d.
637 4507 774 4576 Clailproc.
794 4509 815 4576 ξ.
836 4515 874 4564 ll.
895 4513 935 4564 12.
960 4509 1096 4563 Zimfflern
1116 4510 1133 4562 l.
1151 4509 1169 4560 l.
1188 4509 1210 4576 ξ.
1227 4511 1268 4561 30.
1295 4503 1409 4564 Hollweg
1424 4491 1460 4544 θ’·
1492 4449 1493 4539 l

242 4581 480 4654 ricltsaersassuay
498 4591 523 4642 d.
540 4591 682 4648 aneton
700 4594 736 4648 R.
754 4593 854 4649 Reiclrs
867 4609 904 4660 p.
917 4597 951 4647 46
962 4621 988 4632 -·
998 4597 1042 4648 00.
1060 4591 1148 4647 mut.
1222 4625 1224 4630 ,
