3062 5164
391 377 446 446 Du
469 375 565 446 June
591 376 734 460 Quium.
758 375 815 444 Fur
838 374 950 446 mm.
1053 377 1058 390 '
1226 381 1298 448 28³

54 554 219 619 amittebat
230 551 355 634 statim,
371 551 429 636 qui
445 551 542 616 alteri
557 573 592 616 se
608 551 735 616 civitati
758 552 901 616 adscribi
918 573 1030 636 passus
1051 560 1131 616 erat.
1150 531 1240 617 Hinc
1255 554 1298 617 de

54 662 88 726 Τ.
106 662 294 745 Pomponio
309 658 426 722 Atuco
439 658 576 736 ‚Gornel
590 660 706 744 Nepos
725 659 759 722 in
776 665 841 724 otta
861 662 931 744 ejrss
948 681 974 722 c.
988 659 1018 722 3.
1040 660 1103 723 Hr'c
1120 659 1296 743 (Athenis)

56 780 146 832 autem
167 773 215 831 sic
232 791 267 831 se
285 769 431 851 gerebat,
451 777 488 828 ut
503 771 674 830 communes
691 769 825 846 instrata,
842 789 905 850 par
919 769 1113 850 principibus
1131 769 1299 830 redactur.

59 877 250 954 Quosactum
265 885 321 950 est,
337 885 374 937 ut
390 878 461 938 tuto
476 894 582 936 ornnes
597 877 745 948 tannes,
762 896 838 956 paros
846 885 986 957 possent,
1005 876 1125 956 publice
1140 875 1299 946 taberent,

57 990 198 1064 o'ocmque
213 984 328 1061 facere
349 984 524 1045 studerent.
555 983 622 1059 Quo
644 981 791 1060 beneficio
813 983 926 1044 attillc
941 985 1041 1044 nolutt
1053 985 1105 1062 r).·
1126 983 1209 1064 quod
1221 1001 1301 1044 non-

57 1091 125 1151 naltt
134 1093 180 1152 tta
195 1092 458 1171 interpretantur,
474 1092 580 1152 amtttt
589 1093 743 1151 ciuitatem
758 1091 934 1151 Romanam
954 1092 1019 1150 alta
1033 1091 1163 1150 adscita.
1185 1089 1299 1173 Atque

58 1198 120 1258 hinc
137 1197 356 1281 intelligitur,
374 1198 431 1282 qui
451 1197 573 1260 factum
597 1197 656 1278 sit,
672 1204 708 1259 ut
723 1195 768 1276 ii,
790 1195 907 1280 quibus
931 1217 1017 1280 aqua
1040 1205 1074 1260 et
1100 1197 1171 1280 igni
1192 1195 1300 1259 fuerat

59 1305 273 1386 interdictum,
288 1314 356 1369 tum
380 1304 510 1368 demum
533 1305 701 1368 civitatem
723 1303 907 1367 Romanmn
929 1304 1136 1386 amitterent,
1152 1325 1250 1388 quum
1265 1305 1299 1366 in

60 1433 119 1474 eam
140 1412 310 1476 civitatem
336 1421 446 1476 essent
467 1413 614 1497 recepti,
638 1433 705 1496 quo
727 1411 898 1495 vertendi,
921 1411 956 1474 id
981 1420 1055 1493 est,
1071 1413 1217 1476 mutandi
1237 1411 1300 1475 soli

61 1541 156 1582 caussa
174 1521 362 1584 venissent:
385 1520 452 1584 Cic.
469 1542 531 1604 pro
546 1521 633 1584 domo
647 1543 672 1584 c.
688 1519 739 1584 31.
766 1519 841 1597 Qua
857 1519 898 1582 de
914 1540 951 1583 re
967 1519 1108 1583 diximus
1124 1541 1220 1616 supra
1235 1503 1302 1580 nul

63 1630 83 1690 1.
97 1629 148 1690 itt.
161 1630 199 1690 X
199 1630 253 1691 VI.
268 1630 297 1710 §-
312 1628 362 1690 10.

622 1777 651 1858 §-
672 1775 724 1838 ra.

418 1892 554 1946 Civitatem
566 1894 663 1946 inuitas
680 1909 756 1946 nemo
775 1891 917 1948 omittebat.

132 1993 278 2057 Adsedit
293 2003 328 2058 et
343 1993 481 2058 altemm
493 1995 577 2078 juris
592 1993 718 2078 publici
733 1993 946 2078 principium,
961 1995 1006 2058 ll.
1026 1993 1117 2080 quod
1133 1995 1301 2059 civitatem

65 2121 146 2163 nemo
167 2103 319 2164 amittere
342 2110 471 2185 posset,
493 2103 555 2166 nisi
576 2103 647 2187 ipse
669 2108 755 2164 esset
775 2109 889 2165 auctor
908 2103 1028 2166 lactus:
1053 2103 1121 2167 Cic.
1140 2122 1199 2186 pro
1214 2105 1303 2164 domo

65 2229 86 2270 c.
99 2208 144 2271 31.
166 2209 207 2272 de
228 2231 295 2294 quo
308 2211 386 2294 jure
402 2209 520 2272 eodem
543 2209 620 2272 loco
642 2209 800 2290 diximus,
818 2218 910 2272 etex
933 2209 1010 2274 Ger.
1032 2209 1148 2274 Noodt
1171 2210 1302 2274 addidi-

65 2338 133 2399 mus,
147 2318 311 2382 fictionem
329 2337 459 2400 semper
474 2319 708 2398 intercessisse,
726 2316 904 2400 siquando
919 2317 975 2381 vel
992 2339 1124 2402 poenae
1141 2319 1229 2398 loco,
1246 2317 1303 2382 vel

65 2424 104 2485 ob
127 2423 383 2488 aliamcaussam
398 2431 428 2506 t)
456 2425 650 2510 quibusdam
668 2426 723 2509 jus
750 2425 893 2490 civitatis
914 2425 1124 2488 adimeretur.
1146 2425 1236 2490 Hinc
1260 2425 1302 2488 ad

68 2539 141 2595 artes
156 2531 266 2596 Sullae
283 2534 469 2618 tyrannicas
487 2533 643 2617 pertinet,
662 2531 751 2617 quod
771 2533 955 2618 municipiis
973 2531 1167 2618 quibusdam
1186 2531 1302 2596 civita-

68 2645 137 2722 tem,
149 2640 224 2726 lege
243 2641 432 2706 centuriatis
453 2641 593 2706 comitiis
611 2640 689 2720 lata,
703 2642 839 2726 eripuit:
856 2641 924 2708 Cic.
939 2663 999 2726 pro
1014 2641 1102 2705 domo
1118 2665 1143 2704 c.
1161 2641 1213 2706 30.
1229 2639 1304 2706 Sal-

70 2746 131 2810 lust
151 2751 281 2831 Fragor.
305 2750 389 2814 Htst.
411 2750 441 2812 1.
481 2749 549 2814 Sed
578 2748 669 2834 quod
694 2751 796 2814 semel
821 2758 1010 2816 tentaverat
1040 2749 1151 2832 Sulla,
1174 2750 1304 2834 saepius

72 2854 172 2918 deinde
196 2856 365 2920 faciebant
385 2856 608 2941 Imperatores
637 2866 670 2920 et
692 2866 915 2943 quotcumque
937 2858 1154 2943 principatum
1173 2856 1303 2920 Romae

71 2963 273 3028 adfectabant.
296 2961 351 3027 Sic
368 2963 552 3028 Antonium
569 2987 675 3050 agros,
695 2965 880 3048 civitatem,
896 2965 1135 3046 immunitates,
1153 2963 1302 3049 aliosque

73 3071 102 3132 id
117 3093 204 3156 genus
219 3073 364 3149 honores
383 3073 518 3158 privatis
538 3083 571 3137 et
589 3072 723 3158 regibus
740 3073 911 3155 ademisse,
925 3071 1026 3136 tradit
1036 3073 1104 3136 Dio
1118 3073 1207 3137 Cass.
1217 3073 1304 3136 Har.

74 3179 159 3242 XLV.
171 3181 218 3245 23.
237 3181 408 3265 Augustus
426 3203 571 3266 quoque,
589 3181 748 3246 confectis
767 3180 876 3261 bellis,
888 3181 1077 3244 libertatem
1100 3201 1138 3242 oc
1148 3181 1203 3263 jus
1223 3180 1305 3242 civi-

71 3287 136 3349 tatis
149 3287 215 3352 aliis
235 3288 340 3371 dedit,
362 3287 434 3352 aliis
457 3289 590 3372 ademit,
611 3297 697 3353 teste
716 3289 834 3352 eodem
854 3288 965 3352 Dione
982 3287 1067 3350 Htu.
1082 3286 1169 3347 LIV.
1183 3285 1235 3348 25.
1260 3287 1305 3346 Et

73 3391 209 3460 Claudius
225 3396 367 3461 civitatis
380 3398 455 3483 jure
474 3398 617 3482 privavit
633 3399 813 3480 Legatum,
831 3397 968 3482 Lycium
986 3395 1128 3480 origine,
1146 3392 1223 3478 quia
1238 3392 1306 3455 La-

72 3500 129 3563 tine
152 3505 390 3590 interrogatus,
409 3504 501 3589 quod
522 3506 706 3592 quaesitum
733 3515 836 3588 esset,
864 3505 953 3569 haud
976 3504 1209 3568 intellexerat:
1236 3500 1304 3564 Dio
1345 3518 1353 3524 ·

73 3605 146 3671 Cass
158 3613 240 3676 Hsst.
256 3614 327 3675 LX.
342 3612 393 3676 17.

129 3863 158 3929 p)
174 3863 248 3918 Hinc
260 3863 366 3927 desolo
381 3862 520 3932 domicilio
534 3862 647 3916 Attienis
660 3863 808 3918 constituto
821 3860 1012 3930 intelligendus
1026 3867 1069 3916 est
1081 3861 1185 3928 Cicero,
1198 3862 1305 3932 quoties

74 3943 133 3996 huuc
147 3950 175 4000 Τ.
193 3948 377 4014 Pomponium
395 3950 475 4001 ciuem
494 3948 609 4000 Atticum
628 3948 760 4014 adpellat,
779 3948 855 4016 quod
880 3947 943 4000 lacit
962 3948 1045 4016 Epist.
1063 3949 1100 3999 od
1116 3949 1196 4002 Attio.
1222 3949 1246 4000 Ι.
1264 3952 1306 4006 16.

74 4026 108 4080 II·
124 4038 143 4086 l.
158 4035 203 4086 ubi
221 4034 433 4088 Demosthenem
450 4033 533 4088 Attici
549 4033 629 4084 ciuem
647 4041 734 4086 vocat.
752 4033 832 4086 Han.

131 4118 158 4184 q)
177 4117 275 4172 Tribus
293 4133 328 4172 ex
346 4117 453 4171 caussis
471 4118 559 4172 amitti
576 4119 718 4192 videbatur
736 4117 841 4181 civitas,
852 4118 952 4178 exsilio,
970 4116 1017 4170 illo
1036 4113 1146 4179 scilicet,
1162 4129 1218 4182 quo
1236 4115 1307 4168 bona

74 4199 184 4254 venibant
199 4208 225 4254 ct
242 4219 315 4272 aqua
338 4209 366 4256 et
382 4201 439 4270 igni
457 4202 681 4267 interdicebatur,
703 4203 878 4272 postliminio,
899 4199 937 4254 ct‘
949 4202 1089 4272 rp‘sctione
1108 4202 1231 4252 ciuitatis:
1250 4197 1306 4252 Cio.

73 4285 249 4346 proliatos.
272 4295 312 4342 ll.
335 4295 373 4344 12.
391 4291 526 4356 Pompou.
544 4291 575 4344 L.
593 4294 619 4342 3.
639 4289 661 4355 ἓ.
679 4293 704 4342 ³.
725 4289 758 4342 D.
778 4289 809 4342 de
830 4287 905 4367 Copt.
922 4294 948 4338 et
961 4286 1076 4354 postlim.
1102 4284 1182 4338 Heia.
