3056 5168
478 389 533 462 11:
557 388 707 462 Uerrem
732 391 891 462 laureis*
1039 447 1047 464 .
1236 403 1310 472 mu

51 569 112 634 vel
127 553 275 632 oratores
291 574 411 654 quater¹
423 585 466 630 ex
481 574 572 630 certo
588 565 741 632 horarum
756 565 935 632 intervallo
951 570 1166 662 perorabant:
1181 571 1312 658 Appia·
1403 631 1410 640 .

51 699 116 742 uus
139 678 178 738 de
200 677 286 737 bellus
303 677 381 735 civil.
398 674 423 736 Ῑ.
442 673 493 735 74.
510 673 550 760 [*
556 697 589 756 p.
604 675 676 741 663.
688 696 736 737 ex
757 678 828 737 ertit.
843 673 1010 739 Alexand.
1033 677 1310 767 Tollii'Amstelo-

51 786 145 846 domi
158 780 266 866 reat]
288 783 401 846 Primo
418 783 504 846 enim
526 789 629 846 totam
645 804 787 846 caussam
798 781 906 866 judici
922 783 1031 846 verbis
1047 787 1256 868 brevissimis,
1272 810 1311 851 ac

50 890 164 956 veluti
183 911 244 974 per
264 888 407 954 iudicem
431 891 664 973 exponebant,
688 898 723 955 ct
744 889 827 953 haec
850 893 1031 954 vocabatur
1057 905 1206 958 causatu
1226 911 1312 958 cou-

49 1016 172 1064 rucrro
188 1004 240 1076 t):
261 996 384 1060 Ascon.
405 996 572 1068 Pedianus
594 1002 626 1060 r'n
652 997 780 1062 Verrem
800 999 839 1060 de
857 1000 1023 1062 Praetura
1044 1002 1114 1062 arb:
1127 1023 1154 1063 c.
1167 1001 1199 1062 a
1211 1001 1310 1082 2:7ss

54 1109 165 1184 Quam
176 1107 350 1188 litigatores
358 1105 403 1166 ed
408 1105 563 1186 judicium
573 1108 740 1178 senemr,
752 1114 920 1185 antequam
928 1129 1045 1170 cauma
1052 1117 1211 1190 ageretur,
1221 1113 1316 1189 ᾳιιαιιι·
1371 1117 1378 1124 ’

45 1213 330 1297 perendinaverunt
342 1200 556 1292 exponebant:
570 1212 652 1292 quod
667 1215 769 1294 :psum
782 1213 1099 1298 dr'oebeturcavssru
1114 1235 1310 1290 courucvrre,

52 1324 151 1404 quusi
157 1340 290 1380 acueres
304 1323 384 1380 sude
394 1323 426 1380 in
438 1319 530 1380 breve
545 1322 669 1382 coactio.
682 1319 808 1398 ,Postea
818 1336 899 1381 vero
913 1319 1049 1404 integris
1055 1320 1221 1406 justisque
1235 1343 1311 1384 ore-

51 1426 201 1492 tionibus
212 1433 329 1488 statum
346 1445 480 1489 caussae
496 1426 721 1510 exponebant,
737 1411 899 1510 simulque
910 1413 1062 1509 testibus,
1072 1426 1202 1511 litteris,
1213 1411 1312 1496 tebit·-

50 1535 107 1616 lis,
126 1532 344 1616 deductisque
360 1553 402 1596 ex
414 1532 484 1616 ipsa
503 1555 539 1596 re
555 1532 756 1620 argumentis
769 1553 858 1596 suam
878 1534 932 1616 rel
948 1535 1124 1618 actionem,
1140 1535 1195 1599 vel
1211 1555 1312 1598 exce·-

50 1643 204 1728 ptioneru
221 1639 424 1724 probabant,
441 1649 475 1703 ut
497 1641 574 1704 satis
596 1649 690 1724 patet
714 1661 758 1703 ex
775 1630 945 1704 Ciceronis
969 1651 1063 1704 orutt.
1079 1645 1193 1724 preP.
1213 1645 1312 1720 llari:-

53 1755 96 1812 ts‘o
119 1750 204 1824 etQ.
224 1748 335 1809 Roscio
357 1748 513 1810 comoedo.
538 1747 693 1811 Ceterum
717 1746 862 1811 hiemes
889 1749 1006 1848 procul
1032 1750 1134 1813 dubio
1158 1749 1311 1832 Athenis,

10 1907 13 1915 .
54 1866 91 1920 ut
105 1856 175 1935 alu,
191 1854 331 1919 Romam
347 1839 555 1939 migraverat.
577 1856 661 1918 Nam
677 1865 712 1918 et
725 1854 958 1937 Athenienses,
973 1863 1147 1941 antequam
1166 1880 1310 1921 caussam
1336 1899 1341 1904 -

55 1970 269 2048 perorarent,
301 1962 559 2045 praemittebant
585 1963 720 2026 brevem
753 1963 900 2047 ejusdem
929 1965 1189 2048 conjectionem,
1223 1986 1310 2052 quae

59 2072 159 2134 etiam
174 2068 310 2156 προβολὴ
328 2069 508 2133 dicebatur.
530 2063 629 2133 Unde
646 2070 815 2138 Guilielrn.
829 2070 983 2134 Budaeus
1002 2072 1237 2134 Commentariis
1252 2075 1312 2133 tin-

56 2200 146 2262 guae
165 2179 272 2239 Graec.
288 2173 370 2260 [*p.
387 2176 460 2238 241.
482 2194 524 2239 ex
547 2179 619 2238 edit.
642 2198 727 2261 quae
751 2176 876 2260 prodiit
893 2180 1036 2268 Colontae
1057 2178 1148 2240 1530.
1166 2177 1221 2262 s.]
1251 2180 1312 2240 Est

56 2295 164 2348 autem
183 2279 323 2368 προβολὴ
344 2289 471 2346 :retentio
493 2292 526 2345 et
544 2285 671 2365 objectio
683 2285 801 2366 judicii
821 2285 944 2356 dictati,
971 2289 1065 2366 quasi
1076 2289 1187 2365 petitio
1209 2286 1313 2368 digla-

56 2395 184 2476 dzbntg's.
206 2393 330 2454 Postea
351 2389 385 2453 in
406 2391 482 2459 XII
508 2386 647 2455 Tabulis
675 2397 822 2452 cautum:
850 2405 894 2452 An
916 2406 1008 2452 caru
1028 2406 1120 2452 auru
1142 2408 1311 2454 uunmruu

55 2515 213 2562 caussuu
242 2515 415 2562 couucrro
430 2497 483 2580 ¹¹),
506 2515 575 2561 cou
598 2515 778 2562 sanemur
798 2513 890 2559 nuso
914 2483 1137 2561 praesumes.
1166 2497 1211 2560 Et
1232 2498 1311 2561 inde

56 2607 199 2688 factum,
215 2613 268 2686 ut,
284 2604 442 2667 translata
462 2604 497 2668 in
514 2604 645 2690 judices
661 2605 816 2688 notione,
831 2603 1000 2690 litigantes
1022 2603 1311 2699 primouconjicere

55 2735 219 2794 caussam,
235 2713 357 2778 deinde
373 2713 464 2797 justa
487 2715 638 2778 oratione
654 2734 812 2797 perorare
828 2711 1040 2798 juberentur:
1061 2710 1191 2776 Gellius
1206 2714 1311 2775 Noctt.

57 2827 127 2886 Att.
143 2819 184 2908 [*
203 2822 237 2882 V.
253 2819 320 2906 10.]
343 2820 395 2882 Ne
413 2827 522 2884 tamen
545 2821 579 2883 in
597 2821 786 2883 immensum
810 2829 1030 2904 evagarentur
1044 2829 1210 2903 oratores,
1232 2820 1311 2906 lege

52 2929 220 3012 Pompeja
235 2915 364 2992 cautum
381 2929 500 3008 fuerat,
515 2935 551 2990 ut
569 2926 610 2989 ad
626 2927 830 3013 clepsydram
848 2927 1012 2990 dicerent:
1036 2926 1154 2990 Cicero
1171 2928 1210 2989 de
1228 2931 1312 2990 Ora-

53 3051 125 3100 tore
143 3039 201 3110 [11.
216 3036 268 3098 34.
290 3035 382 3114 Quot
398 3014 592 3120 clepsydrae
608 3035 727 3120 cuique
750 3033 879 3097 dandae
902 3042 1026 3114 essent,
1048 3033 1118 3119 ejus
1136 3035 1185 3096 rei
1207 3055 1309 3119 penes

45 3131 185 3231 judiees
208 3153 279 3220 arat
301 3145 486 3206 arbitrium:
507 3141 636 3207 Plinius
658 3142 813 3232 spatas
834 3139 885 3204 aa
906 3141 947 3202 ιι.
963 3140 1014 3203 11.
1033 3143 1113 3222 (rr.
1127 3143 1181 3224 a.)
1207 3123 1309 3226 Vra.

52 3252 158 3317 Unde
175 3272 274 3336 saepe
297 3272 372 3334 sex,
385 3251 447 3316 ⁴vel
469 3237 580 3336 plures
596 3249 824 3335 perorantibus
840 3247 932 3312 datas
955 3239 1025 3312 esse
1041 3249 1190 3312 novimus
1203 3246 1247 3338 ¹).
1293 3299 1298 3310 .
1316 3332 1319 3342 Δ

44 3510 55 3522 “
129 3521 161 3587 g)
183 3519 262 3573 Unde
278 3497 406 3587 adparet,
425 3540 473 3576 cur
490 3523 566 3577 1.1.
584 3522 620 3575 D.
639 3521 671 3574 dr
685 3521 777 3589 Rau*
757 3537 817 3590 yur.
832 3522 948 3588 regula
938 3517 1009 3587 juris
1025 3518 1131 3572 dicatur
1145 3519 1221 3588 quast
1231 3479 1310 3590 pua:-

54 3607 122 3658 dum
140 3595 247 3658 :amcos
262 3607 399 3676 conjectio.
416 3607 502 3674 Jungi
519 3607 558 3662 ibi
580 3594 715 3663 merentur
734 3605 928 3660 commentarii
950 3603 1047 3658 Jacobi
1063 3604 1201 3658 Raevardi
1217 3609 1245 3658 ct
1261 3605 1310 3658 Ja·
1328 3619 1330 3622 ·

54 3687 123 3740 cobi
142 3689 310 3744 Gotholredi.
329 3693 409 3745 Heia.

130 3773 163 3839 h)
184 3774 367 3829 Gotholredus
386 3783 413 3829 et
429 3775 476 3829 alli
491 3779 579 3842 legere
597 3777 701 3830 malunt
718 3791 857 3840 conscire,
875 3777 924 3828 scd
942 3778 994 3828 boc
1011 3775 1084 3828 idem
1102 3774 1186 3828 fuisse
1204 3774 1309 3828 ridetur

53 3876 91 3912 ac
109 3873 235 3910 caussam
252 3860 393 3928 conjicere.
414 3861 579 3913 Consolarer:
598 3861 669 3914 enim
682 3862 821 3914 dicebatur
834 3863 955 3925 Praetor,
968 3861 1033 3913 dum
1044 3861 1246 3928 postulantibus
1261 3875 1309 3911 seu
1373 3927 1378 3931 ι

55 3942 253 4011 perorantibus
271 3961 319 4010 per
333 3961 379 4010 sc,
396 3946 439 3996 rel
454 3960 501 4010 por
513 3945 581 3996 alios
590 3982 598 4008 ‚
617 3945 812 4012 litigatoribus,
831 3945 908 3998 dere
924 3953 979 4000 tota
994 3947 1190 4013 cognoscebat,
1209 3945 1309 4011 etipse

54 4029 99 4082 ait
118 4029 301 4081 Gotbolrcdus
316 4048 345 4098 p.
367 4033 423 4083 188.
442 4031 478 4081 At
496 4029 524 4079 id
543 4045 598 4080 non
616 4031 730 4082 faciebat
748 4029 875 4094 Praetor,
894 4025 988 4082 verum
1003 4031 1099 4096 judex.
1112 4031 1197 4080 'Helu
1226 4027 1306 4082 Dirk·

54 4114 153 4169 scnius
173 4131 283 4183 quoque
306 4129 356 4166 nos
374 4117 464 4182 legere
477 4113 557 4180 jubet
574 4115 693 4182 conjicito
714 4114 935 4182 (Zwb'lflrfelper.
954 4131 980 4181 p.
1000 4114 1168 4178 168-180.).
1187 4111 1249 4165 Vld.
1267 4117 1307 4162 te·

55 4213 125 4252 meu
142 4198 278 4256 Hmcbk'ri
297 4200 404 4252 observ.
423 4197 452 4252 in
470 4197 596 4258 Anotera,
610 4197 658 4255 litt.
677 4217 705 4265 p.
727 4205 784 4262 108.
803 4206 858 4257 not.
868 4203 957 4269 ,finem
974 4199 1084 4256 ausu.
1102 4197 1189 4256 Miiltl.

134 4283 159 4350 i)
180 4284 263 4336 Haud
281 4299 343 4338 raro
361 4282 544 4348 ampliabatur
560 4297 642 4335 causa
650 4321 658 4347 ,
676 4283 705 4335 id
717 4291 774 4349 cst,
787 4285 815 4336 in
829 4285 912 4338 alium
927 4285 998 4337 diem
1013 4282 1186 4350 differebatur
1197 4279 1308 4333 ulterior

55 4367 100 4422 rei
113 4366 282 4434 disceptatio.
292 4369 372 4422 Unde
383 4369 451 4421 aetio
459 4370 564 4438 prima,
577 4369 708 4431 securta«,
721 4371 833 4424 ulterior
844 4371 940 4433 etiarn:
953 4369 980 4421 in
993 4369 1089 4438 quavis
1102 4367 1211 4437 actione,
1218 4367 1308 4434 priore

56 4457 123 4507 loco
142 4459 217 4506 actor
235 4453 358 4518 dicebat,
375 4454 495 4507 secundo
513 4469 584 4508 rcus,
599 4453 730 4510 Huschke
742 4457 862 4510 Analect.
881 4455 928 4511 titt.
946 4471 972 4520 p.
990 4455 1031 4506 98.
1050 4457 1077 4504 ct
1097 4448 1254 4506 resultat.
1335 4519 1341 4532 .

1022 4600 1115 4667 ‘47¹‘
