3030 5160
320 383 376 454 lle
402 385 538 462 Imaum
564 344 764 474 &nunqua
788 389 929 460 Aounr.
957 399 1025 458 etc.
1228 397 1300 464 451

623 565 653 647 s.
674 564 726 628 18.

52 757 57 764 Ι
217 706 220 714 ‚
548 681 802 749 narrarunt).

125 781 193 844 Est
211 787 246 843 ct
258 767 326 844 boc
345 778 572 864 plebiscitum,
591 782 682 865 quod
699 781 777 846 tulit
790 783 829 846 P.
844 783 1027 866 Falcidius,
1042 784 1209 848 Tribunus
1227 785 1303 870 ple·

41 889 91 954 bis
107 892 158 970 r),
173 887 380 971 temporibus
394 887 665 972 Triumvimrun,
681 889 742 954 Gn.
757 890 919 971 Domitio,
933 892 979 956 M.
995 893 1033 956 F.
1046 891 1186 956 Calvino
1200 891 1301 978 [⁴¹11]

41 1006 74 1060 et
98 994 140 1058 C.
168 995 289 1060 Asinio
308 995 466 1062 Pollione
490 994 581 1060 Coss.
597 1001 626 1076 ¹)
650 997 692 1060 Δ.
715 997 759 1060 U.
779 997 816 1060 (l.
837 1016 970 1062 ocoxrv.
991 1007 1027 1063 ut
1048 1007 1211 1064 testantur
1233 1001 1302 1066 Dio

42 1103 131 1168 Cass.
151 1104 310 1166 XLVIII.
321 1102 373 1166 38.
389 1103 525 1168 Eusebii
547 1105 718 1168 chronicon
735 1107 779 1166 ud
793 1125 823 1165 α.
844 1105 1175 1170 Muoucuffltsr.
1192 1114 1227 1170 et
1242 1108 1302 1170 lsi·

42 1212 142 1276 dorus
170 1212 307 1292 Etymol.
326 1211 360 1272 V.
376 1210 471 1294 15.,§.
487 1210 519 1274 2.
545 1211 744 1276 Brevissima
768 1212 853 1276 Dior
872 1214 960 1278 καὶὸ
982 1212 1074 1295 νόμος
1096 1217 1114 1281 ὁ
1137 1215 1304 1291 Φαλκίδιος

44 1321 282 1404 ὠνομασμένος,
304 1319 470 1403 (πλείστην
493 1321 545 1388 toi
567 1323 622 1384 ruit
641 1324 685 1384 ἔτι
705 1318 790 1406 ἰσχὺν
812 1324 843 1396 ἐς
859 1316 915 1394 τὰς
937 1323 997 1384 τῶν
1015 1319 1132 1405 κλήρων
1153 1321 1305 1407 διαδοχάς,

43 1423 117 1494 dicre
137 1425 215 1492 rard
233 1423 270 1491 τὸ
285 1428 431 1510 τέταρτον
446 1429 500 1510 τῆς
513 1428 773 1510 καταλειφθείσης
787 1431 817 1491 οἱ
834 1426 950 1506 οὐσίας,
968 1426 1004 1493 ἄν
1020 1434 1053 1512 γέ
1067 1457 1109 1522 πῃ
1124 1427 1305 1515 deprimor,

45 1532 199 1621 λαβόντα,
215 1532 252 1598 τὸ
273 1529 383 1598 λοιπὸν
405 1531 541 1615 ἀφεῖναι,
556 1538 656 1620 ἑ’χων,)
683 1533 745 1599 ὑπὸ
765 1537 822 1600 τοῦ
841 1535 1008 1600 Πουπλίου
1034 1537 1208 1603 matuatus
1226 1537 1305 1620 δημ-

49 1647 217 1728 αρχοῦντος
244 1643 349 1724 ὲτέθη.
376 1639 447 1702 Les
473 1645 567 1704 etebm
590 1643 735 1704 Fulmib'u
752 1664 772 1704 a
794 1643 833 1705 P.
856 1643 1010 1715 Fatorum,
1042 1643 1178 1706 llre‘buno
1198 1645 1305 1728 plebis,

49 1753 119 1824 latu,
143 1770 225 1832 quae
243 1768 328 1810 nuuc
345 1767 464 1830 quoque
476 1751 648 1830 plurimum
670 1751 752 1810 ualet
766 1753 799 1811 in
817 1751 1039 1814 hereditabiles
1054 1751 1216 1822 Mandat,
1230 1771 1306 1832 per-

50 1862 156 1931 mittit,
180 1867 218 1918 ut
232 1857 336 1928 beros,
354 1859 385 1917 si
395 1857 485 1918 odire
502 1857 705 1918 bereditotmn
725 1867 886 1938 gravetur,
904 1855 1083 1939 quadrante
1102 1867 1235 1942 accepto,
1256 1879 1307 1920 rs-

50 1968 169 2048 b'quum
192 1965 339 2028 dimittat.
360 1961 426 2026 Sed
450 1984 518 2026 non
542 1963 672 2028 videtur
692 1970 803 2028 tamen
825 1965 876 2028 vir
899 1965 1103 2028 doctissimus
1129 1965 1194 2040 viru
1220 1964 1306 2049 legis

51 2075 124 2136 satis
143 2070 345 2156 percepisse.
366 2071 417 2132 Ea
435 2071 521 2132 enim
540 2091 607 2134 non
622 2071 784 2156 permittit
803 2072 936 2153 heredi,
953 2072 1137 2156 quadrante
1155 2081 1306 2157 accepto,

50 2181 272 2244 hereditatem
293 2175 489 2261 repudiare,
512 2178 569 2240 sed
591 2186 783 2242 testatorem
805 2179 1001 2263 obstringit,
1023 2188 1060 2242 ut
1079 2187 1227 2264 quartam
1246 2179 1305 2242 hc-

50 2291 125 2353 redi
140 2288 264 2352 salvam
283 2285 461 2369 relinquat,
477 2284 579 2370 idque
593 2287 620 2352 si
636 2309 703 2351 uon
721 2288 851 2369 fecerit,
867 2287 984 2350 heredi
999 2293 1199 2370 potestatem
1217 2287 1306 2368 facit,

51 2407 180 2462 tantum
195 2393 394 2460 detrahendi
408 2393 589 2478 legatariis,
606 2385 763 2480 quantum
781 2395 866 2459 desit
882 2402 1019 2480 quartae
1035 2413 1124 2456 suae.
1150 2391 1154 2398 ’

554 2565 556 2572 ’
627 2569 656 2650 §-
677 2567 728 2630 19.

455 2685 521 2753 leym
539 2685 626 2753 capita
644 2691 670 2736 et
687 2683 802 2752 lepitima
820 2684 910 2737 verba.

137 2787 232 2867 Lex,
248 2785 338 2870 cujus'
354 2783 425 2868 ipsa
445 2784 595 2868 legitima
613 2786 715 2848 verba
730 2793 904 2870 supersunt
921 2785 958 2847 L.
976 2781 1007 2847 1.
1021 2787 1063 2847 D.
1078 2785 1123 2846 ud
1136 2787 1175 2848 L.
1190 2785 1309 2848 Fatua.

57 2897 207 2980 pluribus
229 2893 376 2958 constitit
393 2892 555 2975 capitibus
570 2897 614 2974 t),
635 2915 773 2977 quorum
791 2893 901 2976 priore
919 2893 1026 2956 libera
1042 2891 1243 2976 permittitur
1258 2891 1310 2954 le-

60 3003 162 3088 gundi
179 3001 319 3065 facultas
340 3001 389 3063 his
408 3001 531 3064 verbis:
549 3017 607 3074 our
627 3015 719 3064 crvus
741 3017 874 3064 nonant
895 3017 1207 3082 sunr,oo1sonun
1227 3014 1310 3063 rosr

60 3127 151 3174 nnnc
169 3127 283 3173 LEGEM
303 3124 466 3171 uocarunt
487 3123 742 3172 uusrnnunrunr
761 3088 889 3171 recubu
912 3123 1032 3191 vounu,
1053 3125 1099 3172 Ur
1120 3125 1190 3170 unu
1210 3124 1311 3172 rucu-

58 3235 146 3282 tunnt
163 3233 295 3291 EASQUE
309 3231 372 3279 Rus
391 3231 581 3290 Quluusouu
598 3233 699 3294 DARE,
713 3233 844 3279 uuonan
862 3232 982 3298 votur,
998 3231 1056 3280 Jus
1073 3231 1312 3288 rouusrnsouu

130 3462 165 3530 q)
186 3461 246 3514 Juc.
265 3459 378 3512 Voorda
399 3459 608 3513 Commentarius
625 3462 661 3513 ad
677 3463 774 3528 Lepem
792 3461 940 3515 Falcidiam
961 3460 1049 3530 (Traj.
1065 3460 1100 3512 ad
1117 3461 1169 3514 Rh.
1184 3462 1258 3514 1⁷³0.
1270 3459 1310 3526 Β.)

59 3547 86 3601 in
105 3545 206 3614 primis
224 3561 247 3596 c.
265 3547 289 3596 3.
307 3543 430 3610 Wieling
448 3543 466 3596 l.
486 3545 503 3598 1.
521 3545 558 3597 11.
576 3563 599 3598 o.
617 3549 743 3599 29-31.
762 3545 850 3599 Haud.

130 3633 160 3698 r)
180 3628 325 3683 Ridiculus
342 3643 408 3695 crgo
424 3631 606 3696 glossatorum
626 3628 841 3700 [⁴¹graecorum]
860 3646 935 3683 error
952 3635 1001 3694 est,
1016 3627 1064 3697 qui
1078 3625 1226 3680 Falcidiam
1243 3627 1314 3679 banc

59 3721 149 3784 legem
168 3714 269 3768 dictam
286 3715 380 3766 volunt
398 3710 454 3764 ἀπὸ
472 3713 520 3766 τοῦ
539 3714 673 3779 polluam,
694 3709 709 3766 ὅ
728 3716 809 3782 δηλοῖ
824 3715 965 3782 apenninas,
983 3715 1011 3768 id
1030 3719 1079 3777 est,
1093 3732 1109 3766 a
1119 3713 1197 3780 falce
1214 3713 1258 3764 vel
1270 3713 1314 3763 de·

53 3801 207 3870 fulcaudo:
224 3798 288 3852 Vid.
307 3798 449 3852 Scholiast.
468 3800 497 3852 in
515 3800 713 3870 Hprmcnopuli
734 3801 892 3856 Promtucr.
915 3799 943 3852 V.
960 3802 985 3852 9.
1012 3798 1147 3852 liumdem
1165 3803 1255 3850 umen
1272 3813 1314 3849 er·

61 3903 153 3940 rorem
172 3884 254 3936 ctiam
272 3883 348 3936 latini
366 3886 531 3945 glossatores
548 3892 680 3936 errarunt.
700 3885 779 3936 Heln.

4 4013 6 4020 a
132 3970 162 4037 s)
184 3971 247 4021 Non
270 3984 341 4020 anno
365 3984 475 4022 nccxur.
493 3970 526 4021 P.
545 3968 660 4021 Servilio
685 3968 805 4021 Isaurico
829 3969 927 4032 iterum
952 3974 978 4019 et
995 3969 1028 4018 L.
1050 3965 1170 4018 Antonio
1189 3965 1316 4016 cesant

61 4057 148 4110 tradit
165 4055 301 4108 Alcandcr
319 4055 355 4105 ad
375 4055 439 4123 Gcrji
455 4053 522 4106 Inst.
541 4053 581 4104 11.
601 4058 626 4105 6.
646 4059 668 4106 1.
683 4074 713 4123 p.
733 4059 791 4106 121.
809 4053 888 4104 Hebe.
905 4052 968 4104 Vid.
984 4053 1084 4104 Abrab.
1105 4049 1269 4115 Wieliugius
1286 4048 1315 4100 in

60 4143 182 4194 Lectica.
192 4143 253 4208 jur.
272 4141 319 4192 cia.
336 4139 394 4191 Lib.
412 4139 453 4191 11.
471 4158 493 4192 c.
511 4142 568 4202 29„
593 4138 640 4206 qui
658 4144 685 4190 et
701 4138 826 4205 pluribus
844 4139 878 4190 dc
895 4138 954 4204 lege
972 4135 1093 4188 Falcidia
1110 4135 1225 4202 ejusque
1241 4131 1316 4197 capi·

62 4228 139 4280 tibus
159 4222 317 4296 disputavit.
339 4223 421 4277 Cana.
731 4213 738 4220 ’

136 4313 161 4377 t)
183 4310 287 4376 Magna
305 4325 370 4360 cura
388 4324 420 4360 ca
436 4306 526 4374 capita
539 4308 650 4375 'collegit
668 4307 867 4378 illustravitque
885 4305 1019 4358 Francise
1031 4305 1191 4366 Balduinus,
1210 4308 1315 4354 etcum

64 4399 129 4462 lege
142 4394 281 4459 Voconia,
299 4392 386 4457 Julia,
405 4392 493 4457 Papia
511 4396 656 4464 Poppaea,
670 4393 791 4460 Rhodia,
808 4391 928 4462 Aquillie
953 4389 1039 4444 edidit
1053 4390 1179 4441 Basilaae
1198 4391 1272 4442 1559.
1291 4390 1315 4440 8.

66 4479 129 4550 [neo
147 4493 204 4532 uon
223 4479 257 4530 V.
276 4479 307 4532 C.
324 4478 420 4532 Jacob.
438 4477 563 4542 Voorda,
581 4477 660 4544 cujus
685 4477 714 4530 iu
734 4479 804 4533 hauc
821 4479 908 4546 legem
929 4475 1136 4530 Commentarius
1155 4471 1187 4542 [*
1202 4473 1317 4542 Trajecti

65 4568 101 4620 cd
119 4563 209 4618 laten.
228 4568 305 4618 1730.
323 4561 360 4632 8.]
378 4559 501 4634 prodiit]
521 4562 600 4616 Heio.
