3056 5154
138 442 143 450 ¹
217 417 289 490 ΜΒ
566 408 641 477 Lrn.
668 407 730 477 lii.
754 405 835 475 Tm.
860 407 970 480 XXii.
993 407 1122 495 (xxi.)

218 606 328 666 renus,
342 581 522 664 Donellus,
537 581 806 648 Wiseenbaolrins
822 581 947 666 aliique
963 583 1026 651 viri
1042 582 1133 648 docti
1148 590 1306 646 statumn.
1328 581 1395 646 Sed
1410 603 1471 645 aa·

218 695 344 778 tiquam
358 691 436 758 satis
448 711 519 757 essa
530 689 714 756 litterarum
730 690 984 775 obligationem,
997 698 1032 752 et
1046 711 1159 756 verum
1175 698 1380 754 contractum
1395 691 1471 751 satir

217 800 358 884 adparet
373 819 417 866 ex
428 801 624 882 Fragmenta
635 800 701 861 Vn.
715 799 1006 880 breconrults'post
1022 799 1223 868 Collatinum
1233 799 1334 880 [regg.
1346 798 1473 859 diurnis.

217 917 250 978 ut
261 909 393 974 Roman·
409 907 490 974 edne
501 907 531 986 §-
545 905 616 970 VII.
626 905 683 969 ubi
699 905 825 970 mentio
839 905 877 967 fit
891 903 1122 990 adquisitionis
1135 927 1195 988 per
1209 925 1428 967 smirnam
1442 913 1476 966 et

217 1016 456 1096 mintionem·
478 1012 614 1081 Deinde
636 1013 819 1077 litterarum
840 1012 1081 1096 obligationem
1102 1013 1191 1076 iuter
1211 1019 1402 1075 contractus
1420 1031 1474 1073 re·

218 1122 300 1193 letti
315 1121 465 1188 vitemus
479 1117 513 1188 in
529 1121 565 1184 b.
576 1119 606 1184 9.
617 1121 683 1202 §.i
694 1122 735 1182 D.
748 1122 787 1184 da
803 1121 936 1202 Obligat.
953 1129 983 1182 et
996 1131 1056 1182 oct.
1068 1130 1104 1184 et
1119 1119 1207 1204 apud
1220 1119 1344 1203 Gajum
1359 1119 1474 1180 Intuli.

218 1231 263 1300 ll·
277 1229 309 1298 9·
326 1227 355 1296 1.
367 1249 419 1310 pr·
436 1235 471 1290 et
486 1229 517 1308 S.
533 1226 584 1292 ln.
598 1232 643 1307 ⁸).
664 1226 735 1288 Nos
754 1226 885 1310 itaque,
903 1249 988 1312 quae
1003 1247 1048 1290 ex
1062 1225 1316 1311 antiquitatibus
1335 1225 1378 1289 ad
1399 1225 1476 1288 illu-

219 1335 385 1406 cuondam
412 1333 499 1402 lianc
519 1334 688 1432 materiam
709 1334 821 1396 facere
843 1335 1055 1416 videbuntur,
1071 1335 1184 1418 paucis
1203 1333 1435 1396 delibabimus

289 1609 320 1676 a)
340 1607 480 1660 Tenebrae
497 1605 561 1658 huic
577 1607 638 1660 loco
656 1609 778 1672 obtusae,
796 1608 830 1668 de
848 1607 948 1676 quibus
966 1609 1069 1660 Auctor
1087 1612 1254 1677 conquestus
1272 1609 1323 1666 est,
1337 1603 1401 1670 jam
1420 1601 1474 1654 teti-

219 1693 286 1748 oiter
303 1692 462 1759 profligatae
480 1697 544 1744 sunt
561 1709 610 1758 per
625 1691 725 1758 Gajum
749 1692 898 1758 genuinum
928 1691 991 1758 (lli.
1012 1691 1032 1758 t.
1049 1691 1238 1756 lus-134),
1264 1705 1354 1757 equo
1374 1688 1474 1753 duplex

221 1779 371 1836 fitterarum
389 1776 519 1843 obligatio
531 1777 645 1846 antiqua
658 1777 795 1832 innotuitt
818 1778 911 1839 abun,
930 1792 1001 1844 quaa
1019 1779 1090 1830 tacta
1107 1781 1149 1828 est
1165 1791 1215 1840 per
1232 1773 1475 1840 expeusilatioaen

222 1861 423 1927 transscriptitii
447 1861 564 1913 nominis
585 1861 701 1928 (diversi
718 1862 753 1914 ab
779 1861 910 1926 arcario),
928 1861 1152 1926 uanssoriptione
1176 1860 1290 1929 quidem
1306 1861 1348 1912 rcl
1367 1874 1387 1910 a
1404 1875 1433 1910 re
1448 1857 1474 1908 in

222 1962 377 2013 personam,
394 1947 437 1998 vel
455 1961 472 1996 a
489 1962 606 2012 persona
623 1947 651 1999 iu
666 1963 813 2012 personam
829 1944 1038 2008 interveniente;
1051 1949 1144 2009 altera,
1163 1962 1233 2014 quae
1245 1942 1436 2011 chirographis
1450 1949 1474 1993 et

222 2030 385 2098 syngraphis
403 2031 508 2098 absque
525 2030 702 2097 stipulatione
719 2035 857 2084 contracta
874 2033 924 2092 est,
942 2044 975 2081 ac
992 2031 1104 2095 propria
1117 2031 1169 2082 tuit
1187 2030 1404 2097 peregrinorum.
1417 2026 1474 2092 Gaji

219 2117 277 2186 jam
295 2115 427 2168 rationem
439 2116 607 2169 habuerunt:
627 2116 772 2182 Sarignius
790 2116 819 2167 ia
836 2113 949 2166 classica
966 2115 1073 2168 comm.
1092 2114 1158 2168 iiber
1175 2117 1226 2168 den
1242 2113 1475 2166 Litteraleoutner

192 2262 202 2280 ἱ
222 2205 271 2256 dar
289 2201 401 2262 mmet,
419 2201 544 2268 turgaten.
568 2203 596 2256 iu
618 2202 643 2254 d·
669 2201 749 2256 Bot.
765 2200 852 2258 Altad-
869 2203 958 2259 1816..
982 2201 1031 2258 mt't
1046 2201 1131 2256 mut!
1148 2201 1267 2258 house
1285 2216 1337 2254 sorr
1355 2201 1433 2252 1818.
1450 2202 1474 2249 et

223 2287 286 2344 Car.
304 2283 385 2337 Beier
402 2284 438 2336 ad
455 2283 538 2335 Cicer.
553 2285 585 2342 de
608 2283 683 2352 Offie.
695 2285 755 2338 111.
774 2289 814 2338 14.
833 2285 863 2337 Τ.
872 2285 913 2338 11.
927 2303 958 2352 p.
976 2289 1138 2338 aut—nso.
1153 2285 1242 2352 janot.
1251 2285 1318 2342 Eaee.
1328 2285 1350 2338 1
1353 2284 1382 2336 V.
1390 2287 1475 2354 potiri

223 2400 256 2412 -
268 2375 328 2424 4³5.
346 2367 435 2421 Haud.
452 2367 524 2421 Add.
542 2369 575 2432 Α.
587 2369 618 2421 Z.
633 2371 725 2428 Haulo
742 2371 850 2437 (Praes.
864 2384 919 2428 vau
930 2369 1103 2440 Ηα]1),1)ἱ.ςρ.
1118 2372 1150 2424 ‹te
1167 2371 1302 2426 nominum
1313 2368 1475 2438 obligatione.

221 2453 372 2510 Amstelodt
381 2455 455 2506 1825.
465 2457 489 2506 8.
504 2453 552 2506 W.
562 2455 594 2505 Τ.
603 2453 692 2506 lirant
706 2453 738 2506 rte
752 2463 887 2522 arqentor.
900 2462 926 2505 et
936 2455 1120 2508 nummulariis
1132 2473 1223 2507 comm.
1235 2455 1343 2521 (Goett.
1352 2455 1473 2519 lma)

221 2559 246 2596 e·
258 2540 311 2595 lX.
329 2539 363 2592 A.
382 2537 562 2592 Wundertioh
583 2539 655 2590 nia.
672 2539 704 2589 da
722 2541 831 2608 antiqu
852 2539 1002 2592 &derorum
1020 2539 1183 2608 alligatione.
1206 2541 1297 2592 Goett.
1317 2543 1396 2592 1832.
1410 2543 1473 2591 Β.-

222 2623 269 2687 lis.
288 2637 359 2698 qnae
377 2622 547 2688 subobscure
562 2621 730 2682 Hesiodus
745 2623 779 2678 de
797 2623 883 2680 veteri.
900 2625 1051 2686 litterarum
1069 2623 1236 2692 obligatione
1252 2624 1396 2688 &seruit
1411 2639 1474 2690 pau·

222 2707 331 2762 cissima
347 2709 423 2763 velut
440 2707 620 2775 supplementi
644 2709 706 2761 loco
730 2707 882 2776 subjiciam.
907 2711 1021 2767 Nomine
1034 2711 1110 2780 fieri,
1137 2710 1355 2772 secuturarum
1374 2709 1474 2776 obliga·

223 2793 323 2846 tionem
337 2792 468 2856 contrahi,
483 2792 636 2862 antiquitus
649 2791 798 2858 dicebatur,
816 2812 910 2862 quum,
930 2797 1003 2865 quod
1016 2795 1078 2864 quis
1091 2794 1183 2864 aliqua
1201 2811 1237 2846 ex
1253 2811 1340 2854 causa
1353 2795 1474 2855 debebat,

132 2911 134 2914 -
222 2875 456 2931 consentientibus
464 2881 491 2928 et
498 2877 632 2930 creditore
643 2883 670 2929 ct
682 2875 812 2942 debitore,
824 2878 851 2931 iu
866 2879 974 2934 codices
983 2880 1098 2946 expensi
1112 2887 1138 2932 et
1149 2879 1262 2946 accepti,
1275 2886 1324 2932 aut
1334 2879 1475 2947 utriusque

222 2967 271 3014 aut
288 2960 437 3025 creditoris,
456 2963 713 3026 ammanuensium
730 2965 804 3024 unde
820 2957 935 3018 mnino*
945 2966 1150 3034 trsmmiptitr'a
1167 2965 1247 3018 dosa.
1270 2964 1369 3018 tiebat
1388 2972 1473 3017 auten

222 3045 408 3112 transscriptio
426 3048 468 3099 vel
486 3063 503 3100 a
520 3065 550 3100 re
567 3048 596 3100 iu
607 3064 761 3114 personam,
776 3050 819 3100 vel
831 3065 847 3100 a
861 3064 979 3115 persona
992 3049 1021 3101 in
1039 3065 1192 3115 personam.
1211 3052 1277 3102 Are
1288 3050 1318 3102 in
1330 3065 1473 3115 personam

222 3127 444 3196 transscriptione
461 3133 572 3186 novatio
589 3135 660 3186 tacta
677 3139 718 3186 est
735 3132 832 3187 iisdem
850 3133 1023 3199 manen-tibus
1043 3150 1152 3188 reorum
1170 3134 1305 3200 personis,
1329 3134 1435 3198 „veluti
1451 3133 1473 3184 si

221 3215 259 3280 id,
278 3215 352 3284 qnod
374 3231 414 3266 ex.
423 3217 550 3272 emtionis
563 3235 655 3282 causa,
674 3224 722 3272 aut
742 3216 940 3283 conductionis,
957 3225 1005 3274 aut
1024 3217 1161 3275 societatis
1180 3218 1247 3271 mitri
1263 3219 1375 3282 debeas,
1388 3219 1417 3272 id
1428 3236 1472 3270 ex·

222 3317 337 3368 pensum
355 3299 404 3352 tibi
421 3306 509 3356 tulero
514 3304 542 3366 ;’'
560 3320 576 3356 a
593 3319 712 3371 persona
722 3303 750 3355 in
760 3317 904 3370 personam
915 3305 968 3356 hoc
980 3308 1069 3370 pacto,
1087 3311 1118 3356 ut
1130 3303 1352 3358 transscribendo
1365 3303 1473 3356 nomina

222 3393 333 3446 novau'o
351 3394 427 3444 fleret
437 3405 486 3455 per
495 3390 701 3457 delegationem,
718 3389 825 3453 „veluti
842 3388 867 3442 si
884 3388 921 3452 id,
941 3389 1016 3456 quod
1027 3387 1094 3440 mihi
1106 3388 1195 3442 Titius
1208 3389 1296 3452 debet,
1316 3388 1472 3454 tibiexpeu-

223 3493 283 3529 sum
294 3478 389 3540 tulero,
408 3473 426 3527 i.
440 3475 506 3528 essi
521 3475 610 3528 Titius
628 3480 655 3526 te
668 3473 830 3540 delegaverit
848 3473 944 3526 mibi.’'
964 3475 1040 3542 (Gaj.
1049 3475 1099 3526 111.
1112 3475 1133 3541 ξ.
1144 3479 1201 3528 129.
1212 3476 1285 3541 130.)
1305 3477 1375 3526 Erat
1387 3481 1472 3526 autem

222 3561 363 3614 nominum
380 3560 651 3627 transscriptitionun
668 3576 703 3621 ea
718 3560 761 3616 vis
777 3575 810 3618 ao
831 3555 962 3622 potestne.
986 3563 1018 3616 ut
1032 3565 1173 3630 tamquam
1194 3577 1231 3614 ex
1248 3557 1472 3624 stipulationem

221 3645 362 3700 verissime
379 3646 531 3712 obligarent
548 3645 692 3698 debitores.
708 3644 780 3716 (Cic.
794 3645 825 3695 do
835 3645 902 3720 offio
913 3643 971 3695 ΙΙΙ.
990 3644 1046 3709 14.)
1066 3640 1168 3713 Neque
1184 3660 1249 3696 vero
1271 3642 1300 3696 iu
1318 3643 1471 3696 domanda

149 3728 151 3736 '
222 3733 312 3784 solnm
321 3733 472 3785 renonibus
484 3729 681 3797 perscriptione
696 3730 797 3782 lebant
806 3729 923 3792 nomme,
942 3729 992 3781 sed
1009 3730 1097 3781 multo
1107 3729 1188 3782 etiam
1201 3728 1324 3782 crebrius
1335 3729 1366 3782 iu
1381 3745 1472 3795 mgen-

221 3815 351 3873 tariouun
369 3815 461 3880 tibrisa
479 3815 547 3885 quin
563 3816 593 3874 in
609 3815 652 3868 bis
667 3815 733 3870 solis
751 3814 945 3882 imperatorum
969 3819 1057 3869 aetate
1076 3819 1157 3870 votus
1172 3813 1325 3870 litterarum
1344 3813 1471 3880 obliuio

218 3899 350 3964 constitit
369 3901 457 3958 donec
474 3899 637 3968 pedetentim
655 3898 743 3954 omnis
760 3899 835 3956 illius
853 3915 919 3954 usus
937 3901 1178 3957 abolevit-iam
1189 3917 1225 3952 ox
1239 3899 1281 3952 bis
1296 3898 1364 3954 satis
1380 3915 1471 3966 super·

221 4002 275 4053 que
291 3991 413 4052 apparet,
440 3990 606 4054 quantopere
624 3985 659 4037 ab
677 3984 789 4054 antiqua
813 3987 1000 4041 Romanorum
1022 3984 1162 4039 literarum
1181 3985 1351 4054 obligatione
1374 3985 1471 4036 distent

220 4069 408 4137 vinograpba,
427 4085 498 4139 quae
515 4067 651 4124 debitores
665 4071 730 4122 darc
747 4072 835 4124 soient
849 4069 1038 4133 creditoribus,
1056 4085 1143 4138 eaque
1157 4070 1243 4137 Gajns
1258 4070 1293 4137 (ξ.
1305 4071 1382 4137 130.)
1397 4077 1471 4122 sumt

219 4157 327 4214 mavia
344 4155 458 4216 ummo,
476 4155 605 4224 qnoniam
623 4157 722 4208 &ntur
740 4155 866 4223 mnqqe
883 4160 1051 4222 reponuntur
1075 4173 1142 4209 eum
1160 4154 1187 4208 is
1206 4157 1297 4216 tinem
1325 4160 1357 4206 ut
1374 4155 1471 4220 probu-

220 4240 343 4306 tioqlbus
360 4239 490 4299 octenos
509 4240 674 4309 quaudoque
693 4240 850 4294 inserviant.
871 4242 926 4300 Sed
944 4242 1088 4302 audiemus
1107 4243 1198 4308 ipsum
1215 4242 1254 4298 im
1271 4241 1357 4292 rerba
1374 4240 1471 4294 taeiea·

219 4330 287 4378 tem:
306 4325 531 4389 ,‚Aliaoausaest
548 4341 642 4378 eornm
653 4325 802 4390 nominum,
821 4342 891 4395 quae
906 4325 1011 4380 arcario
1026 4329 1171 4387 uocantum
1189 4325 1218 4378 in
1235 4324 1278 4378 bis
1296 4324 1369 4380 cuim
1383 4341 1469 4376 rerum

211 4409 270 4474 ‘(al.
287 4409 389 4477 rebor),
405 4427 459 4462 nou
479 4407 628 4463 litterarum
654 4409 784 4476 obligatio
807 4411 949 4464 consistit:
974 4409 1075 4480 quippo
1100 4427 1155 4464 uon
1174 4410 1251 4464 aliter
1268 4409 1369 4472 valent,
1390 4425 1469 4478 quam

220 4491 242 4542 si
261 4499 403 4547 numerata
420 4493 458 4547 sit
474 4491 596 4560 pecunia.
612 4523 643 4536 -
657 4495 720 4558 Qua
730 4496 764 4547 de
782 4511 865 4548 cause
882 4501 953 4548 recte
972 4495 1101 4558 dicemus,
1120 4496 1227 4576 creona
1245 4495 1353 4546 nomina
1371 4495 1469 4546 nuttam

211 4573 311 4657 sumre
330 4575 519 4644 eddqanausm,
536 4581 584 4632 mi
599 4580 762 4648 obligationis.
770 4582 865 4648 suetas
883 4578 1055 4632 mennonium
1071 4577 1231 4649 ,arnelerrss’
1256 4581 1342 4634 Haud
1361 4579 1469 4647 quidem

247 4737 268 4771 θ
