3130 5148
460 411 462 418 .
541 352 890 414 rnoosnrurs.
1293 349 1341 422 2³

89 521 213 607 sequuti
229 530 307 586 sunt
317 521 438 606 Gajnrn
452 521 817 606 a),quemlmperator‚
833 522 888 588 vel
896 523 1008 606 potius
1015 521 1251 603 tribonianus,
1261 521 1341 586 ideo

88 651 173 693 suum
195 637 306 693 vocat.
329 619 428 691 (loni.
450 629 493 692 de
513 650 555 692 eo
579 629 666 714 Gajo
688 627 823 713 Menag.
845 633 1048 694 Amoenitntt.
1064 631 1133 712 jur.
1154 634 1210 693 cia.
1221 651 1254 712 p.
1269 629 1341 692 464.

88 738 258 801 Bertrand.
278 737 318 814 de
332 738 510 820 Junrpmr.
525 736 621 800 lew.
641 735 733 828 uuit,
747 735 841 800 Grot.
863 737 924 800 Va.
936 737 1096 800 iurecons.
1110 737 1152 798 II.
1168 735 1198 800 7.

661 891 689 974 §.
711 891 762 956 31.

492 1007 581 1060 Codes
602 1008 729 1096 repetitu
746 1007 940 1076 praelectionis.

162 1109 236 1173 Sed
258 1130 303 1174 ne
323 1108 378 1170 bic
400 1107 534 1194 quidem
555 1108 701 1174 substitit
718 1109 898 1174 Iustiniani
922 1107 1106 1194 diligentia.
1130 1107 1239 1188 Quum
1254 1107 1343 1172 enim

88 1220 172 1304 prior
189 1217 253 1282 ille
273 1217 393 1282 Codex
408 1238 521 1300 parum
539 1217 698 1303 placeret,
720 1225 754 1281 et
770 1218 803 1280 in
817 1215 926 1280 multis
945 1216 1138 1281 Pandectae
1152 1217 1193 1280 ab
1213 1237 1255 1278 eo
1276 1215 1343 1278 dis-

88 1335 262 1412 creparent
276 1330 328 1407 t):
348 1325 459 1390 denuo
470 1325 504 1388 V
520 1313 601 1389 viris'
617 1325 687 1412 ejus
701 1326 968 1390 emendationem
981 1323 1234 1388 commendavit.
1242 1323 1342 1388 Unde

88 1436 207 1521 prodiit
215 1451 332 1499 connx
340 1437 490 1516 repetitae
496 1435 727 1516 protectioni,
739 1435 814 1512 (seu
822 1431 1074 1518 potiusCodicis
1088 1431 1233 1516 repetita
1245 1451 1343 1516 prae-

87 1544 226 1629 lectio),
237 1541 468 1628 promulgatus
487 1561 576 1604 anno
594 1539 808 1625 DXXXIV,
822 1541 922 1608 XVI.
935 1539 1013 1606 Kal.
1030 1541 1131 1622 Dec,
1154 1539 1210 1626 qui
1226 1539 1343 1602 etiam-

87 1675 155 1716 num
178 1660 302 1716 exstat.

664 1763 694 1846 §s
714 1761 766 1826 aa

644 1878 781 1932 Nouellae.

157 1981 328 2067 'Denique
350 1979 564 2063 Justinianus,
588 1988 716 2045 uteret
740 1980 783 2044 ad
810 1983 1000 2047 mutandum
1033 1988 1344 2081 emendandumque
1448 2061 1452 2066 ,

82 2092 131 2175 jus
148 2089 323 2176 proclivis,
344 2087 447 2152 multa
469 2088 503 2152 in
524 2077 748 2174 superioribus
771 2087 865 2152 libris
887 2091 1096 2177 promulgata
1121 2097 1193 2181 ipse
1212 2097 1345 2162 sustulit

89 2207 119 2264 et
131 2199 285 2280 mutarit,
302 2197 403 2260 editis
418 2197 557 2262 subinde
572 2197 667 2260 novis
682 2196 985 2280 constitutionibus,
1002 2221 1083 2284 quas
1099 2205 1343 2268 novnnnnsad-

87 2306 212 2390 pellant
225 2310 275 2386 r).
293 2305 430 2368 *Novem
458 2324 567 2367 earum
600 2303 829 2385 collectiones,
853 2303 920 2387 vel,
948 2314 984 2369 ut
1009 2307 1149 2372 barbare
1173 2317 1344 2393 vocantur,

87 2418 263 2478 collationes
276 2435 297 2476 a
311 2413 478 2498 cujusnam
495 2433 592 2476 manu
607 2411 683 2494 sint,
697 2433 811 2494 parum
827 2419 957 2476 constat
972 2415 1017 2496 ¹).
1028 2413 1102 2480 Nec
1115 2437 1229 2484 omncs
1240 2419 1263 2482 J
1265 2417 1345 2482 usti-

154 2664 189 2730 p)
210 2663 313 2714 Exstat
324 2658 471 2711 etiamnum
488 2671 547 2710 ossi
559 2655 755 2710 Institutionum
768 2657 825 2709 sive
842 2657 968 2724 epitome,
982 2659 1040 2713 sive
1058 2653 1297 2728 α’ποσπασμᾰτιον,
1308 2662 1344 2716 ab

88 2745 190 2800 Aniano
209 2745 371 2811 Wisigotlro
390 2749 534 2807 servatum,
552 2748 634 2811 atque
652 2741 715 2794 hinc
733 2741 796 2794 inde
814 2743 1014 2812 interpolatum,
1030 2747 1105 2814 quod
1122 2763 1184 2798 cum
1203 2745 1265 2798 aliis
1283 2747 1344 2814 ejus

88 2827 241 2895 fragmentis
259 2817 450 2896 luculentoque
462 2826 656 2880 commentario
674 2826 760 2879 edidit
771 2827 829 2878 Jac.
849 2827 969 2882 Oiselius
987 2835 1015 2882 et
1031 2831 1098 2894 suis,
1113 2831 1284 2900 aliorumque
1295 2832 1344 2884 ad·

86 2913 159 2978 jectis
177 2915 261 2979 notis,
282 2915 346 2967 Ant.
363 2913 510 2983 Schulting,
528 2916 556 2966 in
567 2913 687 2982 Jurispr.
701 2922 790 2964 vetere
807 2914 1213 2984 ansquetintanea.sn9d.13at.
1231 2920 1306 2971 1717.
1317 2921 1343 2971 4.

90 2999 128 3064 (et
136 2997 164 3050 ia
173 3013 250 3064 corp.
257 2999 313 3064 jur.
322 2999 449 3064 antejust.
459 2999 549 3050 Boon.
560 2999 638 3050 Fasc.
649 2998 671 3048 1.
681 2997 713 3048 Ρ.
723 3003 748 3051 2.
761 3014 790 3063 p.
803 3003 825 3050 1.
837 2997 893 3066 M.)
905 2999 1003 3052 Secula
1017 3005 1106 3054 tamen
1119 3001 1173 3054 xl.
1184 3001 1344 3068 integriores

89 3084 172 3136 adbuc
190 3083 361 3150 superfuisse
380 3083 444 3150 Gaji
457 3083 650 3147 institutiones,
669 3099 703 3134 ex
716 3082 787 3148 Cyni
805 3084 865 3135 loco
877 3083 1046 3136 memorabili
1058 3086 1178 3138 ostendit
1189 3087 1343 3154 Bynkersb·

91 3168 119 3218 de
135 3167 190 3219 reb.
210 3186 299 3220 niune.
323 3188 346 3220 c.
365 3173 391 3222 7.
409 3183 436 3234 p.
459 3173 518 3222 107.
538 3167 620 3219 Heia.
648 3167 711 3218 Jam
729 3169 779 3220 bac
797 3173 892 3220 nostra
909 3171 997 3219 aetate
1015 3168 1136 3220 sincerae
1155 3171 1218 3234 Grq‘i
1235 3171 1344 3224 institu-

90 3253 182 3316 tiones‚
199 3269 232 3305 ac
251 3255 307 3305 tere
325 3252 454 3317 integrae,
468 3253 496 3305 in
515 3252 678 3305 bibliotheca
692 3251 834 3318 capitulari
848 3249 1001 3306 Veronensi
1018 3267 1036 3304 a
1053 3253 1203 3306 Niebuhrio
1222 3259 1344 3320 repertae

90 3343 114 3389 ct
130 3353 146 3389 a
162 3337 190 3389 J.
207 3338 254 3388 Fr.
273 3337 305 3388 1..
320 3338 491 3390 Goeschcnio
512 3337 631 3404 primurn
649 3337 737 3390 editae
755 3343 826 3391 suut.
851 3339 933 3391 Berol
959 3341 1035 3391 1820.
1053 3337 1097 3390 ed.
1115 3343 1141 3392 2.
1159 3338 1226 3392 ibid.
1242 3337 1346 3404 prodiit

92 3427 162 3476 1814.
182 3423 213 3475 ln
231 3437 307 3488 corp.
323 3422 381 3488 jur.
396 3423 476 3474 Rom.
495 3423 623 3490 antejust.
642 3427 733 3474 exstat
749 3422 863 3476 Heisteri
875 3423 959 3476 editio
971 3425 1049 3477 Fasc.
1063 3425 1086 3478 1.
1096 3439 1115 3490 p
1139 3430 1162 3496 1.
1176 3439 1219 3494 sq.
1238 3421 1326 3477 liscill.
1415 3481 1419 3490 ¹

156 3509 188 3574 q)
208 3507 331 3572 Accedit,
349 3507 424 3574 quod
442 3523 528 3559 novae
543 3505 625 3560 etiam
642 3513 707 3572 post
721 3507 839 3574 priorem
853 3507 974 3562 codicem
992 3510 1145 3564 conlecttim
1162 3511 1252 3564 editae
1268 3515 1346 3564 erant

92 3593 301 3655 constitutiones,
324 3591 354 3643 in
372 3591 471 3658 quibus
490 3591 608 3644 eminent
626 3593 815 3661 quinquaginta
833 3591 983 3664 decisiones,
1001 3600 1122 3648 veterum
1140 3595 1346 3648 alteroedoaum

92 3691 169 3730 causa
176 3676 346 3744 propositae.
363 3675 428 3728 Vid.
443 3681 522 3729 const
547 3676 630 3728 Cordi
642 3675 716 3728 nobis
731 3678 765 3728 de
779 3677 884 3728 emend.
898 3678 986 3730 codic.
1004 3677 1026 3745 ξ.
1044 3685 1068 3731 l.
1083 3683 1110 3732 2.
1124 3685 1151 3734 ὁ.
1164 3682 1248 3746 nugo
1262 3682 1297 3734 a.
1308 3682 1344 3732 (1.

94 3765 316 3826 prosa-1086.
336 3760 379 3811 ed.
398 3759 452 3812 XI.
471 3761 609 3814 Zimmern
623 3762 658 3813 R.
678 3763 713 3813 G.
731 3761 753 3827 ἐ.
772 3764 815 3812 49.
835 3760 923 3814 Mitti.

156 3848 184 3912 r)
203 3845 249 3896 De
265 3844 368 3912 quibus
385 3846 453 3912 jam¹
464 3845 527 3899 vide
549 3845 649 3898 librum
672 3845 936 3910 praestantissimum
952 3849 984 3900 F.
999 3849 1032 3901 Α.
1050 3847 1168 3911 Bieueri,
1185 3847 1234 3915 qui
1251 3846 1346 3898 inscri-
1427 3843 1430 3850 '

96 3929 177 3982 bitur:
193 3931 295 3982 Gesch.
314 3931 364 3982 der
381 3929 514 3982 Noveltcn
531 3930 703 3984 iustinian’s.
722 3931 786 3982 Ber.
807 3935 883 3983 1824.
902 3931 990 3984 Mitt.
1415 3927 1420 3936 ’

158 4017 186 4082 s)
207 4017 303 4081 ipsam
327 4016 400 4068 euim
424 4016 638 4078 Tribonianum,
656 4014 705 4081 qui
728 4015 899 4067 Nouellarum
922 4017 1108 4068 collectionem
1129 4012 1256 4081 promisit
1277 4014 1299 4080 ξ.
1318 4019 1345 4066 4.

98 4097 179 4151 Cant.
200 4101 284 4153 Cordi
299 4097 375 4150 nota
394 4100 426 4150 de
444 4100 555 4152 Emend.
577 4100 641 4152 Cori.
668 4104 806 4151 aumorem
828 4100 903 4152 haud
926 4117 1001 4163 esse,
1021 4102 1118 4152 velex
1142 4098 1205 4150 stilo
1223 4096 1344 4168 adparet.

95 4180 147 4233 Nec
162 4183 249 4251 magis
268 4186 304 4236 de
322 4184 508 4251 Berguntione
526 4184 620 4251 liquet.
639 4184 721 4236 Heia.
741 4184 865 4236 Certiora
880 4185 914 4236 de
931 4185 1107 4236 Novellarum
1128 4183 1157 4234 in
1174 4196 1272 4234 novem
1289 4185 1347 4236 col·

96 4267 202 4322 lationes
220 4270 404 4335 descriptione
423 4269 500 4336 (licet
517 4269 664 4320 etiamnum
688 4273 783 4320 auctor
800 4266 860 4333 ejus
877 4268 1031 4334 igrmretur)
1050 4262 1178 4318 iuvenies·
1189 4267 1263 4330 apud
1283 4267 1347 4320 Bie-

96 4365 184 4406 ...ιω
201 4356 220 4405 1.
238 4358 256 4407 r.
276 4371 304 4420 p.
317 4357 471 4409 arr-ass
488 4341 516 4406 ει
533 4355 567 4405 ‹re
579 4354 698 4420 savigny
716 4354 815 4407 ceses.
828 4352 855 4403 a
868 4354 903 4405 n.
922 4354 957 4405 n.
975 4352 1013 4403 sm
1030 4349 1189 4404 anniane.
1201 4353 1281 4406 rom.
1293 4353 1345 4406 nr.

97 4435 117 4501 ξ.
135 4442 189 4491 184.
208 4445 236 4492 et
252 4441 275 4508 ξ.
296 4443 357 4494 198.
379 4443 436 4492 194.
462 4439 559 4492 ’1.111.
583 4439 612 4492 iu
629 4440 693 4504 adp.
711 4454 740 4505 p.
755 4443 816 4492 486.
835 4439 869 4496 T.
887 4437 923 4490 V.
941 4453 970 4502 p.
994 4439 1039 4488 62.
1057 4440 1085 4488 et
1106 4427 1221 4504 iurisdp.
1239 4453 1267 4504 p.
1285 4442 1346 4493 671.
