3080 5154
389 359 443 426 Ds
470 363 634 430 lssaunrs
662 309 708 430 er
735 363 947 432 Lunrrsrs.
1248 371 1297 439 93

49 539 167 608 scilicet
180 536 277 604 -ulim
301 535 496 617 habebatur,
518 557 590 600 curn
617 537 719 600 servis
743 536 930 624 vilibusque
955 538 1142 604 bominibus
1163 541 1295 606 adcum-

51 652 132 729 bere,
154 647 266 730 iisque
292 666 360 708 nen
382 643 474 726 lecti,
493 644 553 707 sed
569 640 736 725 subsellia,
759 652 855 708 erant
875 656 1001 730 parata.
1023 647 1113 712 Hinc
1134 651 1296 732 parasitus

52 755 129 840 apud
145 753 258 818 Plaut.
275 752 308 816 in
329 752 434 814 &mbo
452 754 524 814 Act.
541 754 601 813 III.
611 773 654 814 so.
666 750 698 814 2.
713 772 741 813 a.
754 751 806 814 32.
823 773 867 834 sq.

207 861 312 924 Haud
322 861 448 940 postulo
465 861 615 942 equidem,
628 880 678 920 ms
697 863 729 920 ἐκ
742 861 820 922 teoto
836 861 1037 924 adcumbere-
1098 927 1101 936 ,

208 968 280 1030 Scis
297 975 342 1039 tu,
356 987 405 1028 nne
419 987 488 1028 osse
502 971 560 1028 sirii
568 967 697 1028 sudsellt
711 970 822 1028 amm.

50 1079 87 1140 Et
100 1077 132 1140 in
151 1074 273 1140 eadem
292 1071 466 1136 comoedia
484 1072 666 1136 servideus
688 1075 759 1135 Act.
783 1075 818 1135 V.
834 1073 916 1136 sab
934 1095 962 1138 a.
972 1074 1023 1138 21.

209 1217 234 1228 -
248 1215 274 1226 -
292 1217 316 1227 -
347 1181 459 1242 Potius
477 1185 509 1242 in
524 1182 667 1242 subsellia

209 1289 324 1369 opauco
338 1292 535 1368 coaptemur,
558 1307 651 1370 quam
669 1291 702 1350 s'a
720 1290 815 1350 lectis.

48 1405 139 1484 Quod
163 1404 191 1468 si
211 1424 295 1488 ergo
314 1423 426 1468 servus
442 1403 619 1487 juberetur
639 1402 850 1486 adcumbere,
870 1404 998 1489 signum
1018 1403 1173 1472 hocerat
1195 1407 1293 1473 datae

47 1515 221 1578 libertatis:
236 1511 325 1574 Plin.
342 1512 444 1594 spat,
462 1513 531 1573 VII.
543 1510 595 1574 16.
617 1509 693 1588 Quo
709 1519 745 1574 et
757 1510 850 1576 locus
867 1511 947 1574 Luc.
962 1535 988 1576 e.
1001 1511 1051 1576 12.
1066 1512 1156 1578 aaz
1179 1537 1199 1578 a
1211 1537 1294 1580 non-

48 1623 136 1686 nullis
150 1621 307 1686 refertur.
331 1618 400 1683 Sed
416 1630 451 1682 et
466 1620 520 1683 bic
536 1620 559 1683 J
561 1619 742 1685 ustiuianus
758 1620 904 1704 quinque
925 1620 1113 1701 amicorum,
1128 1631 1295 1707 tamquam

49 1731 181 1824 testium,
200 1727 317 1820 exegit
340 1729 562 1812 praesentiam
582 1729 620 1788 1..
635 1749 689 1790 urs.
713 1728 741 1808 §.
756 1727 786 1789 2.
811 1729 843 1788 G.
858 1729 897 1790 de
912 1728 987 1793 Lat.
1001 1729 1050 1790 tit.
1074 1731 1136 1792 toll.
1159 1729 1243 1794 Sunt
1260 1737 1295 1794 et

49 1839 98 1902 alii
118 1837 212 1902 modi
240 1835 497 1899 innumerabiles
522 1835 663 1898 Latinae
684 1834 858 1916 libertatis,
886 1837 934 1899 uti
962 1836 1011 1900 ait
1032 1836 1236 1902 Justinianus
1257 1839 1294 1904 L.

48 1953 119 2010 unu.
140 1947 173 2007 0.
190 1947 233 2007 de
246 1944 353 2006 Latin.
368 1945 467 2006 libert.
486 1945 549 2006 toll.
571 1942 637 2024 Sic,
653 1943 807 2026 imposita
822 1965 928 2028 puero
950 1944 1044 2010 bulla
1059 1952 1094 2007 et
1106 1954 1293 2030 praetexta,

49 2054 98 2116 illc
110 2053 325 2117 manumissus
340 2051 552 2114 credebatur:
576 2050 711 2113 Sueton.
728 2052 855 2113 declar.
873 2053 1001 2115 libetur.
1025 2074 1051 2116 e.
1062 2052 1092 2114 1.
1114 2052 1293 2120 Mnnumis-

49 2184 93 2226 sus
115 2162 316 2225 censebatur
333 2180 456 2242 servus,
479 2179 577 2244 quem
600 2156 750 2220 dominus
767 2159 847 2222 actis
871 2153 1170 2225 intervenientibus
1191 2160 1294 2226 filium

48 2275 229 2351 vocaverat,
246 2267 394 2351 quamvis
411 2266 444 2329 id
465 2287 530 2329 non
554 2265 721 2328 sufficeret
737 2264 777 2328 ad
794 2265 1027 2348 adoptionem:
1049 2268 1077 2348 §.
1098 2267 1149 2329 12.
1164 2268 1241 2330 Inst.
1257 2270 1296 2330 do

49 2380 143 2460 adopt.
158 2383 188 2459 ⁰)
215 2378 313 2457 Item,
331 2375 358 2437 si
374 2374 496 2439 ancilla
510 2397 530 2438 a
551 2373 687 2437 domino
704 2357 879 2436 matronali
895 2372 1010 2436 habitu
1027 2373 1151 2436 donata
1167 2373 1294 2457 fuisset,

49 2485 97 2548 vel
124 2507 247 2567 servus,
273 2483 410 2586 domino
436 2480 585 2564 volente,
609 2481 771 2566 signasset
796 2479 945 2544 tabulas:
971 2467 1186 2560 Quinctilian.
1207 2483 1295 2545 Dect.

49 2579 195 2656 XXXIV.
218 2594 291 2656 Imo
309 2599 344 2655 et
360 2591 474 2654 mortis
499 2611 611 2654 caussa
629 2590 738 2653 datam
761 2609 832 2652 esse
853 2589 1014 2676 ejusmodi
1034 2589 1234 2672 libertatem,
1252 2611 1294 2653 ex

47 2692 83 2761 ²1..
101 2701 148 2762 15.
169 2703 210 2764 D.
229 2702 465 2763 doManamr'ss.
484 2702 604 2783 probat
618 2697 742 2761 Merssl.
761 2697 832 2760 Oba.
851 2698 888 2759 L.
906 2698 974 2759 VII.
990 2719 1015 2760 c.
1027 2699 1077 2760 14.

629 2868 658 2951 s.
680 2867 710 2930 9.

239 2985 319 3038 Sosi
333 3001 527 3054 nonnumquam
545 2985 601 3054 ipro
609 2985 678 3056 jure
696 2981 842 3036 libertatem
859 2990 921 3062 mpt
938 2983 1096 3050 coaequati.

122 3087 281 3172 Denique
309 3087 434 3172 etipse
452 3088 541 3173 jure,
572 3084 710 3149 nolente
733 3084 813 3148 licet
836 3082 982 3164 domino,
1007 3082 1110 3144 servis
1135 3103 1295 3145 nonnum-

53 3215 138 3276 quam
165 3195 358 3259 libertatem
385 3193 604 3278 competiisse,
627 3179 795 3256 novimus.
809 3191 946 3255 Caussas
969 3213 988 3252 a
1009 3188 1197 3252 Jnstiniano
1223 3189 1294 3250 fere

53 3301 191 3366 inventas
206 3309 237 3387 r)
265 3295 422 3367 adcurate
438 3310 588 3366 recenset
599 3302 753 3364 Thomas
768 3300 802 3364 in
811 3299 895 3362 Dias.
910 3299 948 3362 de
965 3297 1032 3361 Usu
1042 3307 1145 3382 praet.
1160 3297 1295 3360 distinct.

53 3409 120 3472 bom.
132 3415 166 3474 ia
182 3416 288 3493 tugen.
306 3421 336 3477 et
352 3413 451 3476 libert.
466 3433 492 3474 c.
506 3412 536 3473 1.
548 3411 578 3492 §.
593 3409 643 3475 12.
754 3447 802 3472 ι..

615 3578 644 3659 6.
666 3576 717 3638 10.
795 3649 797 3654 ,
840 3607 842 3612 v

419 3693 614 3746 Libertinensis
632 3709 714 3745 uuum
731 3692 805 3759 intuo
821 3707 911 3760 penus.

126 3794 283 3857 Ceterum
303 3793 533 3880 antiquissimis
548 3793 751 3878 temporibus
769 3813 835 3854 una
854 3799 926 3854 erat
947 3792 1131 3880 eademque
1152 3791 1295 3855 omnium

55 3903 312 3966 manumissorum
331 3901 482 3965 libertas:
512 3903 674 3988 siquidem
696 3899 949 3964 manumissione
973 3922 1039 3964 non
1064 3901 1168 3964 solum
1195 3896 1296 3962 liber-

55 4015 154 4091 tatem,
170 4009 231 4074 sed
260 4016 295 4071 et
317 4008 460 4074 civitatis
472 4012 550 4095 jura
572 4012 870 4094 consequebantur,
892 4008 994 4093 idque
1012 4008 1199 4072 instituerat
1219 4007 1297 4069 Ser-

55 4114 269 4199 viusffnllins,
283 4117 341 4200 qui
355 4124 390 4180 et
404 4117 476 4202 ipse
492 4117 669 4182 libertinae
685 4116 795 4179 fuerat
809 4115 1024 4179 conditionis:
1039 4115 1177 4198 Dionys.
1186 4113 1296 4176 Halic.

113 4373 144 4439 ο)
163 4374 207 4426 De
225 4388 282 4441 quo
300 4375 362 4426 loeo
379 4375 427 4426 etr.
446 4373 565 4427 Dirksen
584 4376 665 4426 Vens.
683 4389 710 4439 p.
722 4375 764 4425 86.
783 4375 840 4426 not.
858 4375 900 4424 60.
920 4370 1051 4437 Sabilling
1069 4369 1194 4422 Bemert.
1213 4386 1240 4436 p.
1253 4374 1297 4422 36.

56 4469 91 4520 tq.
105 4465 157 4510 not.
174 4461 216 4512 67.
235 4459 370 4512 Schrader
389 4458 418 4512 in
435 4467 488 4512 aot.
506 4461 542 4511 ad
558 4459 624 4512 last.
639 4459 664 4510 Ιι.
683 4461 700 4510 1.
720 4457 807 4510 nunt.

114 4543 145 4609 p)
165 4544 267 4596 Parum
281 4547 361 4596 scete.
380 4543 450 4596 Nam
465 4545 526 4598 vide
544 4561 639 4599 causas
653 4555 668 4595 a
681 4543 836 4596 Zimmctno
856 4541 1001 4595 recensitas
1016 4541 1050 4593 R.
1066 4542 1098 4593 G.
1111 4540 1131 4606 ς.
1141 4543 1199 4591 211.
1214 4537 1299 4590 Mille!-
