3030 5160
358 419 413 487 Du
438 417 613 486 Beronum
637 399 926 485 Possussronrsrrs.
1199 413 1271 486 503

35 613 95 654 rnen
110 591 160 653 bic
181 590 298 655 titulus
313 591 416 656 dabit.
438 593 548 677 Saepe
566 593 672 674 euim,
693 589 749 656 uhi
772 607 1017 656 nennulrn'ruu
1035 591 1203 675 negabant
1218 589 1270 654 le-

34 722 90 782 ges,
104 700 281 764 Praetores
296 700 419 765 dabant
432 717 595 764 sonorum
616 714 863 766 Possessrortnu
876 703 921 782 ⁶),
940 717 1038 784 quum
1055 707 1164 762 tamen
1184 699 1271 762 inter

34 829 66 868 ea
78 807 253 890 vocabula,
270 809 359 892 quod
377 809 418 873 ad
435 807 588 872 effectum
604 805 742 887 attinet,
758 827 869 890 parum
887 806 1206 871 differentiae'esset.
1227 885 1232 898 ἱ

549 934 553 940 ’
602 985 632 1066 s.
653 984 683 1046 1.

272 1103 346 1162 Qrss‘d
361 1101 488 1156 imorum
503 1103 642 1168 possessio,
660 1101 724 1171 quid
736 1101 866 1170 possessis
883 1097 1028 1158 benammi

102 1201 207 1279 Quum
229 1201 285 1265 hic
305 1203 339 1266 in
356 1201 661 1266 vocabulis-luserit
682 1202 834 1283 Praetor,
859 1197 901 1263 de
923 1200 997 1282 ipso
1022 1198 1082 1262 illo
1105 1196 1269 1261 vocabulo

36 1309 182 1393 praetorio
212 1309 376 1374 nonnulla
405 1309 648 1394 praemittenda
674 1317 757 1372 sunt.
783 1307 977 1372 ,Notandum
1001 1328 1100 1392 ergo,
1125 1304 1268 1388 plerum·
1343 1352 1345 1358 .
1446 1392 1450 1402 .

36 1439 85 1500 quc
113 1417 244 1482 differre
270 1434 434 1481 acuonuu
464 1432 729 1504 rosssssrouun,
757 1425 791 1480 ct
818 1427 1066 1480 rossnssrourur
1097 1425 1269 1478 soucnuu'.
1372 1409 1377 1422 '

37 1524 87 1587 lita
114 1527 198 1590 enim
223 1525 448 1588 hereditatem
474 1525 697 1599 Praetorium
727 1523 811 1586 baec
831 1522 922 1586 illam
952 1520 1209 1606 possessionem,
1235 1522 1269 1584 in

39 1651 114 1714 quam
134 1633 329 1715 creditores,
344 1631 500 1717 legatarii
516 1631 616 1696 aliive
631 1631 903 1711 immittebantur,
915 1629 1069 1694 denotat:
1084 1629 1270 1693 Brissonius

37 1737 66 1798 ic
80 1741 153 1801 verb.
173 1743 282 1823 signff.
303 1763 336 1822 p.
355 1763 394 1802 m.
415 1739 446 1802 4.
475 1737 668 1804 Vocabatur
695 1738 793 1803 etiam
819 1739 994 1804 Praetoria
1018 1737 1081 1802 ista
1102 1735 1271 1802 hereditas

39 1845 166 1908 absolute
189 1865 387 1930 rossussro,
408 1857 442 1911 et
459 1846 597 1912 Graecis
617 1847 743 1933 διαδοχή
762 1847 817 1912 vel
840 1843 1015 1930 drascrqu‘.
1037 1845 1136 1910 Unde
1152 1846 1273 1930 Ulpia-

39 1972 84 2013 nus
110 1955 255 2018 'situlum
270 1956 353 2016 -s'X
354 1955 440 2018 VIII.
474 1957 746 2042 Fragmentorum
776 1955 925 2018 inscribit
954 1956 993 2016 de
1018 1955 1271 2017 Possessionibus

40 2061 140 2122 dandis.
161 2061 215 2125 Ad
239 2083 338 2147 quam
361 2062 524 2126 rubricam
546 2063 679 2148 quidem
701 2063 856 2130 observat
877 2061 920 2125 V.
937 2061 974 2124 C.
997 2059 1220 2144 Schultingius
1237 2085 1272 2144 p.

41 2164 303 2233 671.vocabulum
318 2174 524 2254 possessionis
547 2169 741 2253 simpliciter
760 2169 825 2232 hoc
849 2189 944 2231 sensu
968 2190 1034 2231 non
1055 2169 1163 2234 solere
1181 2192 1273 2234 usur-

41 2274 110 2352 pari:
136 2277 192 2340 sed
214 2277 310 2342 aliud
330 2278 486 2352 evincunt
502 2279 539 2341 L.
560 2278 609 2340 12.
624 2279 666 2338 Ι).
689 2278 728 2340 de
745 2276 877 2338 Oarion.
900 2278 988 2338 edict
1003 2277 1040 2338 Ιι.
1055 2275 1106 2336 77.
1121 2277 1149 2357 s.
1164 2277 1214 2339 31.
1231 2279 1272 2340 D.

42 2380 180 2463 umgas.
194 2383 225 2446 2
247 2385 444 2470 Aliquando
461 2393 496 2447 et
510 2384 927 2466 hereditabmssessshnem
943 2381 1028 2466 apud
1045 2391 1176 2446 veteres
1192 2383 1272 2468 legi,

38 2483 89 2565 jan
109 2491 295 2557 observavit
307 2493 463 2580 Cujacius
483 2495 657 2556 Observatt.
674 2489 732 2553 IV.
748 2490 797 2553 16.

604 2662 633 2743 s.
655 2659 685 2722 a

433 2778 507 2838 Quid
521 2779 555 2830 sit
571 2777 698 2830 bonorum
713 2776 861 2843 possessio?

105 2875 245 2960 Ulpiano
264 2879 302 2942 L.
313 2879 344 2944 3.
360 2879 428 2961 §.2
438 2882 480 2940 D.
495 2880 533 2942 de
547 2880 628 2940 Bon.
642 2897 775 2958 possess.
791 2895 950 2938 cononum
961 2895 1139 2938 possessio
1155 2887 1203 2942 est
1212 2882 1272 2961 jus

39 2989 223 3064 sacopenii
235 2988 430 3048 retinendive
440 2989 632 3067 patrimonii,
647 2987 712 3044 siae
726 2986 783 3054 rei,
799 3003 886 3068 quaex
897 2985 1057 3065 cujusque,
1073 3005 1167 3064 prtum
1182 2963 1274 3048 mori-

43 3092 90 3158 tur,
98 3090 168 3166 suit.
185 3090 253 3158 Sed
270 3114 368 3178 quum
383 3091 496 3178 paullo
512 3092 683 3154 obscurior
698 3112 737 3154 ea
754 3090 795 3154 sit
811 3090 961 3154 definitio
978 3091 1007 3170 ⁸¹)
1021 3117 1028 3153 r
1043 3091 1163 3156 rectius
1177 3093 1273 3156 dixs-

43 3189 85 3272 ris,
105 3217 169 3262 esse
193 3201 415 3266 hereditatem
436 3195 585 3284 personis
604 3197 796 3282 quibusdam
813 3199 890 3282 jure
913 3197 1003 3261 civili
1024 3197 1225 3264 inhabilibus
1239 3205 1269 3280 ²)

44 3328 312 3354 Ἣ

96 3403 122 3466 0)
140 3407 266 3462 hectoris
283 3412 310 3460 et
327 3405 494 3475 reliquorum
512 3404 661 3471 superioris
679 3403 739 3456 sevi
756 3405 933 3471 interpretum
950 3402 1056 3468 πρῶτον
1077 3400 1180 3462 ψεῦδος
1198 3402 1225 3456 in
1240 3419 1273 3456 eo

44 3491 152 3552 veruetur,
169 3497 201 3544 ut
219 3491 273 3546 sibi
290 3490 491 3557 persuaserint,
509 3491 544 3542 ad
568 3490 702 3542 bonorum
720 3488 922 3554 possessionem
947 3489 1039 3543 soced
1056 3489 1199 3542 dumtaxat
1215 3503 1272 3553 cos,

45 3565 80 3628 iii
94 3577 268 3629 successionis
286 3593 323 3628 ers
337 3575 401 3642 jure
417 3575 491 3628 civili
509 3574 564 3627 siut
577 3565 712 3640 eirpcrtes,
731 3589 747 3625 a
766 3589 821 3642 quo
839 3591 930 3628 errore
946 3575 1025 3628 facite
1043 3574 1095 3630 sibi
1113 3587 1208 3627 cavere
1223 3589 1273 3641 po·
1292 3603 1293 3608 κ

44 3648 146 3723 tuissent,
166 3661 190 3713 si
217 3662 353 3714 bonorum
380 3659 565 3726 possessionis
592 3677 627 3711 ex
650 3659 739 3711 edicto
768 3660 841 3710 Unde
863 3660 970 3728 ispitimi
992 3675 1125 3712 memores
1149 3660 1273 3714 fuissent.

45 3732 150 3795 Ceterum
168 3746 201 3798 dc
218 3747 331 3800 notione
347 3751 375 3797 et
392 3744 496 3810 origine
515 3746 541 3798 b.
561 3761 588 3811 p.
613 3745 668 3798 vid.
686 3760 741 3797 von
759 3744 833 3796 Liihr
852 3743 869 3797 l.
882 3745 899 3798 l.
918 3747 948 3798 T.
964 3745 1013 3797 ΙΙΙ.
1032 3749 1274 3810 p.217-224.ac

45 3831 102 3875 ssim·
119 3832 143 3880 b.
160 3829 225 3884 ibid.
250 3849 277 3898 p.
295 3836 347 3884 250
362 3833 468 3884 460.
495 3835 578 3899 atque
596 3829 722 3882 Foerstcr
746 3831 778 3882 ds
803 3831 840 3884 B.
863 3833 900 3883 P.
924 3831 1029 3896 liberor.
1044 3837 1164 3899 praeter.
1183 3831 1272 3883 Praei.

45 3915 66 3964 Ρ·
74 3911 152 3966 l-lti.
163 3915 250 3970 Haut.
260 3916 330 3970 Add.
338 3916 485 3980 Dernburg
491 3915 511 3967 1.
519 3915 535 3966 i.
545 3931 572 3981 p.
580 3919 638 3968 186.
649 3931 709 3985 sqq.
719 3916 740 3982 ξ.
748 3918 790 3968 28.
798 3916 920 3967 Frauctre
930 3917 946 3969 l.
958 3916 1121 3984 l.p.·97.sqq.
1132 3915 1272 3968 Fabricius

46 3983 81 4040 il·
102 4009 127 4058 p.
145 4004 182 4052 17.
199 4019 259 4071 sqq.
277 4003 320 4055 cf.
341 4001 472 4054 Huschke
491 3999 509 4052 l.
526 3997 543 4050 l.
561 4015 587 4065 p.
603 4005 698 4055 6-11.
717 4000 780 4053 Vid.
805 4005 831 4051 et
846 3999 917 4052 inira
939 4005 995 4058 not.
1013 4001 1075 4052 ead
1093 4002 1114 4068 ᾗ.
1126 4003 1151 4053 2.
1169 3999 1257 4054 Miiiri.

100 4079 130 4146 d)
149 4085 184 4137 nt
200 4089 255 4140 vid.
272 4085 413 4138 Fabricius
431 4086 448 4138 l.
465 4086 481 4137 i.
499 4100 526 4150 p.
541 4089 583 4137 44.
597 4091 640 4138 45.
658 4085 746 4139 Miiisi.
796 4125 808 4133 .

101 4164 128 4228 e)
145 4169 207 4226 vid.
225 4188 296 4240 quae
319 4175 414 4222 eontra
434 4171 573 4236 vulgarem
595 4172 698 4224 huncce
723 4186 842 4224 errorem
867 4169 1030 4223 Hauboldus
1046 4173 1132 4235 'supra
1158 4172 1229 4238 (not.
1241 4174 1270 4237 c)

47 4247 141 4303 monuit.
158 4253 297 4317 Quaedam
315 4265 405 4312 tamen
423 4253 506 4308 etism
520 4255 650 4308 addenda·
665 4273 725 4326 esse
743 4257 877 4320 videntur,
891 4261 926 4308 ut
943 4271 997 4308 uon
1015 4256 1098 4306 modo
1116 4270 1131 4306 a
1147 4255 1271 4321 turpissi-

48 4324 88 4377 n'n
103 4341 232 4395 erroribus
249 4343 302 4396 sibi
321 4347 434 4395 caveant
450 4341 562 4403 tirones,
580 4357 674 4394 verum
693 4342 774 4396 etium
796 4341 922 4404 habeant,
945 4339 1018 4391 unde
1041 4337 1156 4390 rectiora
1173 4343 1273 4402 petant.
1372 4373 1381 4378 -

49 4404 98 4464 ³³³¹
114 4423 256 4493 antiquitus
282 4431 416 4484 bonorum
439 4426 581 4492 possessio
607 4427 751 4496 adunandi
767 4427 842 4498 juris
863 4426 944 4479 civilis
962 4443 1040 4478 causa
1067 4425 1129 4476 data
1151 4429 1200 4486 cst,
1220 4424 1236 4477 i.
1249 4443 1272 4479 e.

49 4491 103 4550 nihil
118 4514 179 4574 crat,
196 4512 248 4567 nisi
265 4514 423 4568 hereditatis
440 4511 587 4578 possessio,
607 4510 632 4562 ei
642 4513 861 4576 ,accommodata
880 4511 928 4580 qui
946 4512 980 4563 ad
994 4517 1029 4563 te
1045 4509 1179 4575 pertinere
1197 4509 1273 4561 here-

52 4575 144 4643 diffliem
161 4599 330 4660 probabiliter
346 4597 511 4652 ostenderat.
538 4596 601 4658 Qua
624 4597 659 4648 dc
676 4614 706 4649 re
723 4597 763 4648 sic
784 4597 904 4652 edixisse
929 4598 1037 4651 videtur
1054 4598 1182 4648 Praetor:
1202 4595 1226 4646 si
1242 4597 1284 4648 ἄρ’
