3062 5156
404 378 458 448 Da
482 379 577 450 June
603 380 742 464 Quium.
769 383 824 451 Er
848 381 959 452 Crvrr.
1237 393 1308 460 att

65 553 248 616 Senatorem
260 555 373 638 ejusve
384 553 470 617 filios
481 565 664 640 nepotesve
677 565 711 620 et
722 557 904 642 libertinas,
915 559 1048 642 lenas,a
1059 562 1182 626 lenone
1195 583 1308 628 manu·

64 660 172 741 missas,
185 680 319 745 easque,
330 683 416 746 quae
425 671 528 726 artem
540 662 698 730 ludicram
711 666 945 740 exercuissent,
954 669 1009 732 vel
1021 668 1105 734 filias
1115 691 1239 754 eorum,
1249 673 1306 756 qui

64 767 213 850 ejusmodi
230 776 334 830 artem
354 768 522 834 fecissent:
537 770 575 831 L.
590 771 642 834 44.
652 793 704 853 pr.
718 774 759 834 D.
778 773 817 834 de
834 773 897 835 ns.
912 785 999 857 nrcpt.
1023 777 1090 839 Dio
1109 777 1198 842 Cass.
1217 781 1304 844 LIV.

64 873 105 937 16.
125 872 234 950 Quum
251 878 336 939 enim
348 877 418 960 jam
433 876 480 940 M.
494 876 644 944 Antonio
655 877 722 942 hoc
738 880 819 942 vitio
838 879 948 943 datum
967 881 1078 962 fuerit,
1099 885 1189 968 quod
1203 885 1307 950 liber-

64 981 114 1042 tini
130 981 234 1044 factus
250 991 337 1046 esset
354 1005 475 1068 gener:
494 983 564 1047 Cic.
582 986 715 1068 Ptr'lrttp.
728 989 770 1048 Π.
783 986 835 1050 28.
852 988 957 1052 multo
978 990 1084 1054 minus
1103 990 1240 1076 dignum
1257 992 1305 1057 vi-

65 1089 190 1151 debatur
213 1090 317 1154 seculi
335 1091 499 1177 Augustei
524 1091 703 1173 felicitate,
722 1094 922 1158 senatorium
949 1101 1141 1181 sanguinem
1163 1101 1305 1184 ipsarum

63 1195 486 1280 libertinarum,'lenarum,
518 1221 556 1262 ac
585 1202 793 1264 meretricum
818 1203 1053 1267 commixtione
1079 1208 1307 1270 contaminari.

65 1303 202 1367 Scenicas
232 1325 311 1368 vero
335 1327 472 1387 uxores,
497 1314 632 1390 praeter
653 1309 731 1372 artis
757 1310 946 1392 infamiam,
969 1313 1068 1375 etiam
1095 1313 1129 1376 id
1153 1315 1306 1398 indignas

65 1412 222 1474 senatoriis
246 1413 370 1495 nuptiis
388 1414 553 1477 reddebat
568 1415 612 1495 i),
630 1416 718 1499 quod
737 1417 921 1502 pleraeque
943 1419 1039 1483 simul
1055 1421 1249 1505 turpissimis
1270 1441 1305 1483 se

64 1518 242 1582 libidinibus
264 1520 298 1583 in
323 1519 394 1604 ipsa
420 1542 519 1584 scena
546 1523 809 1606 praestruebant,
828 1527 1104 1609 quemadmodum
1128 1550 1170 1591 ex
1193 1528 1305 1591 Plauti

61 1631 174 1708 protego
190 1629 297 1690 Oasin.
311 1628 457 1692 ostendit
471 1629 601 1712 Lipsius
616 1633 754 1694 Elector.
765 1634 791 1696 I.
802 1633 852 1696 11.
869 1633 956 1696 Rem
970 1655 1102 1698 omnem
1119 1635 1305 1700 adcuratius

65 1735 259 1817 exposuimus
274 1736 308 1824 ip
329 1737 495 1800 Commeat.
511 1739 555 1798 ad
567 1737 605 1800 L.
620 1737 684 1801 Jut.
698 1747 730 1801 et
744 1741 826 1823 Pup.
842 1742 941 1824 Pupp.
958 1739 996 1805 L.
1013 1744 1056 1805 II.
1074 1765 1101 1806 c.
1116 1745 1145 1807 l.

628 1891 656 1971 s.
677 1889 727 1953 sc.

158 2003 312 2057 Libertinos
330 2005 427 2056 ducere
445 2003 508 2056 olim
524 2023 578 2058 non
597 2003 685 2059 licuit:
703 2017 732 2059 at
745 2011 868 2076 permisit
884 2011 927 2064 lea·
948 2013 1036 2084 Papia
1055 2013 1194 2082 Poppaea.

131 2093 184 2169 Ad
203 2105 350 2190 reliquos
368 2106 456 2191 quod
475 2107 594 2169 attinet
608 2107 782 2192 ingenuos,
796 2109 921 2175 licebat
938 2112 977 2174 iis
991 2113 1166 2177 libertinas
1181 2134 1302 2176 rrxores

65 2213 170 2276 ducere
186 2235 245 2298 per
261 2213 373 2298 legem
391 2214 529 2298 Papiam
547 2214 758 2298 Poppaeam:
778 2220 814 2279 L.
829 2217 880 2281 22.
898 2221 939 2280 D.
952 2221 991 2282 de
1005 2222 1083 2282 nrm
1097 2231 1186 2303 nupt.
1201 2223 1239 2288 L.
1253 2221 1303 2282 15.

68 2322 93 2384 0,
111 2325 144 2384 de
164 2323 263 2405 Nupt.
288 2321 389 2399 Quod
414 2321 491 2384 ideo
511 2332 700 2405 receptum,
722 2325 799 2408 quia
822 2335 890 2388 tum
910 2326 1015 2408 major
1037 2336 1108 2390 erat
1129 2326 1304 2390 libertina-

66 2449 138 2510 rum,
156 2451 251 2514 quam
267 2431 495 2513 ingenuarum,
515 2430 626 2514 copia:
644 2429 712 2492 Dio
730 2430 819 2496 Cass.
835 2433 919 2496 Hist.
934 2433 1022 2497 LIV.
1036 2431 1086 2495 16.
1110 2433 1188 2511 Quo
1204 2433 1252 2514 fit,
1267 2441 1303 2496 ut

68 2543 95 2597 et
108 2545 219 2600 vetera
241 2558 404 2600 marmora
419 2558 519 2622 saepe
540 2537 750 2601 meminerint
766 2539 911 2624 conjugii
935 2540 1052 2606 civium
1076 2563 1147 2604 cum
1165 2541 1303 2605 liberta-

67 2643 123 2705 bus.
136 2644 286 2708 Reinesii
301 2647 460 2727 Inscr'mtt.
476 2649 633 2728 antiquar.
653 2649 753 2708 Closs.
769 2647 860 2708 XIV.
870 2669 903 2730 p.
920 2647 992 2710 759.
1007 2671 1092 2712 num.
1108 2671 1240 2713 crrxr.

615 2773 647 2816 n.
670 2772 705 2815 nr.

391 2879 420 2922 c.
441 2875 592 2925 snmus.
613 2875 826 2925 nnsrmurus

454 2985 558 3030 ruem.
581 2983 654 3031 sier.
677 2985 721 3030 nr

391 3091 542 3138 sanvmu.
566 3091 782 3138 NYMPumntn

387 3199 562 3246 nruunrnu.
584 3198 679 3245 SUAE.
702 3199 745 3245 ur
765 3199 906 3246 contum

386 3304 545 3352 orrnuau.
569 3305 597 3352 Β.
621 3307 654 3352 Μ.
678 3307 731 3352 nu.
755 3307 802 3354 sn.
825 3307 867 3353 ur

392 3413 524 3460 Nicrum.
547 3415 577 3459 n.
601 3416 630 3460 ι..
654 3416 685 3474 Q·
710 3413 737 3482 s.
760 3414 789 3460 P.
811 3416 843 3474 Q.
865 3414 892 3461 s.

70 3553 347 3568 —m—-a

123 3623 144 3690 i)
163 3627 231 3678 Eam
250 3627 337 3691 legem
356 3625 438 3678 latius
456 3623 648 3691 interpretatus
666 3625 702 3676 D.
724 3625 850 3687 Marcus,
869 3622 978 3689 nuptias
998 3625 1159 3678 Senatorum
1184 3641 1246 3676 cum
1265 3625 1304 3676 se·

69 3703 135 3780 minis
153 3707 288 3773 ejusmodi
307 3725 361 3761 non
380 3711 469 3762 solum
487 3709 611 3776 injustas,
626 3726 722 3780 rarum
740 3709 821 3761 etiam
840 3707 940 3772 irritas,
959 3704 1019 3760 esse
1033 3709 1126 3775 jussit,
1145 3711 1223 3776 cujus
1239 3707 1304 3761 scri

67 3792 152 3842 mendo
168 3794 198 3844 tit
217 3795 251 3846 L.
272 3798 312 3848 16.
332 3794 366 3846 D.
385 3795 416 3846 de
437 3794 558 3862 sponsat.
577 3796 613 3846 Et
630 3794 694 3846 hinc
711 3794 781 3846 inter
799 3794 957 3846 Senatorem
975 3798 1003 3845 et
1019 3795 1155 3862 ejusmodi
1172 3787 1304 3860 personas

67 3875 160 3939 nuptiae
177 3894 237 3930 esse
255 3883 388 3944 negantur
406 3877 438 3930 L.
449 3884 491 3932 42.
510 3880 531 3946 t.
551 3885 574 3931 1.
594 3879 628 3932 D.
648 3880 680 3930 de
700 3879 766 3930 Ritu
783 3886 857 3945 nupt.
871 3878 949 3939 adeo,
963 3885 994 3931 ut
1012 3881 1062 3931 hae
1074 3896 1109 3931 ne
1123 3894 1224 3930 uxores
1243 3873 1304 3946 qui·

68 3957 115 4012 dem
128 3964 204 4016 fiant:
222 3967 256 4016 L.
274 3969 316 4016 34.
335 3965 355 4030 ξ.
374 3967 399 4017 3.
424 3966 480 4016 eod.
507 3965 555 4016 scd
582 3963 673 4016 statim
692 3962 747 4015 sint
772 3963 961 4015 dimittendae:
979 3963 1011 4015 L.
1028 3967 1071 4016 43.
1093 3963 1115 4030 ἕ.
1134 3968 1174 4017 10.
1194 3963 1228 4016 D.
1246 3965 1303 4016 eod.

69 4042 130 4105 Quae
146 4050 238 4102 omnia
255 4067 291 4102 ex
305 4051 357 4100 hoc
376 4050 449 4102 SCto
463 4065 531 4112 esse,
545 4049 612 4102 satis
631 4055 745 4102 constat.
759 4050 861 4100 Postea
872 4049 1067 4100 Constantinus
1081 4050 1122 4102 M.
1136 4051 1207 4100 hanc
1218 4051 1306 4114 legem

68 4143 111 4183 nou
127 4137 212 4187 solum
230 4151 248 4187 a
261 4133 448 4197 senatoribus,
466 4135 554 4186 sedet
568 4136 602 4186 ab
617 4134 677 4188 aliis
688 4134 755 4188 viris
772 4131 975 4200 perfectissimis
993 4133 1094 4185 servari
1112 4135 1211 4186 votuit:
1229 4135 1262 4186 L.
1282 4139 1305 4187 l.

69 4213 133 4268 co
150 4221 245 4272 Natur.
264 4219 307 4272 ut.
328 4220 425 4284 (Falso
444 4217 515 4270 enim
532 4219 560 4270 ia
576 4225 653 4272 textu
668 4219 766 4286 legitur
787 4219 936 4282 Macares,
955 4236 1001 4270 sea
1018 4232 1160 4272 rnnerscn
1178 4235 1229 4285 pro
1244 4231 1305 4270 ran-

68 4305 149 4368 rsc'n.)
176 4305 267 4366 Quam
286 4307 373 4370 legem
400 4319 449 4370 per
467 4303 558 4356 omnia
575 4305 692 4358 firmarit
710 4304 868 4362 Marcianus
888 4302 1259 4369 1mp.L.⁷.,0.d01ncot.
1279 4311 1306 4354 ct

67 4383 136 4438 inurit.
154 4397 227 4458 nupt.
242 4389 308 4440 Noc.
327 4389 460 4441 Marcion.
470 4397 534 4456 post
548 4389 612 4442 Dod.
632 4390 681 4443 sn.
695 4388 745 4440 Tit.
764 4389 784 4439 I
791 4389 814 4442 V.
832 4390 869 4440 at
883 4389 990 4440 sublata
1007 4389 1117 4440 demum
1134 4386 1181 4439 illa
1197 4392 1239 4438 est
1256 4402 1305 4452 per

67 4467 91 4522 L.
106 4475 144 4524 2³.
165 4473 193 4527 0.
218 4476 250 4526 de
272 4475 430 4541 Neptune
455 4490 471 4526 a
497 4472 654 4526 iustiniano
680 4473 805 4541 quidem,
827 4478 858 4522 ut
876 4472 1016 4538 inscriptio
1038 4490 1103 4540 prae
1126 4487 1156 4524 sc
1174 4472 1240 4536 fert,
1257 4471 1306 4523 scd

68 4553 202 4623 atestino,
221 4575 302 4626 quem
321 4558 572 4624 taurinensem
591 4561 680 4613 adhuc
691 4557 886 4612 Nobilissimus
901 4559 1011 4623 Caesar,
1022 4561 1058 4614 ad
1076 4557 1208 4612 edendam
1225 4555 1306 4612 istam
