3130 5148
532 357 737 426 Paanrnrro
762 357 884 426 Paron.
1135 384 1139 394 ¹
1231 375 1340 432 xxm
1442 343 1450 356 ⁸

82 542 111 604 in
132 553 301 602 aunario
321 551 479 600 marcore
503 531 653 598 celebrat
676 533 831 598 Granius
844 537 894 614 ⁶),
916 553 961 596 ex
984 553 1051 618 quo
1071 529 1240 616 discimus,
1262 535 1342 598 M

82 669 145 708 eron
158 653 268 708 ratum
285 663 484 726 pensumque
499 642 653 716 babenber,
670 645 735 704 aar
747 641 831 721 quod
843 642 969 722 juetam
985 649 1191 724 metumque
1212 663 1289 720 esse,
1305 647 1340 706 ds

82 755 226 816 &monis
248 764 546 826 aurrourrarraus
567 752 702 831 legaret.
732 747 841 824 Quum
865 767 946 833 ergo
961 747 1033 832 jam
1053 747 1077 810 ii
1098 747 1339 832 iureconsulti,

82 863 133 946 qui
159 859 340 922 florentem
365 856 518 920 viderant
546 855 802 939 rempublicam,
828 855 892 918 hoc
918 855 1085 939 praesidio
1108 877 1222 920 carere
1251 855 1339 921 haud

82 987 172 1051 posse
198 966 415 1030 viderenturr
438 961 519 1048 quid
540 963 584 1024 de
605 963 725 1027 nostris
742 962 887 1026 dicamus
907 963 1131 1046 temporibus,
1150 965 1269 1049 quibus
1291 965 1340 1030 ita

82 1076 242 1138 exstincta
263 1082 315 1138 est
331 1072 483 1136 Romana
509 1067 715 1152 respublica,
739 1068 864 1133 nullum
891 1077 927 1133 ut
943 1078 1067 1151 exstet,
1092 1071 1153 1134 uisi
1173 1072 1208 1135 in
1230 1071 1340 1136 bomi-

81 1204 152 1246 num
181 1180 360 1260 memoria,
384 1177 505 1242 veteris
528 1177 617 1240 illius
639 1177 766 1242 formae
790 1177 987 1262 vestigium?
1018 1175 1119 1242 Aliae
1141 1177 1242 1242 hodie
1264 1187 1340 1244 sunt

82 1287 357 1368 consuetudines,
380 1285 447 1350 alic
468 1285 601 1370 religio,
617 1284 674 1348 alii
690 1284 908 1370 magistratus,
924 1285 990 1348 alia
1005 1286 1146 1371 judicia,
1162 1286 1228 1351 alia
1244 1286 1340 1352 deni·

81 1417 142 1480 que
164 1393 382 1478 imperiorum
408 1402 443 1456 et
470 1391 785 1477 rerumpublicarum
812 1393 925 1457 facies.
953 1393 1133 1456 Et-tamen
1155 1396 1339 1479 peregrinis

81 1504 227 1568 adstricti
238 1501 374 1585 legibus
386 1500 537 1580 vivimus,
549 1520 671 1584 easque
687 1499 901 1582 interpretari
916 1509 951 1564 et
966 1499 1222 1566 obvenientibus
1237 1501 1338 1566 hodie

81 1610 223 1694 negotiis
240 1607 411 1692 adplicarc
427 1608 603 1692 jubemur.‘
617 1606 700 1684 Quis
714 1606 780 1670 hoc
800 1608 1022 1692 praestiterit,
1044 1605 1106 1672 nisi
1122 1609 1180 1695 qui
1201 1610 1340 1694 impres-

81 1741 144 1784 aam
160 1719 273 1782 animo
296 1715 505 1780 circumierat
522 1714 643 1779 veteris
665 1714 754 1778 illius
767 1715 941 1780 Romanae
958 1716 1165 1800 reipublicae
1183 1717 1338 1804 effigiem,

83 1836 131 1906 et,
154 1834 191 1889 ut
213 1825 446 1888 Jusrrruauus
465 1824 496 1904 d)
528 1821 650 1885 alicubi
681 1831 812 1906 monet,
840 1826 919 1886 nitet
947 1841 1193 1901 anrrourrarse
1211 1831 1339 1908 pentus

82 1937 224 2016 ignoret?

161 2038 330 2126 Equidem
349 2039 376 2102 si
392 2038 444 2102 cui
459 2037 523 2101 hoc
542 2037 678 2102 dubium
699 2038 877 2120 videbitur,
894 2059 968 2110 eum
986 2059 1052 2124 ego
1069 2037 1112 2104 ad
1128 2039 1338 2106 Glosaatores

83 2150 257 2227 remittam,
271 2146 315 2210 ad
336 2145 437 2227 illud,
452 2146 603 2229 inquam,
618 2144 784 2210 hominum
803 2165 919 2230 genus,
935 2146 1006 2228 cui,
1023 2149 1187 2214 exstincto
1209 2148 1339 2214 littera-

83 2276 147 2318 rum
169 2255 319 2336 lumine,
341 2262 469 2320 tantum
491 2255 699 2318 statuebatur
719 2254 837 2336 pretii,
862 2262 898 2317 ut
914 2256 1007 2338 quasi
1027 2254 1174 2318 Atlantis
1196 2256 1339 2320 humeris

84 2363 222 2444 coelum,
238 2363 286 2426 ita
304 2379 418 2424 eorum
437 2361 635 2426 auctoritate
646 2359 929 2445 jurisprudentiae
943 2361 1088 2445 dignitas
1104 2361 1273 2426 videretur
1286 2383 1340 2428 su·

83 2471 203 2534 stineri.
228 2470 321 2547 Quid
338 2470 425 2534 enim
448 2469 538 2534 aliud
555 2467 811 2532 eminentissima
832 2466 892 2532 ille
907 2468 1044 2552 ingenia
1064 2469 1098 2532 in
1115 2477 1166 2533 tot
1181 2469 1339 2536 ridiculos

83 2602 117 2644 ac
131 2599 242 2662 paene
264 2577 410 2661 pueriles
432 2598 561 2642 errores
577 2575 738 2660 abripuit,
754 2597 852 2660 quam
868 2577 1100 2661 antiquitatum
1115 2577 1338 2644 Romanarum

82 2687 253 2770 omnisque
266 2685 433 2769 politioris
445 2685 651 2750 litteraturae
669 2679 877 2767 ignorantia?
887 2685 979 2748 Fieri
987 2684 1075 2748 enim
1087 2686 1239 2769 profecto
1249 2687 1339 2754 haud

83 2805 225 2879 poterat,
239 2775 316 2876 pur'n
330 2796 484 2866 domines,
498 2794 571 2874 ejur
585 2794 773 2874 respublicae
785 2795 907 2873 ι’ςπανί,
921 2796 1013 2876 enjus
1026 2796 1159 2876 legeret
1167 2799 1250 2877 juro
1270 2805 1340 2860 tra·

82 2906 391 2982 ctnbont,tamqaasn
401 2903 495 2964 illuni
509 2907 599 2962 nocte
616 2901 684 2962 aare
698 2901 815 2962 lanariae
829 2899 1019 2979 oberrantes,
1035 2922 1129 2984 saepe
1137 2904 1340 2985 offenderent,

82 3033 172 3094 saepe
183 3011 596 3090 laberentur,snepequomb
602 3011 717 3089 potius,
730 3027 823 3088 quarn
835 3026 895 3088 proc
909 3010 1122 3083 instituerant,
1127 3015 1340 3090 peruenirent,

83 3129 116 3182 ut
130 3118 313 3202 eleganter·
332 3116 379 3180 ait
394 3116 441 3178 M.
457 3115 641 3178 Auroruus
655 3114 826 3177 Munurus
841 3118 884 3194 ⁸).
906 3113 982 3176 Non
1003 3116 1151 3197 pudebat
1168 3137 1250 3200 ergo
1269 3127 1339 3183 tum

81 3226 148 3310 legi
161 3228 285 3288 Fessr'oe
295 3223 447 3286 θαηὲηἰασ
460 3226 606 3286 aeonum
620 3221 748 3284 invidia
762 3221 810 3300 f);
825 3220 897 3306 legi
911 3223 1100 3286 Hortensiae
1115 3226 1258 3286 anescio
1273 3247 1339 3309 quo

83 3335 169 3416 Rege
182 3333 359 3396 Hortensio
373 3335 428 3411 ι),·
444 3332 556 3394 calata
575 3330 711 3394 Cantent
725 3352 746 3394 a
761 3327 893 3393 Graeco
909 3328 1003 3406 καλὸς
1016 3329 1049 3411 ¹¹)
1061 3355 1069 3406 3
1085 3338 1223 3415 quartae
1237 3335 1341 3396 Falci·

148 3533 179 3599 c)
202 3532 287 3582 Genu.
306 3529 382 3582 Noct.
400 3530 454 3584 Aet.
474 3529 563 3584 XIII.
583 3534 623 3584 12.

150 3617 184 3684 d)
207 3616 229 3681 §.
251 3621 274 3668 1.
293 3613 359 3666 Inst.
378 3615 409 3666 de
432 3615 544 3667 Testem.
563 3615 648 3666 ordin.

151 3703 181 3768 c)
204 3699 319 3754 Multcr.
338 3699 460 3753 Parcl.
483 3697 559 3750 Orat.
579 3697 679 3750 XVII.
762 3751 765 3758 ,
1387 3737 1397 3744 ,

149 3788 177 3851 l')
198 3783 303 3836 Glauca
318 3784 451 3852 adprinc.
465 3784 532 3836 Inst.
547 3785 578 3836 de
591 3785 662 3852 Leqe
677 3783 739 3836 Fue.
756 3783 822 3836 Con.
840 3785 895 3838 toll.
910 3783 971 3838 edit.
985 3787 1118 3855 antiquiss.
1128 3803 1161 3838 ee·
1170 3787 1257 3840 seculo
1274 3789 1339 3841 XV.

88 3873 192 3935 „me
214 3871 297 3938 dapem
316 3869 425 3920 Iicrr'nm
446 3868 582 3922 Caniniam
593 3869 672 3936 forte
691 3886 706 3918 o
725 3870 851 3937 quodam,
876 3871 922 3938 qui
941 3869 1066 3924 Caninirn
1082 3870 1281 3932 nominabatur,
1299 3874 1340 3928 irt-

90 3956 208 4016 ductam;
226 3963 257 4006 ut
271 3957 298 4006 in
311 3952 471 4006 Publiciana
490 3955 586 4006 dicim
603 3953 669 4022 insr.
688 3954 720 4003 dc
732 3953 883 4006 Acb'onr'bnr
900 3955 922 4021 ξ.
940 3955 1025 4008 Aliae.
1043 3955 1112 4008 Nam
1130 3961 1202 4010 conis
1219 3957 1340 4010 servabat

88 4049 227 4103 naturam,
246 4040 292 4108 qui
308 4046 362 4090 stat
378 4039 406 4090 in
420 4038 512 4106 palen,
540 4040 585 4107 qni
600 4056 649 4091 nec
666 4037 716 4090 ribi
728 4045 817 4106 potest
834 4037 931 4089 babere
947 4039 1067 4106 poleam,
1085 4057 1133 4093 nec
1151 4042 1198 4092 alia·
1212 4044 1342 4108 permittit

89 4126 214 4193 accipere.
234 4125 280 4177 Sic
297 4140 346 4175 nec
364 4121 413 4174 ribi
425 4131 533 4191 poterat
550 4131 639 4174 tenere
656 4140 760 4184 seruos,
778 4124 849 4191 quod
865 4122 1045 4185 morr'edatum
1062 4142 1110 4176 nec
1128 4124 1272 4178 libertatem
1288 4143 1339 4196 pc·
1391 4187 1393 4193 Ι

89 4210 200 4262 ticdctur
216 4211 249 4262 ir's
269 4209 337 4260 dari.
362 4207 436 4259 Unde
453 4209 546 4259 merito
564 4210 669 4261 caninio
687 4209 794 4269 dicitur,
817 4217 847 4260 ut
863 4210 897 4260 rit
913 4225 1072 4277 consequens
1089 4226 1184 4261 nomen
1201 4211 1269 4263 rei.“

154 4295 187 4362 g)
208 4295 311 4347 Glossa
328 4293 366 4344 ad
381 4294 402 4358 ᾗ.
414 4297 439 4345 4.
453 4292 519 4344 Inrt.
534 4293 565 4342 de
582 4292 651 4344 June
668 4301 725 4345 nat.
741 4301 812 4362 pent.
830 4301 856 4345 et
873 4295 920 4347 eiu.
937 4294 1013 4354 „Sed
1025 4293 1073 4345 loc
1087 4291 1217 4346 sublatum
1236 4305 1274 4349 ert
1287 4315 1340 4366 per

93 4377 187 4446 lenem,
206 4380 289 4432 lotam
308 4377 340 4431 cb
360 4378 503 4430 Hortensio
523 4377 624 4444 Repe.“
654 4381 656 4384 '

155 4463 187 4528 lr)
209 4464 311 4515 Glossa
337 4463 373 4514 cd
392 4464 414 4530 ᾗ.
436 4462 594 4515 1.Inst.de
616 4461 730 4517 Tectam.
748 4465 805 4516 ord.
823 4463 958 4525 ,.0nlotr's,
983 4461 1014 4513 id
1030 4469 1084 4524 err,
1111 4459 1183 4516 donis
1200 4465 1279 4519 initiis
1298 4465 1341 4518 acl

93 4548 266 4608 conventibus,
284 4545 372 4606 καλὸς
390 4547 458 4598 enim
476 4544 571 4598 bonnm
589 4547 808 4617 interpretatur.“
1041 4563 1045 4572 ¹
