3062 5164
228 343 299 420 022
364 399 372 405 .
587 289 783 404 Ἀονεπυικ
807 325 882 394 Lm.
908 326 933 394 l.
959 322 1041 396 Car.
1067 323 1108 390 u.

231 513 294 576 tio:
315 531 397 594 quos
415 527 528 572 omnes
544 504 799 584 Decurionibus,
818 501 1019 584 Auguribus,
1035 499 1265 582 Pontificibus,
1283 499 1478 584 adparitori-

232 623 302 702 bus,
318 616 448 696 scribis,
464 613 624 694 librariis,
642 611 876 696 praeconibus,
896 609 1101 692 architectis,
1119 609 1232 687 mulis,
1248 608 1478 690 tabernaculis,

231 722 458 812 supellectile,
480 720 696 806 janitoribus,
725 717 938 801 stipatoribus
964 716 1112 802 corporis
1138 716 1312 800 magnifice
1338 725 1478 795 ornatos,

231 841 430 920 potestatem
452 829 487 894 in
506 836 614 894 cerras
638 848 742 890 annos
764 825 947 909 accepisse,
967 847 1034 890 non
1056 825 1196 888 obscure
1217 823 1343 888 indicat
1364 823 1478 887 Cicero

230 936 585 1024 Agrar.11.12.1335.
609 935 656 998 Hi
672 955 752 1020 ergo
771 935 819 998 ita
831 934 1004 998 constituti
1028 934 1203 1017 ornatique
1220 955 1326 996 novos
1346 932 1478 996 colonos

232 1051 266 1114 in
282 1069 389 1134 agros,
400 1047 478 1130 lege
491 1043 656 1125 delinitos,
668 1045 727 1108 sub
745 1042 883 1124 vexillo,
895 1042 987 1127 quasi
1004 1043 1184 1108 exercitum
1198 1041 1387 1126 quemdam,
1403 1041 1479 1105 edu-

232 1159 370 1220 cebant:
394 1154 462 1217 Cic.
478 1155 561 1216 Pbr‘l.
575 1151 682 1223 IMO.
696 1150 841 1234 Appian.
856 1151 895 1212 ‹le
909 1152 1011 1214 Bellis
1026 1155 1103 1214 orbr‘l.
1119 1153 1144 1215 Ι.
1157 1150 1209 1214 24.
1225 1149 1399 1213 Plutarchi
1418 1149 1478 1232 Caj.

235 1265 367 1326 Graccls.
387 1285 414 1324 c.
430 1262 460 1326 9.
475 1283 519 1344 op.
548 1260 616 1324 Ubi
632 1258 674 1324 ad
692 1258 889 1323 destinatum
907 1267 1130 1342 pervenerant
1146 1259 1275 1340 locum,
1296 1279 1416 1320 novam
1431 1279 1478 1320 ur-
1521 1319 1522 1322 ,

233 1372 308 1434 bem
331 1379 364 1434 et
383 1391 497 1454 agrum
511 1371 542 1449 ¹)
572 1375 682 1432 aratro
706 1366 1030 1445 circumscribebaut‚
1051 1388 1093 1431 eo
1116 1387 1224 1448 more,
1246 1387 1347 1450 quem
1374 1365 1477 1450 paullo

234 1483 309 1564 post
330 1479 497 1562 sequentis
517 1475 596 1540 libri
614 1473 713 1538 titulo
732 1475 838 1558 primo
857 1473 1112 1558 explicabimus,
1133 1473 1340 1559 singulisque
1361 1473 1475 1536 colonis

234 1586 306 1673 agri
321 1595 448 1671 partem
467 1584 701 1668 adsignabunt:
720 1583 793 1646 Liv.
806 1583 864 1644 IV.
878 1583 930 1648 47.
941 1585 1114 1648 XXXVII.
1127 1583 1179 1646 57.
1200 1581 1322 1646 Omnia
1338 1603 1416 1646 vero
1425 1583 1477 1646 fie-

139 1761 144 1768 ,
236 1697 316 1760 bant
328 1694 511 1780 auspicato,
527 1700 562 1757 et
574 1692 669 1754 factis
686 1690 863 1771 sacrificiis,
882 1691 1062 1778 additaque
1081 1692 1289 1773 lustratione,
1306 1701 1345 1755 ut
1360 1713 1404 1754 ex
1418 1691 1473 1756 Cic.

236 1807 370 1885 Plalspp.
389 1803 431 1863 II.
447 1802 497 1864 40.
515 1805 634 1884 Agrar.
649 1800 692 1861 ΙΙ.
710 1798 759 1861 12.
780 1798 934 1882 adparet,
953 1823 996 1864 ex
1019 1824 1085 1887 quo
1109 1801 1214 1886 etiam¹
1224 1807 1373 1883 constat,
1396 1800 1477 1864 nefas
1523 1849 1524 1860 ,

236 1911 346 1992 fuisse,
366 1909 529 1972 coloniam
545 1909 664 1971 iterum
680 1927 722 1970 co
737 1905 915 1990 deducere,
933 1931 1000 1994 quo
1013 1918 1112 1976 antea
1128 1910 1272 1974 deducta
1287 1908 1401 1972 fuerat.

800 2077 829 2158 §-
849 2075 921 2140 laa.
949 2114 953 2119 -

701 2191 824 2246 Coloniae
841 2195 1023 2262 quotuplicer?

320 2289 492 2375 Ceterum,
514 2300 550 2355 ut
569 2292 765 2378 municipia,
785 2294 831 2358 ita
849 2293 1002 2359 coloniae
1025 2318 1092 2360 non
1117 2303 1212 2360 erant
1231 2295 1326 2359 unius
1351 2295 1477 2381 generis.

236 2408 335 2472 Aliae
356 2412 451 2470 erant
468 2419 585 2466 orvrusr
607 2419 844 2484 nounnonuu,
864 2402 949 2466 aliae
970 2421 1105 2481 carna,
1132 2404 1219 2468 aliae
1239 2421 1372 2468 mames
1394 2403 1476 2467 Juris.

236 2515 335 2580 Aliae
356 2532 456 2597 porro
474 2525 631 2574 roolran
646 2510 701 2573 vel
721 2510 893 2595 plebejae,
910 2511 996 2576 aliae
1015 2528 1199 2578 ammanus
1217 2511 1424 2577 dicebantur.
1442 2513 1476 2576 Et
1525 2571 1526 2576 ,

237 2622 295 2686 has
311 2621 411 2706 signis
425 2611 619 2704 quibusdam
635 2617 668 2681 in
686 2620 791 2682 nuruis
810 2606 961 2701 discerni,
977 2604 1155 2684 observant
1170 2620 1303 2686 eruditi.
1324 2620 1473 2684 Coloniae

154 2799 157 2818 Ι
238 2729 325 2794 enim
344 2727 499 2814 plebejae
520 2733 645 2803 aratro;
663 2727 822 2791 militares
843 2727 937 2814 signo
957 2728 1092 2794 militari
1109 2730 1306 2814 plerumque
1324 2730 1476 2794 denotan-

236 2847 299 2904 tur.
322 2836 418 2916 Quae
433 2843 573 2900 aratrum
592 2841 626 2897 et
642 2835 734 2920 signa
743 2837 900 2921 jungunt,
922 2836 1082 2920 indicant,
1098 2839 1232 2923 primam
1252 2837 1476 2902 deductionem

236 2969 254 3010 e
272 2944 407 3027 civibus,
425 2942 687 3030 supplementum
705 2964 723 3005 e
738 2945 905 3008 veteranis
922 2943 1081 3010 militibus
1097 2947 1206 3028 fuisse,
1222 2955 1258 3011 ut
1273 2953 1373 3011 notat
1383 2943 1476 3030 Rapb.

190 3052 195 3058 ’
235 3054 369 3120 Fabret.
387 3055 431 3117 od
446 3055 577 3116 column.
600 3053 728 3133 Trajan.
743 3073 776 3132 p.
792 3051 843 3113 10.
857 3075 901 3138 sq.
925 3053 1066 3120 Addunt
1082 3054 1142 3120 alii
1163 3054 1229 3119 alia
1252 3055 1365 3142 signa,
1386 3052 1476 3120 veluti

237 3162 384 3228 Strauch.
401 3163 439 3224 de
458 3161 570 3244 Berpl.
586 3181 611 3222 o.
629 3157 723 3221 211.
742 3159 834 3244 quod
862 3161 1015 3226 coloniae
1035 3163 1146 3228 Italici
1161 3164 1245 3249 juris
1267 3163 1478 3248 praetulerint

236 3273 270 3335 in
289 3271 394 3335 nunris
417 3269 520 3332 virum
538 3268 603 3332 ritu
626 3266 766 3335 Gabino,
777 3268 929 3353 cinctum,
952 3278 987 3333 et
1002 3271 1121 3335 bovem
1138 3280 1304 3358 agentem.
1326 3271 1411 3336 Add.
1428 3271 1473 3334 Jo.

234 3378 426 3444 Harduinus
446 3377 621 3442 Aatr'rrlrct.
632 3396 667 3456 p.
683 3373 754 3440 136.
782 3377 872 3459 quod
892 3379 1002 3444 Italici
1027 3389 1061 3444 et
1081 3379 1194 3444 Latini
1215 3382 1299 3466 juris
1325 3380 1477 3452 coloniae,

239 3491 337 3573 (quas
356 3507 417 3570 pro
437 3485 553 3548 iisdem
569 3482 702 3564 babet),
718 3483 817 3546 nullis
840 3481 941 3570 signis
962 3489 996 3550 in
1017 3490 1121 3552 numis
1145 3489 1398 3573 distinguantur.
1421 3484 1477 3552 Sed

235 3593 453 3660 haecomnia
482 3592 675 3679 plerumque
701 3591 785 3655 falsa
814 3613 900 3675 esse,
920 3596 990 3679 jam
1022 3595 1079 3659 alii
1109 3597 1301 3662 docuerunt.
1324 3597 1405 3661 Vid.
1428 3597 1478 3661 Ea.

234 3702 409 3788 Spanhem.
433 3703 472 3764 de
494 3723 555 3765 aaa
577 3708 606 3761 et
625 3709 747 3781 praest.
769 3707 913 3766 aoausm.
940 3705 1022 3766 Tom.
1044 3707 1087 3766 ΙΙ.
1100 3729 1135 3788 p.
1154 3705 1226 3770 602.
1255 3716 1289 3771 et
1314 3709 1378 3770 orb.
1401 3707 1478 3768 Rom.

303 3912 326 3978 1)
347 3910 390 3962 De
407 3909 475 3962 urbe
492 3922 535 3960 res
560 3911 633 3958 certa
652 3911 694 3958 est
715 3923 751 3958 cx
775 3907 841 3962 locis
861 3909 1007 3974 varronis,
1027 3909 1183 3976 Plutarchi,
1201 3912 1374 3980 aliorumque
1395 3913 1479 3978 paullo

233 4001 297 4062 post
313 3993 371 4046 Lib.
388 3994 413 4046 Ι.
436 3993 486 4046 Ta.
498 3992 539 4045 11.
554 4010 581 4046 a.
592 3996 618 4046 6.
629 3991 791 4047 auferendis.
810 3997 899 4059 Agros
918 4011 1028 4064 qnoque
1046 4013 1155 4050 vomere
1172 3996 1403 4062 circumscriptos,
1416 4000 1480 4064 palcl

234 4097 270 4131 cx
288 4081 349 4132 loco
368 4078 454 4132 Cicer.
474 4077 703 4147 philippam.
724 4076 868 4132 Catilinam
886 4081 1015 4136 coloniam
1033 4083 1237 4152 dedicatoriam
1253 4085 1425 4152 eratpaacia
1441 4099 1479 4134 aa·

117 4209 120 4222 ,
232 4166 274 4217 ru's
292 4174 353 4218 aare
373 4165 497 4228 deducta,
515 4173 543 4216 at
567 4163 692 4216 uexillum
719 4163 836 4225 tolleres,
854 4174 880 4218 ct
897 4175 1018 4220 aratrum
1041 4169 1266 4228 circumduceret,
1286 4170 1364 4238 cujas
1385 4169 1479 4238 quiden

232 4266 337 4301 vomere
349 4257 459 4318 portam
482 4247 588 4318 Capuae
607 4266 693 4316 paene
706 4251 901 4317 perstrinxisti,
920 4252 1084 4318 atflorealr'a
1106 4254 1224 4308 coloniae
1246 4255 1413 4308 territorium
1440 4253 1479 4304 sai-

229 4343 365 4388 aarretur.
383 4334 463 4388 Heia.
490 4336 523 4388 ln
539 4334 688 4397 coloniam,
707 4349 777 4402 quae
799 4336 940 4402 auspicato
964 4352 1015 4404 pro
1039 4353 1116 4392 more
1134 4339 1250 4392 deducte
1265 4343 1352 4401 esset,
1371 4341 1437 4392 dum
1453 4352 1479 4388 ea

230 4427 303 4472 esset
310 4417 468 4485 incolumis,
487 4433 559 4474 nova
575 4417 683 4472 colonia
702 4419 799 4472 deduci
817 4435 872 4472 non
890 4427 1004 4488 poterat,
1020 4427 1096 4476 ulex
1112 4424 1169 4476 Cio.
1188 4423 1309 4493 Plr'b'pp.
1324 4426 1365 4478 Il.
1384 4421 1478 4488 colligit

231 4508 280 4560 Ea.
299 4507 443 4572 Spanhem.
462 4505 499 4556 ad
518 4504 708 4556 Callimachum
722 4523 750 4572 p.
769 4509 811 4558 80.
834 4505 915 4557 Caua.
