3062 5164
552 371 734 438 numm
758 370 834 438 Lm
860 370 885 438 l.
908 369 995 440 Car.
1022 371 1082 438 Π.

755 546 785 627 §f
807 547 879 610 138.

537 677 712 747 Exceptum
728 680 860 748 quaedam
876 679 955 749 huju
971 679 1088 747 repulse.

275 793 343 856 Sed
361 795 509 878 quamvis
526 795 611 858 haec
635 797 746 859 omnia
769 806 861 860 recte
882 818 918 859 se
939 795 1102 858 babeant:
1124 815 1191 856 uon
1212 815 1310 856 uuam
1332 799 1451 856 tamen

193 900 372 965 admittunt
388 903 631 988 exceptionem.
651 903 766 966 Primo
782 905 881 987 enim,
896 913 933 968 ut
948 926 1046 988 supra
1061 902 1212 982 diximus,
1225 901 1316 964 haud
1331 900 1451 984 paullo

192 1007 312 1072 melior
326 1018 397 1074 erat
420 1012 569 1075 conditio
585 1011 777 1074 Latinorum
801 1020 836 1075 et
849 1012 1027 1093 Italorum,
1042 1012 1100 1096 qui
1123 1019 1234 1074 tamen
1250 1018 1286 1071 et
1305 1009 1370 1092 ipsi
1385 1029 1452 1091 pe-

192 1117 333 1201 regrinis
356 1127 433 1182 ante
455 1118 566 1204 legem
581 1118 705 1183 Iuliam
727 1119 999 1183 adcensebantur.
1020 1117 1154 1183 Deinde
1169 1116 1280 1180 multis
1293 1115 1453 1200 peregri-

193 1224 244 1287 nis
267 1226 536 1291 concedebantur
557 1227 720 1313 quaedam
735 1228 813 1312 jura
834 1228 1029 1309 Quiritium,
1050 1225 1107 1288 vel
1127 1223 1293 1290 beneficio
1319 1221 1450 1307 populi,

194 1331 251 1396 vel
266 1332 444 1398 clementia
454 1335 661 1419 Principum.
682 1335 738 1398 Sic
754 1337 825 1420 jam
849 1357 947 1421 supra
967 1335 1229 1415 observavimus,
1244 1333 1362 1396 datum
1378 1351 1450 1392 esse
1525 1401 1526 1424 ,

195 1440 388 1525 quibusdam
411 1443 597 1528 peregrinis
609 1441 665 1526 jus
685 1443 859 1526 connubii,
881 1444 1010 1527 patriae
1031 1442 1222 1527 potestatis,
1237 1437 1448 1504 testamenti·
1525 1511 1526 1518 ἵ

195 1547 358 1612 factionis.
379 1551 424 1613 Et
443 1549 508 1613 hoc
530 1559 581 1613 est
599 1551 734 1614 celebre
755 1551 840 1615 illud
855 1553 928 1637 jus,
943 1551 1060 1614 utendi
1080 1561 1180 1635 toga,
1206 1549 1297 1633 cujus
1322 1547 1448 1609 mentio

194 1656 232 1719 lit
249 1656 288 1719 L.
300 1656 352 1719 32.
369 1659 410 1718 1).
426 1659 467 1718 de
480 1659 558 1720 Iure
563 1659 649 1736 sisci
671 1657 818 1722 Adcedit
834 1660 953 1741 tertio,
970 1658 1071 1744 quod,
1085 1659 1165 1722 licet
1174 1659 1252 1742 jure
1267 1655 1443 1733 Quiritium
1525 1721 1526 1744 ἦ

195 1765 310 1827 testari
328 1763 417 1826 haud
439 1774 575 1847 possent
590 1767 780 1850 peregrini,
799 1763 919 1842 liceret
939 1777 1052 1831 tamen
1073 1767 1121 1829 eis
1142 1767 1296 1827 adversus
1317 1766 1448 1825 absidis

196 1893 276 1934 suae
292 1874 378 1952 leges
394 1877 511 1933 testari
519 1876 568 1952 ¹),
586 1875 635 1936 uti
654 1875 702 1937 ait
719 1874 882 1958 Ulpianus
897 1877 1027 1957 Fragm.
1045 1877 1119 1937 XX.
1137 1875 1189 1936 14.
1209 1871 1281 1935 Ubi
1295 1871 1449 1932 adanam

197 1977 287 2040 idem
311 1998 383 2040 esse
408 2000 446 2042 ac
475 1981 664 2052 secundam,
686 1981 757 2064 jam
781 1982 910 2065 pridem
937 1985 1153 2046 observanmt
1179 1979 1243 2044 viri
1269 1977 1448 2057 eruditi1).

198 2083 339 2164 Quarto,
363 2085 466 2150 multa
484 2087 586 2150 etiam
608 2088 643 2150 in
665 2087 816 2152 fraudem
835 2090 946 2174 legum
963 2089 1238 2173 commodumque
1252 2085 1449 2171 peregrino-

196 2215 268 2256 rum
283 2193 415 2257 fuerant
428 2193 573 2258 inventa.
595 2194 651 2258 Sic
669 2198 801 2260 tametsi
822 2198 905 2261 nibil
921 2219 964 2261 ex
983 2192 1183 2262 testamento
1198 2215 1318 2280 capere
1339 2199 1451 2277 posset
1525 2197 1526 2202 ’

198 2301 406 2386 peregrinus:
421 2312 514 2366 recte
528 2312 640 2366 tamen
663 2311 698 2366 et
712 2305 791 2388 jure
811 2305 1015 2391 aliquamdiu
1032 2305 1188 2388 capiebat
1201 2325 1263 2386 per
1277 2303 1451 2366 fideicom-

198 2411 345 2473 missum:
359 2411 389 2492 5.
403 2411 432 2472 1.
448 2412 526 2474 lost.
541 2412 581 2472 de
595 2413 791 2474 Fides‘comm.
806 2415 911 2476 iered.
927 2414 1074 2498 quamvis
1090 2419 1209 2497 postea
1225 2411 1338 2474 omnia
1355 2407 1451 2472 fidei-

199 2518 370 2580 commissa
383 2518 418 2579 in
431 2517 580 2580 fraudem
597 2517 710 2602 legum
722 2519 850 2602 relicta,
861 2522 955 2585 irrita
975 2542 1047 2584 esse
1054 2520 1190 2606 jusserit
1208 2518 1332 2582 SCtum
1347 2517 1452 2580 Plau-

200 2624 346 2688 cianum:
361 2625 398 2686 L.
413 2623 465 2686 59.
477 2625 507 2706 5.
526 2623 558 2688 1.
573 2626 615 2686 Ι).
630 2629 674 2689 ud
686 2627 726 2689 L.
741 2631 830 2690 Fata.
847 2628 927 2712 Ulp.
940 2631 1074 2711 Fragm.
1089 2627 1196 2689 XXV.
1211 2626 1262 2688 17.
1280 2623 1374 2710 quod
1392 2623 1448 2686 sub

199 2741 350 2815 tempora
368 2730 584 2814 Vespasiani,
606 2733 653 2796 Μ.
674 2733 813 2798 Plancio
833 2736 926 2799 Varo
946 2735 1093 2799 Consule
1120 2735 1163 2798 ad
1181 2733 1339 2798 Senatum
1361 2731 1452 2796 refe-

199 2847 307 2922 rente,
326 2837 493 2901 conditum
511 2860 600 2922 esse,
617 2842 817 2927 conjecimus
832 2843 866 2905 in
885 2843 997 2905 Onnum
1016 2846 1062 2905 od
1070 2845 1107 2905 11.
1123 2843 1187 2905 Jul.
1205 2851 1237 2904 et
1250 2842 1334 2924 Pup.
1353 2843 1452 2923 Popp

201 2949 244 3010 11.
259 2946 290 3008 6.
303 2967 337 3028 p.
354 2945 426 3009 192.
442 2967 486 3028 sq.
514 2947 672 3034 Denique
692 2948 796 3012 multa
818 2951 938 3014 sensim
960 2952 1019 3013 sub
1041 2950 1303 3034 Imperatoribus
1328 2957 1453 3012 mutata
1525 2945 1526 2966 ’

202 3063 294 3136 sunt,
319 3075 405 3138 quae
425 3056 553 3141 antiqui
574 3057 720 3121 Romani
740 3057 775 3118 in
794 3057 1044 3142 peregrinorum
1065 3057 1176 3121 odium
1199 3057 1452 3120 constituerant.
1525 3039 1526 3116 Ῑ

202 3161 258 3226 Sic
279 3183 377 3247 quum
404 3173 512 3226 castra
530 3168 603 3226 olba
627 3185 696 3238 eos,
721 3183 798 3246 quos
821 3167 866 3227 ad
890 3167 1012 3228 labores
1033 3176 1066 3228 et
1081 3168 1226 3248 pericula
1250 3166 1450 3248 coemebant,

193 3271 362 3350 fastidioso
378 3272 536 3351 legerent5
559 3280 596 3335 ut
618 3273 665 3335 ait
683 3271 812 3334 Seneca
828 3273 931 3356 Epist.
943 3274 995 3335 44.
1010 3281 1129 3357 postea
1146 3273 1246 3336 etiam
1263 3273 1446 3356 provincia·
1525 3301 1526 3330 l

201 3378 306 3460 libus,
324 3400 363 3442 ac
378 3377 523 3461 denique
545 3379 624 3462 ipsis
643 3378 808 3462 barbaris,
825 3379 918 3443 locus
941 3404 1008 3443 non
1032 3381 1138 3443 solum
1159 3381 1249 3443 inter
1272 3379 1399 3444 auxilia
1418 3387 1451 3440 et
1525 3435 1526 3440 ,

203 3487 326 3566 socios,
349 3484 407 3547 sed
424 3486 506 3549 etin
523 3487 594 3571 ipsa
609 3486 762 3570 legione,
779 3509 951 3552 concessus
967 3497 1033 3571 est,
1048 3495 1085 3551 ut
1094 3489 1164 3574 jam
1180 3509 1278 3572 supra
1294 3498 1346 3552 est
1359 3512 1379 3551 a
1393 3508 1453 3549 uo-

204 3594 253 3656 bis
272 3593 489 3658 observatum.
1487 3597 1492 3604 '
1525 3608 1526 3685 q

275 3867 310 3933 u)
329 3865 403 3920 Hinc
420 3865 493 3929 etii,
511 3865 612 3933 quibus
630 3883 702 3936 aqua
720 3873 748 3920 et
764 3867 821 3934 igni
838 3867 1012 3920 interdictum
1029 3869 1125 3931 fuerat,
1143 3865 1269 3934 quamvis
1287 3865 1324 3916 ad
1340 3865 1457 3931 peregn'·

204 3952 316 4006 nitatem
334 3957 424 4004 essent
440 3950 551 4014 redacti,
564 3952 659 4004 testari
675 3959 766 4006 tamen
783 3957 917 4019 poterant,
932 3953 1082 4004 secundum
1098 3952 1172 4016 leges
1191 3949 1317 4002 videlicet
1334 3949 1454 4006 civitatis.

204 4039 234 4091 iu
252 4051 334 4106 quam
352 4037 459 4088 fixerant
475 4036 592 4102 recepti,
610 4043 637 4089 et
654 4039 705 4090 sub
723 4039 832 4092 Tiberio
856 4039 945 4089 adhuc
962 4039 1118 4103 exemplum
1144 4035 1281 4103 ejusmodi
1305 4035 1454 4088 testamenti
1525 4053 1526 4104 q

205 4127 370 4174 memoratur
387 4122 461 4187 apud
480 4122 565 4174 Tacit.
583 4123 682 4176 Annal.
700 4124 750 4176 IV.
763 4129 806 4176 43.
824 4123 879 4176 Sed
891 4122 935 4189 hie
952 4122 1012 4188 ipse
1029 4123 1161 4185 Princeps
1178 4120 1315 4186 ejusmodi
1333 4121 1455 4173 exsulum

206 4211 366 4261 testamenta
383 4206 487 4274 primus
505 4206 653 4273 probibuit,
672 4214 739 4261 teste
757 4209 847 4261 Dione
866 4208 943 4260 Cass.
961 4208 1031 4260 lust.
1048 4208 1142 4260 LVII.
1159 4211 1202 4258 22.
1220 4206 1300 4258 Heia
1525 4245 1526 4284 ,

275 4293 310 4360 x)
330 4291 449 4358 Propius
470 4297 560 4344 tamen
584 4293 680 4345 abesse
703 4292 811 4361 videtur
833 4308 850 4344 a
870 4294 996 4358 veritate,
1015 4294 1141 4345 adversus
1161 4292 1231 4359 (pro
1255 4289 1454 4354 secunduma
1525 4297 1526 4344 1

152 4397 154 4402 ·
206 4377 336 4444 siglamm
359 4383 407 4430 aut
422 4379 582 4432 confusione
596 4384 644 4430 aut
654 4393 782 4444 perversa
799 4377 1020 4442 interpretatione
1037 4393 1098 4429 esse
1116 4383 1234 4429 enatum.
1259 4375 1324 4427 Vid.
1336 4373 1455 4438 Biickiug

208 4463 244 4516 ad
272 4461 330 4531 Uip.
353 4463 462 4532 Frapm.
482 4461 631 4516 XXVIII.
648 4464 669 4529 ξ.
691 4467 712 4514 Ι.
730 4470 782 4514 not.
807 4467 867 4516 217.
892 4467 919 4513 et
942 4463 1098 4516 Lachmann
1121 4461 1262 4514 kritae‘scler
1286 4459 1400 4526 Ber'tray
1422 4475 1455 4508 tu
1525 4467 1526 4522 ζ

213 4546 331 4615 Ulpiun’s
348 4548 456 4616 Frapm.
474 4546 503 4600 in
520 4547 546 4598 d.
562 4546 689 4598 Zeitsclr.
699 4545 756 4613 fiir
769 4548 858 4616 pescle.
872 4547 909 4599 R.
929 4545 967 4599 W.
983 4545 1013 4600 T.
1025 4547 1083 4600 IX.
1095 4566 1165 4600 num.
1185 4546 1247 4598 VII.
1257 4562 1286 4612 p.
1298 4547 1360 4597 20³.
1374 4541 1454 4595 Milli.
