3056 5154
513 381 571 450 Da
593 384 816 474 Acrrosraus.
1144 391 1150 394 “
1220 389 1295 458 08⁵

32 556 201 620 rationem
222 565 291 638 seu,
311 563 348 620 ut
361 554 463 620 bodie
481 565 611 639 vocant,
622 576 810 642 processum
826 555 1051 620 Romanorum
1067 559 1172 641 probe
1192 558 1293 623 intel-

31 664 136 747 ligatz
158 664 305 727 dabimus
327 685 481 748 operam,
507 672 544 729 ut
564 673 641 748 post
657 663 848 748 sigonium,
866 662 1036 727 Polletum
1052 662 1219 748 aliosque,
1235 667 1293 752 qui

31 771 77 834 de
97 771 237 855 judiciis
260 771 473 836 commentati
491 778 582 854 sunt,
604 770 639 834 in
665 792 804 855 qnorum
822 791 960 836 numero
980 778 1015 832 et
1032 769 1105 834 Gar.
1120 771 1239 836 Bretus
1257 773 1293 838 in

30 877 157 942 libello
176 879 217 941 dc
237 880 347 942 ordine
365 882 492 960 ante'quo
505 879 713 960 judicibrum,
734 897 850 942 recuso
870 898 890 940 a
909 875 1100 940 Clarissimo
1117 877 1293 962 Sallcngre

32 989 241 1066 Antiquitatt.
266 986 399 1047 Roman.
428 985 580 1048 thesaur.
613 985 694 1049 Tom-
715 985 758 1046 ΙΙ.
772 984 802 1064 ¹³)
835 989 938 1047 totam
963 981 1119 1067 litigandi
1138 984 1294 1068 judican-

33 1092 142 1176 dique
163 1091 326 1156 rationem
353 1090 468 1176 paullo
493 1089 680 1155 adcuratius
703 1111 746 1154 ex
768 1088 1020 1175 antiquitatibus
1046 1089 1206 1156 Romanis
1233 1113 1294 1156 ex-

33 1219 208 1284 ponamus.
573 1253 577 1256 .

628 1305 658 1387 §.
678 1303 709 1370 1.

515 1418 625 1474 Judicio
643 1421 820 1490 quoupttetat

123 1516 409 1598 Quemadmodum
426 1519 482 1605 jus
503 1519 594 1584 aliud
616 1524 778 1603 probatum
799 1530 863 1603 est,
887 1520 978 1585 aliud
995 1521 1171 1602 publicum:
1190 1518 1239 1583 ita
1259 1525 1294 1584 et

30 1627 162 1712 judicia
181 1625 268 1711 apud
282 1625 470 1709 Romanoa,
491 1627 557 1690 alia
583 1643 748 1710 Pulvere,
766 1628 834 1693 alia
854 1644 997 1692 subulca
1016 1635 1119 1692 erant.
1141 1626 1293 1710 Utraque

37 1734 197 1816 breviter,
222 1740 257 1797 at
272 1733 429 1798 adcurate
446 1734 534 1798 hunc
552 1734 587 1798 in
600 1733 732 1799 modum
752 1734 925 1819 distinguit
947 1733 1066 1798 Cicero
1077 1755 1140 1816 pro
1155 1737 1196 1799 A.
1214 1734 1294 1794 Gae-

38 1847 111 1906 or‘ua
126 1863 152 1904 c.
170 1841 200 1904 2.
228 1842 340 1902 Omnia
348 1842 474 1923 judiciis
490 1848 548 1902 out
562 1842 841 1906 distrahendorum
855 1844 1149 1914 controuersiarum,
1163 1849 1220 1902 aut
1233 1861 1294 1921 pu·

38 1950 224 2012 utendorum
245 1949 466 2030 maleficiorum
493 1967 607 2010 caussa
632 1958 759 2029 reperto
780 1957 865 2012 suut.
892 1947 1036 2012 Privatis
1059 1967 1140 2031 ergo
1156 1945 1294 2030 judiciis

40 2055 191 2139 quisque,
210 2053 300 2138 quod
319 2071 376 2116 sua
391 2053 562 2135 intererat,
582 2055 858 2138 persequebatur3
874 2055 1015 2138 publicis
1029 2053 1084 2118 vel
1099 2055 1172 2138 ipse
1186 2075 1293 2138 popn·
1367 2052 1371 2060 '

39 2161 94 2226 lus
121 2181 174 2242 ea,
197 2181 282 2246 quae
306 2161 511 2245 reipublicae
532 2157 724 2224 detrimenti
742 2161 920 2246 quidquam
944 2161 1076 2224 adferre
1097 2161 1293 2245 potuissent,

38 2269 98 2334 vel
120 2269 293 2334 adcusator
309 2268 426 2353 populi
444 2268 578 2331 nomine
602 2266 738 2331 erimina
757 2267 893 2352 publico
909 2267 1068 2330 dedecori
1088 2266 1198 2330 futura
1219 2267 1294 2330 vin-

39 2378 174 2441 dicabat
187 2382 229 2459 ο).
250 2377 304 2440 De
327 2376 468 2461 publicis
486 2373 572 2437 infra
586 2376 630 2436 od
644 2377 769 2437 titulum
785 2373 911 2436 XVIII.
926 2374 955 2456 §.
969 2372 1000 2437 1.
1018 2395 1081 2456 sqq.
1097 2374 1140 2436 de
1157 2372 1294 2457 privatis

38 2487 105 2549 hoc
122 2492 157 2548 et
171 2482 385 2571 sequentibus
401 2482 506 2548 titulis
521 2503 665 2568 agemus.

39 2686 193 2739 naturalem
209 2699 296 2753 acque
322 2701 354 2738 ao
381 2682 489 2736 civilem
515 2680 722 2749 cognationem,
741 2695 812 2750 quse
837 2681 907 2734 inter
924 2677 1104 2746 obligationes
1129 2683 1156 2731 et
1175 2676 1294 2732 actiones

39 2769 191 2825 intercedit.
209 2769 263 2822 Cui
280 2767 429 2822 sententiae
446 2770 489 2820 vel
500 2762 771 2833 maxime'praesidio
789 2772 854 2820 sunt
871 2783 912 2831 ea,
932 2782 1003 2836 quae
1020 2765 1055 2817 de
1069 2760 1172 2816 ordinis
1190 2762 1295 2818 ratione

39 2854 175 2923 praecipit
191 2854 359 2920 Theophilus
376 2853 406 2906 in
425 2853 477 2904 Pr.
495 2852 519 2904 I.
539 2852 570 2903 de
589 2850 762 2918 obiipctionii.
787 2851 859 2902 Vide
876 2850 906 2902 in
929 2849 1024 2916 primis
1044 2849 1128 2914 Hugo
1153 2849 1201 2898 cio.
1220 2847 1295 2915 Moy.

40 2943 91 2995 lv.
109 2956 136 3006 p.
154 2943 196 2992 2³.
221 2954 282 3006 sqq.
299 2937 335 2992 V.
359 2953 386 3002 p.
403 2941 564 2990 405—409.
588 2951 616 3001 p.
634 2937 694 2987 427.
719 2948 779 3000 sqq.
801 2934 891 3001 (num.
909 2935 949 3000 3.)
979 2935 1027 2985 VI.
1046 2949 1072 2998 p.
1090 2934 1249 2983 uss—³46.
1268 2935 1296 2982 et

40 3027 70 3080 in
94 3026 314 3090 argumentorum
337 3021 431 3074 codice
455 3023 490 3074 ad
508 3023 540 3074 Τ.
558 3021 607 3074 VI.
624 3035 652 3085 p.
670 3017 755 3071 XIX.
772 3019 805 3072 cs.
832 3023 859 3070 et
877 3016 1094 3070 Mtthlenbrueh:
1117 3015 1223 3068 Occasu
1247 3015 1296 3067 der

41 3112 237 3176 Forderuuqsr.
256 3123 282 3172 p.
302 3105 532 3160 16-21..Mittt.

111 3195 144 3262 b)
164 3190 279 3259 Scriptis
297 3192 326 3246 in
350 3190 486 3259 principio
504 3189 585 3256 hujus
609 3187 680 3242 tituli
697 3185 814 3243 laudatis
832 3185 974 3239 addendus
982 3200 999 3238 ι·
1011 3185 1067 3238 lul.
1085 3185 1131 3238 Fr.
1149 3184 1290 3238 Malblauc
1399 3180 1402 3185 ’

45 3281 204 3349 Conspectus
229 3279 272 3329 rei
291 3277 454 3346 judiciariae
479 3274 804 3342 Romano-permcuicoe.
824 3268 1013 3338 (Norimb..et
1035 3270 1132 3321 hltorr.
1160 3270 1236 3320 1797.
1253 3267 1293 3333 8.)

41 3365 104 3417 Lib.
123 3365 143 3416 1.
166 3365 236 3416 Seot.
255 3361 353 3414 1.c.1.
373 3377 399 3426 p.
421 3364 527 3413 1-75.
549 3358 612 3426 (qui
635 3359 717 3411 simul
740 3359 773 3410 de
791 3353 907 3422 publicis
926 3352 1038 3419 judiciis
1064 3351 1146 3418 agit).
1172 3351 1302 3416 Multum

41 3450 126 3502 etiam
149 3448 218 3501 lucis
236 3445 300 3498 huic
326 3448 484 3512 argumento
510 3445 651 3498 adserunt:
679 3443 749 3497 Sibr.
777 3442 900 3495 Siccama
924 3438 956 3489 de
973 3438 1078 3508 judicio
1105 3433 1295 3487 Ucutumoircli

41 3535 122 3590 Libri
136 3534 178 3586 11.
197 3550 233 3585 ex
250 3532 292 3586 ed.
311 3530 372 3582 Car.
390 3531 435 3582 Fr.
454 3529 614 3594 Zepernick.
633 3529 696 3582 Hal.
708 3532 783 3582 1776.
795 3532 819 3580 8.
838 3521 928 3578 Heul.
945 3523 1008 3576 Jam
1025 3536 1091 3574 vero
1104 3519 1133 3572 hi
1150 3535 1217 3585 prae
1234 3533 1297 3572 cae·

41 3620 109 3673 teris
127 3613 283 3671 conferendi
300 3618 365 3668 sunt
381 3613 542 3682 scriptores,
561 3613 609 3682 qui
627 3618 691 3680 post
716 3611 850 3679 genuinos
868 3609 933 3676 Gaji
950 3602 1157 3662 commentarios
1175 3609 1296 3670 repertos

41 3704 81 3757 rei
97 3700 260 3771 judiciariae
278 3703 468 3754 Romanorum
485 3713 597 3766 operam
614 3697 753 3750 dicarunt:
778 3700 828 3750 Eu.
846 3697 958 3760 Dapont
976 3692 1165 3762 disquisitiones
1181 3691 1209 3741 in
1227 3706 1298 3741 com·

41 3797 122 3842 ment.
145 3787 196 3840 IV.
219 3785 407 3839 incautorum
429 3785 500 3854 Gaji.
525 3783 613 3850 Lugd.
638 3783 699 3834 Bat.
720 3787 795 3834 1822.
813 3785 838 3834 8.
864 3782 898 3833 A.
918 3779 965 3832 W.
982 3777 1087 3830 Hester
1112 3772 1298 3834 Institutioncu

42 3873 90 3924 des
107 3871 175 3923 riim.
199 3889 225 3924 u.
250 3867 365 3922 desueti.
387 3868 786 3936 Livilprocesses.Bonu182b.
815 3867 845 3919 F.
866 3866 892 3918 J.
914 3863 991 3917 stant
1014 3859 1058 3913 itt.
1077 3860 1102 3912 d.
1126 3859 1208 3910 iiiters
1230 3856 1297 3908 riim.

42 3957 237 4025 Ittaqenrectt.
254 3955 369 4008 Miinch.
389 3957 464 4006 1827.
482 3957 507 4006 8.
536 3954 600 4023 Goji
615 3954 807 4006 institutionum
826 3948 1027 4002 commentarius
1046 3952 1164 4014 quernis.
1192 3941 1298 3994 Recen-

42 4042 101 4094 suit
118 4039 274 4108 librumque
292 4039 500 4093 observationum
518 4037 614 4108 crly'eort
630 4040 664 4092 Α.
683 4039 717 4090 G.
738 4037 851 4088 Heffter.
869 4035 960 4086 Berol.
980 4034 1056 4084 1827.
1068 4033 1095 4081 4.
1113 4027 1141 4080 S.
1159 4026 1206 4077 W.
1225 4024 1298 4075 Zim-

43 4143 122 4179 mern
140 4125 190 4176 der
206 4124 272 4178 riim.
294 4125 467 4194 Civilprocess
478 4122 506 4174 iu
515 4121 666 4190 peschichti.
686 4119 883 4186 Entwiclselunp
899 4115 937 4169 tir
952 4112 1156 4183 ausJustiuicu.
1173 4106 1298 4161 Heidelb.

44 4215 123 4263 1829.
153 4210 186 4261 A.
205 4210 498 4274 Bethmann-Hollweg
519 4206 797 4273 Gerichtsversassunp
816 4222 843 4254 u.
863 4203 978 4254 Process
996 4201 1041 4252 des
1058 4195 1200 4251 uniendos
1218 4189 1298 4244 Riim.
1407 4211 1411 4219 ·

44 4295 146 4347 Reiclts
166 4294 263 4362 (Bonn
274 4294 364 4360 1834.)
381 4293 402 4359 ξ.
414 4298 436 4345 l.
449 4297 475 4346 2.
490 4308 518 4358 p.
538 4294 631 4343 1-35.
649 4291 755 4343 Walter
769 4288 848 4341 leiim.
865 4282 1109 4352 Reclttsyerclsictlte
1123 4279 1299 4347 psit-806.

43 4380 179 4432 Huschke
204 4376 365 4446 Verfarsuup
379 4377 424 4428 des
442 4376 544 4445 Ko'uiys
565 4375 672 4453 Servius
694 4373 796 4426 Tullius
822 4373 889 4437 Cap.
908 4369 960 4421 XI.
978 4383 1005 4433 p.
1024 4368 1084 4417 583.
1102 4381 1162 4434 sqq.
1182 4361 1270 4416 Mitti.

116 4466 146 4531 c)
168 4463 210 4515 Gi.
229 4461 278 4514 IV.
298 4465 340 4524 18,
358 4466 382 4514 3.
401 4465 428 4512 et
445 4466 470 4514 4.
493 4475 543 4512 nec
567 4474 622 4510 non
640 4459 750 4512 Ernesti
772 4457 844 4512 Olor.
866 4455 984 4508 ciceron.
1000 4465 1026 4502 v.
1045 4466 1137 4500 caussa
1159 4453 1187 4500 et
1203 4445 1301 4500 Baebii

44 4551 104 4604 hist.
114 4549 220 4626 jurirp.
239 4546 274 4598 IL
294 4552 317 4610 1,
336 4549 379 4597 21.
397 4542 487 4597 Haud.
