3130 5148
656 369 1012 470 ..LmLTrnll

818 547 849 628 ς
868 547 900 607 5.

371 680 429 734 Gur
441 677 624 750 jureconsulti
646 676 730 729 nlla
743 675 962 745 phlowphm
976 677 1093 745 propris
1108 677 1175 746 juri
1186 673 1355 744 triplis-m

318 797 364 860 Et
375 796 438 860 ista
448 793 584 879 quidem
597 792 821 859 aemulatione
840 791 963 855 factum
980 799 1041 874 est,
1056 801 1093 855 ut
1101 789 1322 876 jureconsulti
1338 811 1390 874 ea,
1403 813 1499 876 quae

235 903 509 990 philosophorum
528 911 622 966 erant
643 900 789 985 propria,
807 898 851 961 ad
867 919 903 962 se
921 906 1088 982 raperent,
1106 919 1136 961 e.
1152 920 1185 982 g.
1203 906 1240 960 ut
1258 897 1498 961 definitionem

235 1010 468 1096 philosophiae
480 1011 551 1094 juri
572 1030 631 1071 suo
655 1007 879 1092 adplicarent:
902 1007 932 1087 9
950 1005 981 1068 l.
997 1008 1078 1068 Inst-
1097 1007 1161 1068 ht.
1178 1013 1215 1068 ut
1234 1005 1312 1068 loco
1321 1005 1498 1088 jinidicae

236 1117 439 1181 definitionis
447 1116 599 1200 justitiae
607 1115 725 1178 darent
733 1134 824 1176 mere
834 1112 993 1176 moralem
1004 1120 1039 1175 et
1044 1111 1324 1196 philosophicam:
1342 1119 1378 1174 et
1393 1112 1498 1177 deni·

236 1246 302 1310 que
326 1225 398 1308 ipsa
413 1223 474 1286 illa
488 1222 573 1307 juris
594 1229 775 1306 praecepta
794 1221 824 1300 §.
844 1218 1014 1282 3.1mt.a
1031 1230 1054 1280 t.
1079 1241 1123 1282 ex
1138 1218 1353 1302 philosophia
1370 1220 1498 1282 morali

236 1331 423 1394 Stoicorum
442 1330 478 1392 in
496 1329 553 1413 jus
573 1329 799 1392 hausserrent.
824 1325 921 1388 Cous.
942 1325 1095 1388 Schilter.
1109 1329 1130 1386 l.
1144 1347 1170 1386 c.
1196 1324 1316 1388 Christ.
1331 1323 1497 1390 Thomas.

235 1437 495 1500 Adnotad1nat.
506 1437 568 1497 ht.
587 1434 667 1499 Ger.
679 1435 797 1497 Noodt
808 1433 977 1494 aarum.
991 1433 1072 1514 X.p.
1083 1431 1292 1515 365.etquae
1303 1451 1364 1492 nos
1374 1431 1497 1494 obser·

234 1544 382 1607 vovimus
397 1543 433 1606 in
451 1543 551 1603 Elem.
566 1542 656 1605 Jun‘s
671 1544 750 1604 ciart
768 1543 799 1602 h.
809 1549 832 1603 t.
851 1539 922 1617 (De
942 1540 1085 1619 ratione,
1104 1560 1170 1623 qna
1184 1539 1233 1600 usi
1254 1545 1329 1600 sunt
1344 1546 1495 1620 veteres,

234 1651 269 1714 in
283 1647 525 1736 conjungendis
536 1669 609 1710 cum
622 1656 693 1711 arte
708 1654 821 1711 nostra
834 1646 933 1729 aequi
948 1644 1147 1730 honestique
1157 1645 1360 1728 omninoque
1377 1647 1497 1728 philo-

234 1759 372 1842 sophiae
385 1755 583 1840 praeceptis,
597 1755 738 1818 meliora
755 1754 905 1817 invenies
921 1752 1010 1837 apud
1026 1753 1063 1817 G.
1076 1753 1118 1816 T.
1131 1751 1362 1816 Welckerum:
1377 1753 1495 1828 Recht,

235 1864 329 1926 Staot
343 1865 413 1926 und
430 1862 548 1940 Strose.
571 1861 690 1942 Mu'hl.)

699 2087 785 2153 LIB.
806 2089 833 2151 Ι.
855 2088 947 2151 TIT.
969 2087 1014 2152 Il.

838 2242 875 2280 DE

474 2351 611 2427 JURE
635 2351 756 2426 NAT.
784 2349 944 2426 GllNT.
969 2350 1040 2424 ET
1053 2351 1245 2429 ,clvlhl

691 2575 695 2582 .
819 2513 849 2592 §-
869 2509 900 2572 1.

509 2659 552 2710 De
569 2659 651 2710 curiis
658 2659 735 2728 juris
751 2657 884 2727 speciebus
901 2660 1050 2712 masan
1068 2668 1208 2713 tratum.

312 2761 384 2841 Jus,
403 2780 471 2844 quo
485 2757 636 2821 homines
660 2766 795 2822 utuntur
802 2806 812 2839 ,
837 2781 880 2822 ex
899 2759 1024 2843 triplici
1047 2780 1119 2824 esse
1144 2761 1362 2845 repetendum
1388 2761 1487 2824 fonte

230 2876 361 2933 veteres
373 2872 586 2930 censuerunt:
599 2873 656 2928 aut
672 2889 692 2929 a
706 2873 835 2946 natura,
854 2872 911 2929 aut
926 2889 946 2929 a
961 2867 1109 2951 gentium
1126 2868 1282 2949 moribus,
1302 2874 1359 2930 aut
1370 2890 1391 2930 a
1404 2888 1489 2951 pro-

229 2974 308 3058 priis
324 2975 482 3059 cujusque
494 2972 611 3057 populi
626 2972 783 3035 institutis
789 2997 798 3048 ;
814 2973 902 3036 unde
921 2975 1086 3057 tripartita
1103 2973 1163 3036 illa
1181 2974 1300 3038 divisio
1317 2974 1489 3036 emanavit

223 3081 324 3166 juris,
339 3081 375 3144 in
394 3083 558 3162 naturale,
572 3085 730 3162 gentium,
751 3087 786 3141 et
802 3082 889 3142 onte
900 3085 946 3159 ²).
965 3082 1010 3143 Et
1029 3081 1179 3144 naturale
1188 3082 1245 3166 jus
1259 3082 1489 3164 interpretan-

228 3196 297 3252 tur:
314 3188 404 3274 quod
427 3195 545 3252 natura
564 3187 675 3249 omnia
692 3186 849 3249 animalia
871 3186 985 3249 docuit
992 3213 1001 3263 ;
1028 3188 1117 3250 unde
1138 3187 1312 3252 descendit
1332 3187 1430 3250 maris
1448 3197 1489 3250 et

227 3295 395 3358 foeminae
414 3295 616 3380 conjunctio,
632 3291 814 3356 liberorum
827 3295 1016 3378 procreatio
1032 3302 1067 3357 et
1082 3295 1236 3360 educatio
1250 3296 1294 3376 l).
1316 3295 1377 3358 Jus
1398 3316 1487 3380 gen-

227 3403 309 3465 tium
327 3409 388 3483 est,
402 3422 480 3486 quo,
497 3421 597 3486 quum
608 3420 652 3462 ex
664 3401 794 3464 ratione
808 3401 1074 3484 esseprosectum
1083 3402 1247 3483 videatur,
1264 3403 1487 3466 communiter

227 3515 364 3572 utuntur
379 3514 507 3592 gentes,
527 3508 585 3592 qui
605 3507 751 3571 moribus
777 3530 815 3571 ac
839 3507 971 3592 legibus
989 3517 1164 3594 reguntur3
1185 3509 1285 3573 civile
1305 3517 1366 3590 est,
1389 3509 1486 3593 quod

228 3616 368 3700 quisque
390 3613 533 3699 populus
549 3614 620 3698 ipse
641 3614 705 3677 sibi
723 3615 902 3696 constituit.
921 3616 1008 3678 Prae
1025 3618 1144 3680 ceteris
1162 3624 1271 3681 autem
1293 3605 1487 3700 appellatur

220 3723 278 3808 jus
296 3723 407 3803 civile,
424 3743 490 3805 quo
512 3721 657 3785 Romani
678 3730 823 3805 utuntur,
840 3721 923 3785 illud
945 3722 1001 3785 vel
1024 3723 1178 3804 maxime,
1201 3724 1292 3809 quod
1310 3724 1485 3808 proprium

114 3903 127 3918 .
227 3839 278 3894 est
288 3829 523 3893 Romanorum.
542 3828 649 3913 quue
666 3837 795 3892 constat
805 3836 863 3892 aut
875 3849 919 3891 ex
937 3830 1072 3912 scripto,
1087 3837 1144 3892 aut
1156 3851 1200 3892 ex
1216 3853 1283 3893 non
1299 3830 1485 3914 scriptor).

227 3938 280 4000 Ex
296 3957 363 3999 non
375 3936 497 4020 scripto
502 3936 559 4019 jus
570 3936 674 4018 venit,
693 3935 784 4021 quod
797 3936 941 3999 moribus
953 3936 1174 4001 introductum
1186 3959 1312 4022 usuque
1323 3938 1484 4001 diuturno

294 4183 326 4248 a)
345 4184 393 4236 Pr.
411 4182 433 4249 ξ.
447 4189 510 4238 l.2.
526 4187 567 4238 ll.
585 4183 610 4234 Ι.
628 4181 655 4233 h.
670 4190 687 4233 t.
702 4199 726 4232 c.
745 4187 769 4233 l.
783 4181 805 4248 ξ.
820 4186 846 4233 3.
860 4187 886 4236 4.
903 4200 928 4234 c.
946 4187 1042 4236 2-5.
1060 4199 1084 4232 c.
1102 4185 1129 4235 9.
1148 4183 1184 4236 D.
1203 4183 1313 4252 dejmt.
1330 4183 1428 4252 etjur.
1446 4214 1485 4225 —

226 4267 343 4322 Dirlsm
361 4265 399 4320 lm
416 4265 514 4320 Rhein.
533 4265 609 4318 Mus.
628 4263 660 4316 T.
678 4266 700 4317 1.
719 4265 769 4318 Νι.
787 4267 809 4318 l.
825 4265 961 4318 mmmm
978 4265 1059 4318 Ram
1075 4263 1110 4316 R.
1128 4264 1164 4316 G.
1180 4265 1202 4332 ᾖ.
1223 4269 1262 4319 l8.
1285 4265 1374 4320 Mill.

296 4352 328 4416 b)
352 4350 406 4404 Cic.
425 4351 459 4404 dc
476 4351 543 4404 offic.
556 4349 579 4400 l.
592 4353 656 4401 4.-
670 4347 771 4402 Seneca
788 4346 931 4416 Hippolyt.
948 4350 999 4402 Ill.
1017 4367 1044 4402 v.
1060 4353 1121 4403 91³.
1139 4350 1285 4404 sla-c.
1303 4354 1344 4406 14.
1361 4351 1384 4418 ἱ.
1400 4357 1424 4406 1.
1445 4354 1483 4406 D.

226 4437 258 4488 de
277 4437 329 4489 ritu
347 4438 463 4504 παριὼν.
482 4432 569 4486 Mutat.

296 4522 326 4588 c)
346 4521 365 4587 ἓ.
383 4523 465 4574 ³.10.
485 4519 508 4570 Ι.
527 4519 552 4571 h.
571 4523 590 4570 1.
610 4518 641 4570 h.
658 4522 684 4570 6.
702 4517 723 4582 ξ.
745 4520 767 4568 l.
784 4517 820 4569 Ι).
839 4517 873 4570 dc
882 4517 950 4588 just.
968 4525 992 4569 et
1001 4517 1076 4586 jnre'.
1096 4515 1183 4571 Ilsu'lsl.
