3056 5168
262 425 266 432 .
388 387 396 404 ·
457 359 514 433 ur
537 362 700 432 Poenicis
723 362 889 438 tonsure
1229 374 1310 448 m·

57 552 220 606 rusmcms
236 552 413 604 ‚nmaruu
435 554 506 604 nos
528 553 609 622 aer,
631 555 690 604 um
711 559 758 606 aa
778 557 823 606 rs
843 557 888 606 na
909 557 981 608 san.
1002 559 1178 612 suasimus
1200 557 1305 612 ensa·

56 665 119 712 ron
140 661 296 712 uubanus
313 661 360 706 An
377 660 537 710 sanarunt
559 651 733 710 aarum?
747 664 840 723 Quam
857 665 926 713 atu
941 667 1013 715 Rau
1034 669 1134 715 vuum
1149 669 1303 720 seuerus

55 770 229 830 quassans
251 771 295 816 ns
316 768 371 833 na,
386 768 445 826 Qui
467 767 663 818 rasaronns
677 769 770 820 nunc
791 760 899 820 suun?
920 756 1033 821 Livius
1050 757 1303 824 marusa

55 861 289 926 consentiente
305 867 340 922 et
353 858 553 942 suffragante
568 859 680 944 plebe,
696 883 713 924 a
731 871 846 925 senatu
863 863 962 928 modo
975 865 1151 946 Dictatori,
1172 866 1303 944 (Livius

52 970 108 1030 IX.
120 966 189 1048 26.)
204 965 303 1032 modo
316 965 524 1048 Consulibus,
540 948 669 1046 lLivius
678 970 702 1044 I
701 969 736 1030 V
747 969 815 1051 51.)
831 970 930 1034 modo
947 992 990 1034 ex
1001 972 1217 1036 Praetoribus
1234 974 1303 1038 cui·

52 1075 123 1138 α...
147 1075 317 1158 negotium
340 1056 479 1138 danaim
506 1074 689 1158 quaerenti
714 1075 756 1139 a.
782 1077 927 1144 masne.
953 1080 1000 1144 at
1019 1079 1054 1144 nt
1076 1079 1156 1144 asca
1178 1079 1301 1144 aetnae

49 1190 123 1246 suot
140 1183 340 1258 unaarum
352 1183 533 1262 parratas,
549 1181 605 1244 vel
623 1183 822 1260 Quaestione
834 1205 943 1248 rerem
957 1188 1140 1268 capitelium
1155 1190 1197 1268 t).

644 1375 652 1392 .
672 1329 722 1394 13.

354 1443 526 1504 Quaestiones
543 1329 648 1514 quuudb
656 1443 753 1514 foetae
770 1447 824 1499 siet
835 1453 1003 1517 perpetuae!

131 1545 311 1611 Enimvero
326 1543 410 1609 baec
431 1553 555 1610 mutata
570 1555 644 1610 snnt
659 1545 701 1610 Α.
716 1543 759 1608 U.
774 1545 811 1609 C.
827 1563 928 1630 notu,
949 1571 1014 1632 quo
1031 1559 1215 1635 perpetuae
1230 1571 1303 1616 esse

46 1661 231 1739 coeperunt
248 1652 458 1736 quaestiones
468 1661 569 1737 atque
581 1653 779 1718 ordinariae.
796 1652 905 1732 Quum
915 1655 1003 1718 enim
1014 1679 1056 1720 eo
1068 1659 1301 1741 'annoL.Piso,

46 1762 218 1826 Tribunus
238 1758 364 1844 plebis,
387 1759 497 1844 legem
517 1758 561 1822 de
583 1760 776 1844 repetundis
791 1759 944 1843 tulisset:
966 1761 1115 1846 addidit,
1131 1775 1167 1830 ut
1189 1767 1303 1852 singu-

46 1871 127 1936 laris
147 1868 190 1934 de
212 1889 254 1932 eo
269 1867 406 1931 crimine
426 1866 568 1930 Praetor
589 1875 780 1952 quaereret:
804 1867 910 1934 Cicer.
929 1872 1057 1937 Brutus
1070 1894 1097 1938 c.
1113 1871 1165 1936 27.
1186 1873 1304 1957 Ceph.

48 1975 194 2040 Vinand.
215 1973 352 2060 Pighius
373 1977 493 2038 Annei.
514 1975 730 2038 Baetasiorum
747 1979 957 2060 (Autoerps'ae
977 1977 1069 2042 1645.
1085 1981 1134 2059 s.)
1159 1981 1242 2044 lbra.
1258 1971 1303 2042 li

46 2105 84 2166 p.
101 2083 171 2144 447.
183 2085 229 2164 “).
250 2081 376 2146 Eadem
391 2082 521 2144 ratione
537 2081 575 2144 L.
589 2079 683 2146 Sulla
702 2083 857 2149 Praetori
878 2082 1006 2148 cuidam
1026 2090 1239 2166 quoeetrbnem
1257 2085 1302 2148 de

39 2184 239 2274 'majestate3
261 2189 334 2254 aliis
350 2188 392 2252 de
409 2186 567 2272 peculatu
584 2187 677 2250 etde
692 2189 816 2252 ambitu
832 2191 1060 2274 quaestionem
1080 2191 1303 2256 demandavit

48 2296 214 2361 Solebant
229 2317 318 2384 exgo
339 2315 417 2378 sex,
440 2295 497 2380 qai
512 2303 591 2358 tunc
606 2297 639 2358 in
662 2295 743 2358 urbe
759 2304 867 2380 erant,
881 2297 1076 2382 Praetores,
1097 2298 1183 2362 inito
1199 2297 1304 2380 magi-

46 2412 174 2485 stratu,
189 2403 453 2488 jurisdictionem
470 2403 639 2484 urbanam,
654 2385 874 2488 peregrinam,
890 2412 925 2467 et
940 2413 1082 2488 quatuor
1102 2404 1178 2470 illas
1200 2426 1303 2489 quae-

46 2513 176 2578 stiones
191 2511 224 2576 in
246 2518 367 2574 sortem
382 2509 548 2596 conjicere
557 2534 565 2585 ;
581 2507 734 2593 adeoque
750 2511 915 2595 fortunae,
929 2512 1056 2578 cuinam
1074 2533 1184 2578 earum
1201 2533 1305 2596 quae-

46 2619 99 2684 vis
115 2612 318 2704 obtingeret,
333 2618 540 2682 committere
554 2623 603 2700 ¹):
623 2618 697 2682 Car.
713 2611 869 2706 Sigonius
888 2621 927 2684 de
945 2621 1074 2684 Judics'e's
1089 2622 1131 2686 ΙΙ.
1146 2621 1176 2683 4.
1187 2642 1221 2702 p.
1231 2620 1304 2682 540.

46 2729 87 2790 L.
111 2726 287 2791 Cornelius
309 2725 404 2792 Sulla
431 2727 530 2790 etiam
563 2728 774 2810 quaestiones
802 2738 944 2814 quatuor
971 2727 1053 2794 alias
1082 2727 1231 2812 publicas
1252 2726 1304 2793 in-

46 2835 160 2917 vexit,
176 2836 220 2900 de
242 2834 382 2909 sicariis,
397 2834 584 2914 veneficiis,
598 2833 699 2916 falso,
723 2846 757 2900 et
777 2835 967 2920 parricidio,
983 2835 1137 2921 adeoque
1161 2833 1303 2898 totidem

47 2944 182 3010 addidit
207 2945 401 3008 Praetores:
422 2942 460 3006 L.
479 2942 509 3006 2.
532 2943 561 3022 ὃ.
575 2941 626 3006 32.
641 2943 683 3004 1).
704 2941 744 3005 de
768 2942 855 3024 urtg.
869 2945 938 3024 jur.
951 2947 998 3022 1).
1031 2942 1172 3006 Solebat
1191 2949 1303 3008 tamen

46 3061 198 3127 senatus,
220 3073 317 3138 quum
342 3071 417 3114 raro
439 3048 564 3133 plures,
588 3068 684 3131 quam
714 3054 791 3112 octo
815 3048 992 3112 Praetores
1013 3056 1221 3130 crearentur,
1243 3070 1303 3113 sno

46 3159 191 3224 arbitrio
207 3157 306 3224 modo
321 3158 415 3221 binas
430 3155 697 3241 jurisdictiones,
719 3153 820 3219 modo
837 3154 929 3219 binas
951 3158 1180 3240 quaestiones,
1202 3155 1302 3220 modo

38 3267 314 3353 jurisdictionem
339 3275 373 3328 et
395 3265 623 3348 quaestionem
646 3263 703 3326 nni
725 3262 865 3326 alterive
885 3262 1037 3326 deleme:
1059 3264 1133 3328 Cer.
1149 3263 1303 3346 Sigonius

45 3377 122 3438 s'bs'd.
133 3396 167 3456 p.
181 3373 253 3436 542.
265 3371 342 3436 'Sed
366 3383 401 3436 et
416 3381 510 3435 extra
530 3369 680 3456 ordinem
701 3391 943 3456 nonnumquam
967 3380 1098 3435 senatus
1119 3369 1324 3457 populique·

46 3483 190 3546 decreto
209 3482 414 3565 quaerebant
434 3481 504 3544 sivo
527 3477 706 3560 Consules,
721 3478 791 3542 sive
814 3476 1062 3544 alii'constituti
1078 3476 1303 3557 Quaesitores.

48 3697 52 3719 ¹
122 3700 148 3763 t)
170 3697 214 3748 De
231 3696 436 3764 quaestionibus
455 3699 570 3751 Senatm
583 3695 743 3750 anctoritate
760 3693 861 3749 habitis
879 3693 1008 3748 Dukerue
1026 3694 1062 3746 ed
1077 3695 1134 3748 eo.
1147 3693 1302 3752 XXXIX.

47 3800 72 3834 c.
98 3787 142 3834 14.
161 3781 183 3849 S.
201 3785 227 3834 6.
244 3783 277 3832 Τ.
296 3781 331 3834 V.
349 3797 376 3848 p.
393 3785 453 3832 ³22.
471 3796 513 3849 eq.
533 3781 651 3835 Dirksen
673 3775 780 3844 Coeum..
791 3781 875 3834 Ueber
889 3781 930 3832 die
948 3779 1240 3850 &famuliariedicdon
1257 3783 1302 3834 iles

42 3866 132 3920 Rom.
154 3865 278 3928 &steten
296 3865 325 3918 in
343 3867 448 3918 nessei
472 3867 540 3918 civil.
558 3865 771 3936 Addeadlunpen
788 3869 820 3918 Τ.
839 3868 860 3920 Ι.
877 3881 950 3920 num.
966 3870 991 3918 2.
1010 3881 1036 3932 p.
1050 3870 1195 3919 lua-105.
1214 3864 1302 3920 Haud.

41 3953 134 4008 Adde
152 3951 343 4006 Submiedioke
361 3953 431 4004 Diae.
449 3949 521 4002 lead.
540 3965 563 4003 c.
579 3955 605 4004 a.
621 3967 649 4019 p.
666 3957 708 4006 95.
726 3969 787 4022 sqq.
807 3951 893 4005 Mtte.
1158 3979 1161 3990 ‹

121 4037 159 4104 u)
179 4037 281 4090 Klenze
301 4037 412 4105 Prelep.
431 4038 467 4088 ed
486 4035 595 4103 Frcpm.
613 4035 662 4105 lep.
683 4037 810 4090 Serviliae
833 4035 1003 4106 repetunder.
1021 4049 1047 4101 p.
1065 4033 1105 4089 X.
1122 4049 1163 4104 sq.
1180 4049 1208 4101 p.
1222 4033 1300 4088 xlv.
1379 4043 1382 4050 '

36 4140 86 4194 sq.
109 4120 302 4176 Scbmiedickc
323 4123 393 4175 Dies.
411 4120 482 4184 laud.
500 4135 522 4171 o.
538 4120 599 4173 Vll.
617 4135 644 4186 p.
664 4127 721 4178 143.
739 4139 799 4192 sqq.
818 4123 904 4178 mett
1019 4179 1022 4188 ,

121 4206 159 4272 x)
181 4207 250 4260 Ante
269 4209 334 4260 baec
352 4213 474 4272 tempora
485 4206 633 4257 Praetores
649 4206 707 4260 bini
726 4206 846 4273 singulas
865 4207 939 4262 domi
953 4203 1158 4275 jurisdictiones
1176 4221 1211 4256 ex
1223 4203 1300 4258 Setis

36 4292 256 4357 sortiebantur,
279 4294 411 4348 urbanam
434 4299 461 4345 et
487 4291 670 4358 peregrinam:
697 4290 795 4359 reliq'ui
814 4289 1101 4360 quatuorprovtnctas
1121 4285 1186 4339 loris
1204 4287 1301 4354 gnber-

34 4378 161 4434 nandat
180 4378 371 4446 suscipiebant.
401 4378 479 4430 Heia.
1216 4413 1222 4424 .

120 4463 158 4528 p)
178 4463 222 4514 De
239 4463 331 4517 indole
349 4468 376 4516 et
393 4477 506 4515 numero
525 4459 714 4531 quaestionum
741 4457 933 4530 perpetuarum
952 4459 1088 4514 Ferretius
1107 4458 1175 4528 Epp.
1194 4459 1215 4511 1.
1234 4463 1258 4512 ⁷.
1276 4463 1302 4509 et

34 4557 86 4606 15.
110 4547 225 4600 Ernesti
248 4549 320 4602 Cleo.
343 4546 755 4616 Ciceron.v.queeetio.11uub.
1069 4616 1111 4694 43
