3056 5168
491 575 958 666 mmmm,

661 743 697 782 DE

47 866 353 945 PERPETUIS
369 867 438 944 ET
455 864 870 945 TEMPORALIBUS
891 864 1225 956 ACTIONIBUS,
1238 866 1308 940 ET

48 988 202 1087 QUAE
214 987 288 1062 Al)
296 987 548 1064 Hununus
562 988 631 1109 ET
644 988 703 1064 IN
714 987 966 1064 HEREDES
978 986 1308 1064 TRANSEUNT.

139 1166 186 1229 Ut
217 1187 323 1251 rerprn
354 1163 573 1248 corporalium
599 1173 670 1228 erat
701 1164 877 1248 usucapio:
907 1163 954 1226 ita
978 1171 1012 1226 et
1034 1163 1163 1227 ratione
1183 1165 1307 1248 jurium
1390 1221 1395 1227 .

48 1275 282 1358 praescriptio.
304 1271 397 1334 Inter
411 1273 490 1356 jura
513 1294 603 1353 vero,
627 1294 711 1356 quae
734 1271 879 1334 inbonis
902 1279 987 1350 sunt,
1007 1293 1105 1355 quum
1123 1271 1221 1334 etiam
1245 1273 1309 1335 sint

49 1383 216 1460 actiones,
233 1400 437 1463 consequens
454 1387 536 1459 erat,
553 1386 637 1441 utet
654 1379 723 1442 istis
739 1378 833 1464 lapsu
849 1380 1005 1462 temporis
1021 1380 1309 1461 praescriberetur.

48 1489 145 1553 Hinc
161 1490 309 1552 actiones
326 1485 411 1550 aliae
429 1503 626 1549 rnnrnruna
645 1495 749 1563 erant,
764 1486 851 1549 aliae
868 1501 1121 1567 sauronanmn,
1144 1484 1230 1549 aliae
1246 1505 1310 1549 un-

48 1613 200 1663 namaus
220 1604 254 1658 et
275 1611 312 1657 nu
327 1609 492 1674 araneae,
509 1593 595 1656 aliae
613 1593 665 1656 vel
685 1611 800 1659 nsnan
820 1594 876 1659 vel
893 1613 929 1659 nu
948 1611 1081 1666 aosuuu
1097 1591 1202 1657 minus
1219 1616 1309 1658 corn-

49 1705 225 1786 petebant.
248 1701 322 1778 Qua
337 1703 379 1765 de
396 1723 432 1764 re
448 1703 511 1763 hoc
527 1700 624 1764 titulo
642 1701 827 1766 dicendum.

640 1853 670 1936 ς.
691 1853 721 1914 1.

447 1966 582 2027 ,Actiones
600 1986 729 2038 quaenam
746 1975 911 2040 perpetuae?

140 2066 423 2146 Quemadmodum
442 2067 536 2152 leges
554 2077 736 2152 perpetuae
751 2079 827 2134 sunt
843 2069 1075 2156 obligationis:
1091 2069 1139 2136 ita
1154 2077 1188 2134 et
1203 2069 1309 2132 actio-

54 2194 126 2256 nes,
145 2194 228 2260 quae
244 2195 286 2237 ex
302 2173 433 2258 legibus
451 2177 679 2256 nascebantur,
697 2183 791 2239 erant
806 2193 1011 2259 runcaruau,
1029 2179 1086 2258 ita,
1101 2184 1137 2239 ut
1159 2175 1199 2238 iis
1214 2175 1307 2238 nullo

52 2303 206 2364 umquam
229 2291 379 2364 tempore
402 2281 694 2365 praescriberetur:
710 2288 813 2364 princ.
835 2284 912 2344 Inst.
935 2283 964 2345 t.
978 2292 1011 2345 -ί,
1042 2284 1183 2364 Postea,
1208 2303 1307 2367 quum

50 2389 213 2452 interesse
238 2389 407 2453 videretur
427 2388 650 2473 reipublicae,
672 2387 748 2452 lites
770 2387 950 2474 aliquando
973 2387 1077 2451 liniri:
1100 2388 1308 2451 constitutio-

49 2497 147 2560 nibus
165 2497 356 2581 Principum
376 2506 504 2568 cautum
526 2507 592 2579 est,
609 2507 643 2561 ut
667 2497 827 2581 ejusmodi
843 2496 1043 2573 actionibus,
1061 2516 1147 2581 quae
1164 2518 1207 2558 ex
1228 2496 1307 2582 lege

50 2604 277 2683 descendunt,
305 2603 442 2687 triginta
469 2611 526 2669 aut
542 2604 737 2689 'aliquando
763 2605 981 2690 quadraginta
1012 2625 1170 2668 annorum
1200 2606 1306 2688 spatio

48 2711 348 2798 praescribereturt
356 2717 459 2793 preire.
471 2715 547 2775 inat.
560 2715 588 2774 h.
600 2724 621 2776 t.
636 2721 680 2793 ⁸).
695 2713 868 2777 Remansit
882 2722 992 2776 tamen
1011 2713 1136 2798 antiqui
1152 2711 1307 2776 vocabuli

49 2844 144 2903 usus,
169 2819 321 2902 adeoque
345 2825 379 2880 et
401 2819 563 2904 actiones,
591 2843 676 2906 quae
704 2801 906 2885 circumactis
929 2822 1065 2906 triginta
1087 2819 1141 2884 vel
1167 2821 1307 2906 quadra-

49 2929 149 3014 ginta
176 2927 268 2992 annis
293 2926 476 3009 exspirant,
501 2944 697 2992 Pnurnrunu
724 2937 862 2992 vocatae
886 2938 977 2992 sunta
1002 2931 1099 2992 Barn.
1122 2928 1307 2990 Brissonius

48 3039 91 3098 de
111 3035 194 3096 verb.
214 3034 319 3114 signis.
339 3035 398 3097 sub
417 3051 500 3095 voce
519 3037 708 3116 Perpetuam.
733 3035 879 3120 Tempus
902 3037 987 3098 enim
1010 3035 1124 3098 XXX
1148 3055 1306 3098 annorum

47 3141 221 3225 veteribus
239 3149 310 3203 erat
331 3139 433 3224 pared,
452 3148 486 3203 et
508 3139 542 3203 id
566 3139 643 3204 satis
664 3142 799 3228 longum
824 3144 963 3226 spatium
987 3143 1160 3206 videbatur
1181 3141 1306 3205 homini

40 3253 102 3338 jus
131 3270 222 3314 suum
248 3257 498 3333 persequuturo.
528 3250 618 3312 Hinc
650 3253 780 3314 Glossae
804 3251 975 3312 Nomicae:
1000 3251 1197 3333 Περπετοῦον
1221 3250 1308 3314 καλεῖ

45 3362 105 3426 καὶ
127 3354 182 3422 cdv
203 3364 449 3437 τριακονταετίας
470 3354 596 3441 χρόνον,
618 3360 669 3422 καὶ
695 3357 750 3422 τὸν
772 3357 841 3443 ἄχρι
868 3363 919 3440 τῆς
946 3359 1022 3437 ζωῆς
1050 3357 1105 3420 rod
1135 3354 1307 3436 dadastana

43 3464 168 3554 χρόνον.
195 3465 414 3527 Puarrruun
430 3473 523 3539 pocot
536 3487 630 3548 parum
652 3469 784 3547 trigr‘nta
803 3485 956 3526 annonem
976 3467 1119 3545 spatium,
1136 3470 1211 3534 trem,
1226 3462 1309 3542 qnod

40 3595 110 3655 per
135 3576 229 3632 ortam
254 3573 383 3632 hominis
405 3573 510 3635 durat.
532 3573 623 3656 Ergo
647 3595 760 3636 omnes
782 3573 930 3636 actiones
953 3570 1066 3634 civiles
1090 3592 1132 3633 ex
1160 3590 1306 3632 conven-

44 3680 147 3746 tione
158 3687 252 3742 erant
262 3685 454 3762 perpetuae,
468 3688 501 3742 et
516 3681 653 3765 triginta
670 3702 773 3744 annos
788 3681 965 3743 durabant:
977 3679 1014 3740 L.
1025 3677 1055 3740 3.
1069 3677 1100 3739 0.
1113 3680 1305 3739 chroescr.

45 3786 159 3850 XXX
167 3805 242 3848 arra.
256 3786 300 3865 ι1).
322 3785 414 3848 Idem
431 3809 589 3852 annorum
607 3788 763 3852 terminus
779 3789 942 3871 praefixus
959 3797 1008 3850 est
1023 3786 1206 3850 actionibus
1222 3783 1306 3846 mix-

123 3991 154 4057 a)
177 3991 241 4042 ruit
258 3993 340 4058 hujus
355 3993 427 4062 juris
445 3999 540 4046 auctor
553 3995 723 4050 Theodosius
737 3997 771 4048 11:
787 3995 852 4060 imp.
873 3995 919 4060 (L.
934 3993 957 4045 I.
973 3992 1023 4044 ΤΙι.
1038 3989 1100 4042 cod.
1116 3991 1147 4040 dc
1163 3987 1305 4041 actionibus

44 4083 124 4129 certo
144 4085 259 4144 tempore
269 4078 411 4145 finiendis)
420 4100 430 4138 ,·
451 4080 505 4131 vid.
526 4080 559 4131 de
577 4081 675 4134 vitiosa
693 4083 771 4148 Leqis
785 4085 809 4132 3.
832 4079 861 4130 0.
880 4079 911 4129 de
925 4093 1046 4146 praescr.
1062 4073 1165 4126 XXX.
1182 4074 1225 4124 uel
1242 4075 1304 4127 XL.

44 4177 183 4213 annorum
201 4159 230 4211 in
248 4159 417 4215 Justinianco
443 4163 544 4217 Codice
562 4163 752 4231 inscriptione:
773 4163 939 4217 Wenckium
960 4163 988 4215 in
1007 4160 1068 4213 Cod.
1091 4157 1187 4211 meod.
1207 4156 1263 4209 Lib.
1277 4159 1304 4209 V.

41 4245 135 4315 prior.
148 4243 207 4295 edit.
216 4255 243 4310 p.
257 4251 315 4298 251.
334 4253 389 4300 not.
399 4265 420 4300 r.
433 4251 475 4300 De
486 4249 570 4301 totius
580 4254 670 4302 autem
680 4251 751 4303 tituli
763 4256 934 4316 argumento:
952 4246 1149 4298 Unterbolzucr
1164 4241 1302 4307 Ausfiidrl.
1364 4233 1372 4238 ¹

51 4327 313 4397 Veryiilranyrletre
331 4335 363 4389 Τ.
375 4333 410 4384 ll.
428 4333 448 4400 ξ.
463 4338 609 4386 ase-283.
628 4336 661 4386 cf.
680 4341 706 4387 et
723 4335 789 4388 ibid.
812 4337 844 4387 T.
859 4334 880 4385 Ι.
899 4333 919 4398 ἕ.
934 4335 976 4384 87.
995 4345 1022 4396 p.
1034 4325 1093 4381 286.
1112 4326 1175 4377 Vid.
1194 4330 1221 4375 et
1235 4323 1305 4375 intra

43 4420 96 4468 not
116 4431 140 4465 c.
162 4411 248 4466 Militi.
570 4421 572 4428 '

120 4497 155 4564 b)
175 4496 357 4562 Excipiuntur
375 4505 465 4552 tamen
484 4501 603 4552 actiones
628 4503 783 4566 personales
803 4502 837 4552 ad
855 4497 1016 4566 promissam
1036 4494 1191 4547 servitutem
1209 4507 1304 4546 consc-

45 4581 189 4653 quendam
196 4589 388 4652 competentes
396 4583 495 4652 quibus
502 4583 572 4637 inter
577 4591 733 4652 praesentes
743 4587 849 4648 dcccm;
862 4585 930 4644 inter
938 4583 1063 4634 absentes
1071 4579 1304 4646 uigintiunuormn
