3130 5148
13 1837 19 1874 l

541 367 890 426 eonsensum.
1043 352 1058 362 ’
1226 429 1231 442 ,
1299 363 1345 430 lc

90 527 171 616 legis
186 529 357 594 rationem
373 531 528 598 hahuisse
539 533 698 597 videntur
708 532 911 616 quarundam
929 531 1166 598 collectionum
1180 542 1346 619 auctores,

90 638 155 721 qui,
171 644 229 700 ant
248 642 469 704 snum-secuti
488 641 672 723 consilinm,
698 647 755 702 ant
778 640 987 725 regnantium
1007 643 1179 726 imperata,
1195 661 1238 704 ex
1256 643 1346 704 omni

89 745 260 808 Romanae
282 747 567 831 jurisprudentiae
586 748 757 812 volumine
780 747 988 830 hauriebant,
1016 771 1103 834 quae
1121 771 1183 834 pro
1204 751 1345 814 instituti

89 853 218 916 ratione
241 857 432 918 necessaria
452 857 532 940 ipsis
554 857 625 920 visa
648 861 732 918 eunt.
753 855 868 939 Atque
889 856 924 920 in
943 855 983 920 iis
1002 858 1147 942 quidem,
1159 881 1163 891 ·
1175 879 1260 942 quse
1277 859 1346 942 pri-

90 967 166 1022 vato
180 961 293 1024 studio
305 969 382 1024 sunt
398 963 612 1047 compositae,
635 961 781 1046 priorem
799 961 908 1026 locum
930 971 1074 1028 meretur
1092 966 1261 1047 collectio,
1279 986 1345 1050 quu

91 1069 267 1131 secundum
281 1069 489 1132 materiarum
510 1071 628 1134 seriem
646 1091 719 1132 cum
736 1067 960 1134 ex‘JGtorum
978 1067 1072 1135 libris
1085 1081 1253 1156 excerpta,
1276 1082 1345 1136 tum

91 1176 187 1259 impp.
207 1176 473 1256 constitutiones,
482 1178 583 1261 juxta
599 1178 738 1261 positae,
763 1177 992 1255 inveniuntur3
1018 1181 1120 1264 cujus,
1138 1201 1223 1265 quae
1239 1201 1346 1265 nuper
1402 1185 1413 1198 ’

93 1283 266 1345 admodum
289 1283 445 1348 inventae
466 1293 541 1348 sunt
557 1284 732 1368 reliquiae,
759 1285 914 1346 Vaticano
926 1285 1116 1368 fragmento
1136 1287 1272 1353 inscribi
1291 1309 1346 1350 sc-

91 1391 161 1454 lent
174 1393 219 1472 ¹).
234 1391 454 1460 Memoranda
475 1393 574 1457 etiam
601 1401 651 1456 est
675 1393 822 1486 scriptio,
835 1393 906 1477 jam
924 1415 944 1455 a
960 1393 999 1456 P.
1016 1395 1161 1458 Pithoeo
1184 1395 1342 1477 (11578)

93 1500 191 1581 edita,
206 1500 260 1563 cui
287 1521 409 1564 nornen
429 1500 531 1585 vulgo
555 1500 736 1584 imponitur
758 1503 931 1562 collohbm's
953 1503 1059 1582 legum
1084 1503 1298 1566 Mosoicorcm
1317 1511 1349 1566 ct

92 1609 321 1690 Romanorum,
343 1609 421 1672 satis
435 1609 519 1672 illud
536 1610 671 1694 quidem
689 1616 800 1692 aptum
818 1607 860 1671 ad
880 1607 1053 1671 consilium
1067 1611 1210 1673 auctoris
1233 1609 1348 1674 decla-

89 1711 226 1777 randum
241 1720 296 1796 1);
320 1737 383 1780 nec
417 1716 693 1780 consultationum
721 1735 849 1799 corpus,
877 1715 969 1799 quod
991 1716 1198 1781 inscribitur:
1220 1719 1347 1780 consul-

93 1827 167 1884 tatio
182 1827 299 1886 1111111
314 1827 481 1906 cujusdam
491 1827 717 1908 juriscomolts'
730 1822 865 1886 silentio
878 1826 1167 1909 praetereundum,
1183 1825 1346 1909 siquidem

92 1939 205 1994 auctor
225 1931 298 2014 ejus
319 1932 458 2016 singulis
474 1931 769 1996 consultationibus
784 1931 955 2014 subjunxit
967 1931 1044 1996 loca
1062 1955 1084 1998 e
1100 1933 1204 1998 tribus
1226 1935 1348 1998 consti·

92 2039 253 2102 tutionum
267 2039 447 2121 codicibus,
461 2049 530 2103 tum
543 2061 562 2102 e
573 2039 657 2105 Julii
671 2037 783 2106 Paulli
797 2039 942 2122 receptis
952 2042 1126 2106 sententiis
1138 2041 1289 2106 desumta
1303 2046 1346 2122 Ι).

93 2145 237 2224 Quarum
253 2148 399 2210 omnium
416 2147 649 2210 collectionum
664 2156 815 2210 auctores
831 2146 1035 2232 ignorantur,
1050 2171 1113 2213 nec
1129 2149 1173 2211 de
1183 2157 1346 2232 tempore,

93 2275 155 2337 quo
165 2257 375 2340 conscriptae
393 2263 478 2337 sunt,
496 2255 573 2320 satis
595 2261 734 2334 constat,
753 2253 834 2317 licet
849 2254 892 2316 de
910 2275 964 2334 eo,
976 2256 1054 2339 quin
1069 2257 1270 2339 posteriores
1281 2256 1348 2318 sint

93 2362 330 2426 Theodosiana
352 2363 413 2428 illa
433 2363 511 2448 lege
535 2363 579 2426 de
600 2360 787 2445 allegandis
804 2361 964 2425 JCtorum
988 2362 1127 2446 scriptis,
1143 2363 1346 2454 antiquiores

92 2491 169 2533 vero
186 2470 391 2552 Justiniano,
419 2471 511 2536 nullo
535 2471 634 2534 modo
656 2470 802 2536 dubitari
819 2470 931 2553 possit.
958 2469 1111 2536 Certiora
1127 2469 1286 2534 habemus
1303 2470 1346 2534 de

86 2579 165 2663 juris
191 2579 339 2644 Romani
363 2579 545 2660 breviariis,
568 2579 781 2642 barbarorum
810 2598 925 2662 regum
950 2579 1147 2644 anctoritate
1175 2579 1346 2661 confectis,

94 2666 352 2770 quibudnomen
371 2695 444 2752 erat
462 2686 576 2772 legum
599 2686 822 2750 Romanarum
836 2691 881 2766 ι).
912 2687 957 2750 Et
978 2687 1088 2771 primo
1107 2687 1346 2771 Theodericus,

94 2793 368 2879 ostrogothorum
388 2815 459 2876 rex,
475 2815 558 2880 opus
575 2815 618 2858 ex
641 2793 884 2877 omniquidem
904 2795 983 2879 jure
998 2793 1153 2860 Romano
1170 2797 1345 2863 maximnm
1460 2871 1464 2880 .

92 2911 216 2987 partem
231 2901 396 2985 haustum,
406 2925 463 2967 sua
471 2912 582 2968 tamen
593 2899 727 2988 propria
734 2902 864 2964 ratione
873 2901 1036 2986 digestum
1050 2914 1150 2987 atque
1161 2905 1253 2968 istius
1261 2913 1345 2968 tem·

92 3011 176 3094 poris
190 3007 300 3073 indoli
316 3011 576 3092 accomodatum,
599 3034 627 3074 a.
643 3011 706 3072 500
716 3009 850 3094 publice
866 3011 1057 3093 proposuit:
1071 3011 1123 3074 cui
1135 3013 1243 3074 Edictc'
1251 3013 1346 3075 illeo-

93 3120 188 3180 derr‘ci
201 3139 325 3180 nomen
341 3127 392 3181 est
411 3118 551 3182 inditum
566 3119 609 3199 ¹³).
634 3117 736 3198 Dein,
759 3118 872 3201 paucis
893 3116 1074 3200 interjectis
1090 3119 1183 3181 annis
1207 3119 1341 3198 (1506)

93 3225 163 3288 Lex
181 3225 338 3290 Romana
354 3225 615 3312 visigothorum,
632 3225 760 3289 Alarici
773 3225 818 3288 11.
836 3227 940 3310 jussu,
959 3245 1019 3308 per
1038 3223 1227 3308 Gojnricum
1243 3225 1346 3286 comi-

94 3341 159 3396 tem
175 3333 335 3396 adhibitis
350 3334 577 3398 sacerdotibus
593 3357 632 3398 ac
645 3335 814 3398 nobilibus
829 3335 907 3397 viris
919 3332 1103 3416 composita
1114 3330 1346 3416 atqueAniani

159 3596 194 3662 x)
215 3595 359 3654 Editinnes
377 3589 499 3648 exstem}
517 3596 599 3648 Rom.
614 3601 690 3649 1823.
705 3596 770 3662 Par.
785 3595 968 3648 1823.Be101.
984 3599 1059 3649 1824.
1077 3611 1221 3664 recognov.
1233 3600 1260 3649 et
1271 3610 1347 3648 com·

93 3687 171 3732 ment.
194 3680 314 3734 instrux.
332 3686 367 3734 A.
386 3681 473 3733 1.(11
496 3682 659 3734 Buchholtu.
677 3681 803 3747 Regiam.
822 3683 899 3733 1828.
922 3695 1066 3746 recognor.
1085 3683 1155 3748 hug.
1180 3683 1347 3734 Bethmsnn-

93 3765 224 3832 Hollweg.
242 3767 333 3818 Bonn.
355 3769 422 3818 1833
439 3771 467 3817 et
484 3767 512 3819 in
529 3781 605 3832 corp.
620 3767 677 3834 jur.
695 3765 825 3832 antejnst.
843 3767 939 3818 Bonn.¹
951 3767 1030 3819 Fesc.
1045 3768 1068 3818 1.
1081 3783 1109 3832 p.
1123 3767 1184 3818 229.
1197 3781 1240 3834 sq.
1258 3763 1346 3818 Milli.

158 3851 192 3916 y)
213 3851 266 3924 Est
282 3849 365 3903 etiem
382 3867 480 3904 nomen
505 3852 576 3904 libro
592 3853 651 3903 Lex
669 3852 723 3903 Dei
729 3890 736 3915 ,
756 3867 811 3918 qna
828 3850 1001 3916 potissimum
1026 3851 1202 3918 inscriptione
1219 3863 1286 3903 111111
1305 3855 1347 3903 est

93 3934 259 3988 novissim
279 3934 340 4000 ejus
363 3935 451 3994 edim
468 3937 500 3988 F.
518 3937 627 3990 Blnme.
645 3939 735 3990 Bona.
756 3939 832 3989 1833.
851 3940 879 3987 et
895 3934 924 3988 in
942 3951 1017 4003 corp.
1033 3936 1090 4003 jur.
1109 3934 1237 4001 antejust.
1256 3935 1345 3987 Bonn.

94 4017 168 4070 Fasc.
187 4020 209 4070 1.
225 4035 258 4088 p.
273 4023 336 4073 307.
355 4036 398 4089 sq·
417 4021 510 4093 Milli..

160 4105 191 4172 11)
210 4093 243 4158 ln
251 4102 356 4160 Sohnlt
366 4105 479 4173 jurispr.
491 4113 545 4159 set.
557 4109 683 4172 antejust.
695 4110 793 4172 11811.
806 4120 849 4173 sq.
861 4109 889 4157 et
902 4104 1003 4158 noviss.
1023 4123 1047 4158 c.
1057 4105 1110 4158 Ed.
1122 4103 1217 4182 Puggc'·
1232 4103 1261 4155 in
1269 4119 1345 4169 corp.

93 4186 145 4251 jur.
162 4191 289 4261 antejust.
308 4188 398 4244 Bonn.
417 4193 448 4244 F.
468 4193 491 4244 Ι.
509 4207 537 4259 p.
556 4195 617 4245 389.
636 4207 678 4259 sq.
697 4189 786 4244 Milli.
933 4222 938 4232 ·

160 4275 192 4342 e)
211 4273 255 4328 De
273 4275 393 4342 savigny
411 4277 510 4330 Gesoh.
537 4278 564 4329 d.
582 4279 618 4330 R.
636 4278 671 4329 R.
696 4277 734 4330 im
752 4277 913 4338 Mitteletter
931 4277 994 4330 Vol.
1013 4277 1035 4327 1.
1058 4289 1118 4339 cap.
1137 4275 1186 4325 ΙΙΙ.
1205 4273 1224 4325 1.
1239 4277 1283 4325 ³0:
1302 4287 1345 4341 sq.

97 4359 178 4412 111.
200 4360 290 4414 111111.

162 4445 193 4513 b)
211 4447 255 4499 Dc
272 4446 394 4512 savigny
412 4448 430 4499 1.
450 4449 467 4498 l.
488 4448 548 4499 Vol.
568 4447 604 4499 11.
620 4463 680 4514 cap.
699 4447 752 4500 Xl.
771 4448 793 4514 ξ.
811 4451 855 4500 60.
875 4463 916 4515 sq·
940 4447 974 4498 G.
995 4443 1028 4504 F.
1050 4443 1132 4496 Rhoe
1148 4448 1291 4496 comment.
1310 4442 1346 4495 cd

99 4526 172 4580 edict.
191 4531 328 4586 Theodor·
348 4532 431 4598 Regis
450 4531 689 4598 Ostrogothorum.
707 4533 771 4588 1111.
792 4537 868 4587 1816.
888 4530 976 4588 Mill.

1020 4614 1147 4686 ,Ψ
