3030 5160
323 373 378 444 lin
403 375 539 447 Laena
565 375 763 463 &nameus
788 375 930 446 Anaua.
957 386 1023 448 etc.
1228 381 1302 450 tau

28 537 186 635 poenae*
198 551 333 614 nomine
357 551 428 615 visa
441 552 601 639 relinqui,
620 553 739 638 quibus
757 561 897 618 testator
917 553 1076 618 heredem
1097 551 1139 618 ad
1158 551 1300 638 probro-

27 680 101 723 sum
127 658 265 744 aliquid
289 658 476 724 faciendum
507 678 629 746 eogere
655 661 815 726 voluerit:
837 661 1019 746 Bynkersh.
1041 663 1081 726 a.
1101 681 1128 723 c.
1150 662 1180 726 4.
1202 661 1299 741 Quae

27 787 136 851 quum
156 767 207 832 im
222 767 297 850 sint,
312 768 515 834 Justinianus
530 769 684 853 profecto
699 770 782 835 nibil
798 771 876 835 novi
891 769 1016 853 statuit,
1036 771 1123 852 dum,
1139 789 1226 854 quae
1238 789 1299 834 ve-

26 885 123 938 teres
149 883 322 961 tamquam
344 875 493 960 regulam
518 885 716 962 posuerant,
745 875 816 963 ipse
838 878 915 944 loco
938 876 1146 963 exceptionis
1170 876 1296 959 habuit,

26 982 194 1066 regulam
210 983 338 1069 lingens
353 985 521 1052 veteribus
538 985 750 1070 incognitam.

645 1180 652 1194 .
674 1131 723 1196 14.

554 1135 788 1320 Effusgillustratio.

116 1347 196 1412 Sed
207 1370 274 1412 non
285 1357 334 1412 est
346 1349 502 1433 fortassis,
516 1349 606 1433 quod
617 1350 640 1413 J
641 1349 838 1414 ustinianum
849 1349 950 1433 plane
962 1349 1160 1430 deseramus,
1173 1347 1297 1434 quippe

33 1455 126 1540 cujus
148 1456 379 1519 definitionem
395 1456 494 1520 etiam
510 1455 674 1540 Ulpianus
689 1456 863 1542 adgnovit:
886 1459 1018 1540 Btcgm.
1034 1457 1156 1518 XXIV.
1172 1456 1223 1520 17.
1245 1459 1297 1535 (et

34 1563 179 1648 Gaj.11.
200 1565 230 1646 §.
248 1562 343 1645 235.)
374 1547 510 1627 Scilicet
532 1585 633 1648 saepe
660 1564 818 1628 heredem
843 1565 965 1652 legatis
995 1563 1125 1628 nonnisi
1151 1563 1301 1628 vexandi·

37 1694 156 1735 caussa
172 1671 357 1736 onerabant
371 1678 556 1752 testatores,
568 1672 674 1757 iisque
690 1672 781 1736 illum
796 1671 838 1736 ad
854 1672 980 1758 aliquid
996 1670 1182 1736 faciendum
1199 1672 1296 1734 omit-

37 1779 249 1864 tendumque
266 1778 463 1864 adigebant,
479 1777 571 1842 nulla
587 1779 653 1843 alia
668 1780 802 1844 adducti
819 1779 968 1860 ratione,
984 1802 1081 1866 quam
1098 1779 1220 1844 stolida
1236 1801 1298 1842 vo-

37 1886 182 1952 luntate,
206 1886 293 1952 Tale
316 1892 387 1952 erat
407 1895 638 1953 testamentum
660 1887 811 1969 Staberi,
828 1887 870 1952 da
892 1909 958 1973 quo
975 1888 1136 1952 Horatius
1153 1887 1295 1953 sarman.

38 1996 100 2058 Lib.
119 1995 167 2060 II.
183 2003 244 2058 eat.
259 1994 289 2058 3.
304 2017 331 2060 v.
346 1993 397 2059 84.
413 2017 477 2079 sqq.
504 2055 506 2061 ,

103 2171 107 2176 ,
166 2103 312 2193 Heredes
333 2103 462 2166 Staberi
481 2123 632 2188 summam
654 2103 790 2166 incidere
810 2105 968 2186 amrelmo:

166 2210 241 2286 „Ni
257 2213 302 2272 sic
314 2211 481 2288 fecissent,
500 2210 713 2294 gladiatorum
735 2209 958 2304 clarescentem

167 2319 330 2380 Democri
341 2319 463 2401 populo
473 2321 579 2398 partu,
601 2327 695 2398 atque
716 2317 852 2400 maiam,
874 2318 1003 2380 arsitrio
1023 2318 1118 2394 Arrt;

169 2425 337 2486 humenti
355 2433 506 2507 quantum
527 2427 615 2486 metit
635 2423 776 2505 Asrr’ca.''
858 2460 900 2470 -
983 2459 1025 2469 -

40 2529 154 2609 Quum
176 2552 256 2615 ergo
274 2529 480 2616 disputarent
500 2541 646 2613 veteres,
666 2553 707 2594 an
721 2531 836 2615 legata
858 2529 1019 2615 ejusmodi
1039 2528 1206 2610 valerent,
1224 2530 1296 2615 qui·

40 2639 98 2701 bus
120 2640 219 2702 heres
236 2639 279 2703 ad
298 2639 425 2724 aliquid
444 2639 514 2703 sine
536 2639 666 2702 ratione
691 2647 806 2702 contra
829 2638 929 2702 animi
951 2637 1146 2702 sententiam
1169 2637 1296 2701 facien-

48 2748 116 2810 dum
129 2744 418 2832 omittendumque
431 2756 621 2832 cogeretur:
633 2747 837 2811 lastinianus
851 2745 908 2810 has
920 2747 1018 2811 tricas
1031 2744 1171 2829 sustulit,
1181 2745 1297 2829 jussit-

49 2875 118 2940 que,
129 2857 218 2920 baec
232 2855 346 2940 legata
361 2862 433 2920 rata
450 2875 532 2937 esse,
549 2853 697 2939 exceptis
709 2855 759 2937 iis,
771 2875 857 2940 quae
871 2854 926 2918 vel
941 2853 1160 2939 impossibilia
1175 2863 1295 2936 essent,

44 2965 96 3026 vel
119 2963 255 3048 legibus
277 2962 470 3044 interdicta,
495 2964 548 3027 vel
572 2963 653 3026 alias
671 2973 786 3046 aperte
808 2963 984 3046 probrosa:
1007 2961 1073 3026 vid.
1098 2959 1295 3055 Gundlingii

45 3071 125 3133 Dice.
142 3072 184 3134 de
192 3075 335 3154 prabmpe
349 3072 463 3133 herede
477 3092 503 3132 c.
517 3070 547 3134 6.
564 3071 593 3152 §.
607 3068 659 3132 32.
667 3091 702 3151 p.
717 3069 768 3131 78.
780 3073 834 3150 ¹¹¹).

618 3223 647 3304 5.
669 3221 720 3285 15.

479 3338 538 3390 Lex
554 3336 640 3392 bum
658 3315 893 3390 testamentarius
980 3383 984 3400 ,

127 3437 416 3516 Quemadmodum
438 3459 519 3502 vero
540 3437 672 3520 legibus
689 3439 764 3501 XII
784 3437 985 3502 Tabularum
1007 3444 1132 3502 tantum
1155 3436 1294 3522 quisque
1340 3423 1352 3432 ’

43 3538 160 3632 legare
176 3553 323 3631 poterat,
339 3554 494 3630 quantum
511 3544 664 3609 volebat:
686 3546 734 3609 ita
753 3546 831 3609 inde
847 3547 963 3629 fiebat,
978 3553 1014 3610 ut
1037 3545 1148 3630 plures
1161 3545 1296 3608 heredi-

44 3664 146 3719 tatem
178 3661 230 3718 tot
252 3653 372 3738 legatis
397 3654 588 3716 exhaustam
613 3652 704 3716 adire
730 3653 869 3720 nollent.
893 3653 983 3718 Hinc
1006 3653 1111 3738 primo
1137 3652 1206 3717 lata
1227 3671 1295 3717 aux

44 3781 148 3828 suma
167 3761 416 3826 testamentaria
433 3783 453 3824 a
468 3760 505 3824 C.
519 3761 633 3844 Furio,
650 3760 800 3826 Tribuno
819 3761 926 3846 plebis
941 3767 987 3844 ΙΙ),
1005 3784 1069 3846 qua
1089 3770 1235 3844 cautum,
1250 3783 1294 3824 ne

111 3959 157 4026 m)
178 3957 324 4010 Caeterum
341 3955 473 4010 rationem
492 3956 682 4023 prohibitionis
700 3958 787 4024 magu
800 3957 969 4024 probabilem
986 3958 1063 4010 affert
1080 3955 1247 4022 'theophilus
1265 3957 1294 4010 in

46 4044 186 4114 Paraplrr.
204 4044 272 4096 Iact.
285 4041 312 4094 li.
329 4043 381 4109 t.§.
395 4046 438 4094 36.
457 4041 545 4096 Mitti
563 4045 607 4096 De
624 4043 737 4096 caeteris
755 4043 897 4098 inutilibus
914 4043 1021 4110 legatis:
1040 4043 1101 4108 Gaj.
1113 4043 1149 4095 ΙΙ.
1166 4043 1187 4109 §.
1199 4045 1295 4096 229-

44 4132 102 4182 234.
121 4126 212 4182 Haud.
242 4115 338 4180 Velutt
363 4143 397 4179 ne
415 4135 475 4180 ante
500 4127 605 4178 heredis
626 4128 811 4182 institutionem
831 4130 924 4195 legata
940 4128 1135 4194 relinquantur,
1157 4141 1211 4178 neu
1232 4136 1296 4193 post

44 4223 156 4266 mortem
175 4213 295 4272 Meda,-
312 4217 340 4264 at
356 4212 424 4264 baeu
440 4226 551 4279 quoque
568 4227 641 4264 noro
654 4215 922 4280 jurematatasunt;
937 4215 1069 4281 §.acea
1084 4213 1108 4265 1.
1127 4211 1152 4264 k.
1170 4221 1187 4263 t.
1206 4209 1293 4264 auita

114 4297 147 4364 n)
168 4297 220 4349 Vir
240 4297 337 4350 doctus
354 4295 436 4350 Guid.
455 4296 589 4350 Panaima
612 4297 739 4351 Themr.
758 4299 835 4352 Varr.
852 4301 936 4352 Lectt.
954 4300 996 4366 Is.
1013 4302 1072 4352 278.
1092 4298 1214 4350 eamdem
1225 4298 1295 4348 banc

45 4386 133 4450 legem
149 4387 229 4448 putat
245 4397 308 4434 cum
326 4380 409 4432 Furia
427 4381 550 4435 Caninia.
568 4383 630 4445 Qua
642 4382 670 4434 in
689 4388 794 4436 recum
811 4383 953 4450 perspicue
964 4401 1056 4436 errare
1072 4383 1115 4435 vel
1132 4383 1195 4434 iude
1212 4385 1294 4447 patet,

47 4468 120 4535 quod
144 4469 212 4520 haee
237 4469 283 4519 lex
304 4465 357 4520 tuit
375 4466 499 4519 Voconia
521 4465 672 4534 anu'quior:
700 4469 812 4521 Pasiam
836 4474 927 4520 autem
949 4467 1092 4520 Caniniam
1113 4468 1221 4520 demum
1242 4465 1294 4518 aab

48 4555 172 4619 Angusto
191 4555 274 4604 latam
292 4558 377 4617 supra
395 4549 650 4604 demonstravimus.
668 4553 747 4605 Heia.
777 4555 820 4605 De
837 4555 896 4620 lege
913 4552 996 4605 Furia
1013 4551 1215 4604 testamentaria
1233 4566 1294 4602 ern·
