<?xml version="1.0" encoding="UTF-8"?>
<!DOCTYPE html PUBLIC "-//W3C//DTD XHTML 1.0 Transitional//EN"
    "http://www.w3.org/TR/xhtml1/DTD/xhtml1-transitional.dtd">
<html xmlns="http://www.w3.org/1999/xhtml" xml:lang="en" lang="en">
 <head>
  <title>
</title>
<meta http-equiv="Content-Type" content="text/html;charset=utf-8" />
  <meta name='ocr-system' content='tesseract 3.04.00' />
  <meta name='ocr-capabilities' content='ocr_page ocr_carea ocr_par ocr_line ocrx_word'/>
</head>
<body>
  <div class='ocr_page' id='page_1' title='image "./jogottliebheine00haubgoog_0501.png"; bbox 0 0 3030 5160; ppageno 0'>
   <div class='ocr_carea' id='block_1_1' title="bbox 196 377 1097 490">
    <p class='ocr_par' dir='ltr' id='par_1_1' title="bbox 196 377 1097 490">
     <span class='ocr_line' id='line_1_1' title="bbox 196 377 1097 490; baseline -0.007 -38"><span class='ocrx_word' id='word_1_1' title='bbox 196 387 270 454; x_wconf 79' lang='grc'><strong>400</strong></span> <span class='ocrx_word' id='word_1_2' title='bbox 545 379 621 448; x_wconf 83' lang='lat' dir='ltr'><strong>Lm.</strong></span> <span class='ocrx_word' id='word_1_3' title='bbox 646 379 690 447; x_wconf 83' lang='lat' dir='ltr'><strong>ll</strong></span> <span class='ocrx_word' id='word_1_4' title='bbox 715 377 1097 490; x_wconf 66' lang='lat' dir='ltr'><strong>mextlt-xxu</strong></span> 
     </span>
    </p>
   </div>
   <div class='ocr_carea' id='block_1_2' title="bbox 195 553 1459 1177">
    <p class='ocr_par' dir='ltr' id='par_1_2' title="bbox 195 553 1459 1177">
     <span class='ocr_line' id='line_1_2' title="bbox 197 553 1459 643; baseline -0.005 -23"><span class='ocrx_word' id='word_1_5' title='bbox 197 555 345 643; x_wconf 83' lang='lat' dir='ltr'><strong>quamvis</strong></span> <span class='ocrx_word' id='word_1_6' title='bbox 365 555 488 620; x_wconf 86' lang='lat' dir='ltr'><strong>Paulus</strong></span> <span class='ocrx_word' id='word_1_7' title='bbox 503 558 525 620; x_wconf 81' lang='lat' dir='ltr'><strong>l.</strong></span> <span class='ocrx_word' id='word_1_8' title='bbox 547 575 573 617; x_wconf 84' lang='lat' dir='ltr'><strong>c.</strong></span> <span class='ocrx_word' id='word_1_9' title='bbox 594 553 753 620; x_wconf 85' lang='lat' dir='ltr'><strong>excludat</strong></span> <span class='ocrx_word' id='word_1_10' title='bbox 772 553 876 619; x_wconf 85' lang='lat' dir='ltr'><strong>verba</strong></span> <span class='ocrx_word' id='word_1_11' title='bbox 896 571 1069 631; x_wconf 77' lang='lat' dir='ltr'><strong>RsntthUo</strong></span> <span class='ocrx_word' id='word_1_12' title='bbox 1089 562 1126 618; x_wconf 85' lang='lat' dir='ltr'><strong>st</strong></span> <span class='ocrx_word' id='word_1_13' title='bbox 1139 569 1339 635; x_wconf 70' lang='lat' dir='ltr'><strong>corsuum,</strong></span> <span class='ocrx_word' id='word_1_14' title='bbox 1367 573 1459 637; x_wconf 89' lang='lat' dir='ltr'><strong>quae</strong></span> 
     </span>
     <span class='ocr_line' id='line_1_3' title="bbox 196 662 1458 750; baseline -0.006 -21"><span class='ocrx_word' id='word_1_15' title='bbox 196 666 268 750; x_wconf 92' lang='lat' dir='ltr'><strong>ipse</strong></span> <span class='ocrx_word' id='word_1_16' title='bbox 292 663 414 740; x_wconf 84' lang='lat' dir='ltr'><strong>nullam</strong></span> <span class='ocrx_word' id='word_1_17' title='bbox 437 663 681 726; x_wconf 86' lang='lat' dir='ltr'><strong>fideicommissi</strong></span> <span class='ocrx_word' id='word_1_18' title='bbox 704 664 868 727; x_wconf 84' lang='lat' dir='ltr'><strong>actionem</strong></span> <span class='ocrx_word' id='word_1_19' title='bbox 897 663 1016 747; x_wconf 81' lang='lat' dir='ltr'><strong>parere</strong></span> <span class='ocrx_word' id='word_1_20' title='bbox 1039 663 1223 726; x_wconf 84' lang='lat' dir='ltr'><strong>existimat:</strong></span> <span class='ocrx_word' id='word_1_21' title='bbox 1247 662 1312 723; x_wconf 90' lang='lat' dir='ltr'><strong>hae</strong></span> <span class='ocrx_word' id='word_1_22' title='bbox 1339 668 1458 724; x_wconf 85' lang='lat' dir='ltr'><strong>tamen</strong></span> 
     </span>
     <span class='ocr_line' id='line_1_4' title="bbox 197 767 1459 854; baseline -0.006 -20"><span class='ocrx_word' id='word_1_23' title='bbox 197 772 359 836; x_wconf 80' lang='lat' dir='ltr'><strong>formulae</strong></span> <span class='ocrx_word' id='word_1_24' title='bbox 375 772 490 854; x_wconf 91' lang='lat' dir='ltr'><strong>etiam,</strong></span> <span class='ocrx_word' id='word_1_25' title='bbox 507 780 593 835; x_wconf 93' lang='lat' dir='ltr'><strong>utet</strong></span> <span class='ocrx_word' id='word_1_26' title='bbox 609 771 694 834; x_wconf 90' lang='lat' dir='ltr'><strong>aliae</strong></span> <span class='ocrx_word' id='word_1_27' title='bbox 712 790 844 850; x_wconf 89' lang='lat' dir='ltr'><strong>omnes,</strong></span> <span class='ocrx_word' id='word_1_28' title='bbox 863 770 1006 834; x_wconf 86' lang='lat' dir='ltr'><strong>idoneae</strong></span> <span class='ocrx_word' id='word_1_29' title='bbox 1022 771 1113 834; x_wconf 84' lang='lat' dir='ltr'><strong>visae</strong></span> <span class='ocrx_word' id='word_1_30' title='bbox 1132 777 1207 832; x_wconf 87' lang='lat' dir='ltr'><strong>sunt</strong></span> <span class='ocrx_word' id='word_1_31' title='bbox 1224 776 1302 854; x_wconf 86' lang='lat' dir='ltr'><strong>post</strong></span> <span class='ocrx_word' id='word_1_32' title='bbox 1317 769 1358 828; x_wconf 79' lang='lat' dir='ltr'><strong>L.</strong></span> <span class='ocrx_word' id='word_1_33' title='bbox 1374 767 1408 828; x_wconf 79' lang='lat'><strong>2.</strong></span> <span class='ocrx_word' id='word_1_34' title='bbox 1426 768 1459 828; x_wconf 80' lang='lat'><strong>0.</strong></span> 
     </span>
     <span class='ocr_line' id='line_1_5' title="bbox 200 873 1459 963; baseline -0.006 -20"><span class='ocrx_word' id='word_1_35' title='bbox 200 883 357 943; x_wconf 68' lang='lat' dir='ltr'><strong>commun.</strong></span> <span class='ocrx_word' id='word_1_36' title='bbox 373 881 519 961; x_wconf 79' lang='lat' dir='ltr'><strong>delegat.</strong></span> <span class='ocrx_word' id='word_1_37' title='bbox 535 887 566 940; x_wconf 81' lang='lat' dir='ltr'><strong>et</strong></span> <span class='ocrx_word' id='word_1_38' title='bbox 573 880 758 961; x_wconf 77' lang='lat' dir='ltr'><strong>fideicomm.</strong></span> <span class='ocrx_word' id='word_1_39' title='bbox 781 877 858 941; x_wconf 90' lang='lat' dir='ltr'><strong>Vid.</strong></span> <span class='ocrx_word' id='word_1_40' title='bbox 873 877 1025 963; x_wconf 83' lang='lat' dir='ltr'><strong>Cujacius</strong></span> <span class='ocrx_word' id='word_1_41' title='bbox 1038 880 1084 941; x_wconf 83' lang='lat' dir='ltr'><strong>ad</strong></span> <span class='ocrx_word' id='word_1_42' title='bbox 1092 880 1189 939; x_wconf 80' lang='lat' dir='ltr'><strong>Paul.</strong></span> <span class='ocrx_word' id='word_1_43' title='bbox 1203 878 1318 958; x_wconf 65' lang='lat' dir='ltr'><strong>drap.</strong></span> <span class='ocrx_word' id='word_1_44' title='bbox 1328 897 1373 936; x_wconf 87' lang='lat' dir='ltr'><strong>m.</strong></span> <span class='ocrx_word' id='word_1_45' title='bbox 1384 873 1459 937; x_wconf 81' lang='lat'><strong>385.</strong></span> 
     </span>
     <span class='ocr_line' id='line_1_6' title="bbox 196 981 1458 1069; baseline -0.006 -20"><span class='ocrx_word' id='word_1_46' title='bbox 196 1009 241 1069; x_wconf 83' lang='lat' dir='ltr'><strong>sq.</strong></span> <span class='ocrx_word' id='word_1_47' title='bbox 263 987 361 1049; x_wconf 86' lang='lat' dir='ltr'><strong>Barn.</strong></span> <span class='ocrx_word' id='word_1_48' title='bbox 381 985 565 1048; x_wconf 87' lang='lat' dir='ltr'><strong>Brissonius</strong></span> <span class='ocrx_word' id='word_1_49' title='bbox 587 987 626 1045; x_wconf 77' lang='lat' dir='ltr'><strong>ds</strong></span> <span class='ocrx_word' id='word_1_50' title='bbox 639 987 745 1047; x_wconf 82' lang='lat' dir='ltr'><strong>Form.</strong></span> <span class='ocrx_word' id='word_1_51' title='bbox 767 985 835 1046; x_wconf 87' lang='lat' dir='ltr'><em>VII.</em></span> <span class='ocrx_word' id='word_1_52' title='bbox 853 1007 885 1066; x_wconf 85' lang='lat' dir='ltr'><strong>p.</strong></span> <span class='ocrx_word' id='word_1_53' title='bbox 899 983 972 1048; x_wconf 85' lang='lat'><strong>668.</strong></span> <span class='ocrx_word' id='word_1_54' title='bbox 987 985 1032 1068; x_wconf 70' lang='lat' dir='ltr'><strong>sq.</strong></span> <span class='ocrx_word' id='word_1_55' title='bbox 1058 983 1164 1064; x_wconf 82' lang='lat' dir='ltr'><strong>(Add.</strong></span> <span class='ocrx_word' id='word_1_56' title='bbox 1180 982 1321 1069; x_wconf 80' lang='lat' dir='ltr'><strong>Gaj.11.</strong></span> <span class='ocrx_word' id='word_1_57' title='bbox 1339 983 1370 1064; x_wconf 64' lang='grc' dir='ltr'><strong>ς.</strong></span> <span class='ocrx_word' id='word_1_58' title='bbox 1386 981 1458 1045; x_wconf 70' lang='grc'><strong>219.</strong></span> 
     </span>
     <span class='ocr_line' id='line_1_7' title="bbox 195 1091 844 1177; baseline -0.011 -19"><span class='ocrx_word' id='word_1_59' title='bbox 195 1094 267 1158; x_wconf 75' lang='lat'>250.</span> <span class='ocrx_word' id='word_1_60' title='bbox 285 1101 319 1157; x_wconf 90' lang='lat' dir='ltr'><strong>et</strong></span> <span class='ocrx_word' id='word_1_61' title='bbox 333 1093 412 1177; x_wconf 91' lang='lat' dir='ltr'><strong>Ulp.</strong></span> <span class='ocrx_word' id='word_1_62' title='bbox 426 1092 547 1155; x_wconf 90' lang='lat' dir='ltr'>XXV.</span> <span class='ocrx_word' id='word_1_63' title='bbox 562 1092 591 1173; x_wconf 86' lang='lat'><strong>§.</strong></span> <span class='ocrx_word' id='word_1_64' title='bbox 604 1091 652 1172; x_wconf 76' lang='lat'><strong>2.)</strong></span> <span class='ocrx_word' id='word_1_65' title='bbox 841 1103 844 1108; x_wconf 85' lang='lat'>&#39;</span> 
     </span>
    </p>
   </div>
   <div class='ocr_carea' id='block_1_3' title="bbox 446 1199 1194 1368">
    <p class='ocr_par' dir='ltr' id='par_1_3' title="bbox 446 1199 1194 1368">
     <span class='ocr_line' id='line_1_8' title="bbox 805 1199 863 1262; baseline 0.034 -2"><span class='ocrx_word' id='word_1_66' title='bbox 805 1246 812 1260; x_wconf 90' lang='lat'>.</span> <span class='ocrx_word' id='word_1_67' title='bbox 833 1199 863 1262; x_wconf 71' lang='grc'><strong>8</strong></span> 
     </span>
     <span class='ocr_line' id='line_1_9' title="bbox 446 1200 1194 1368; baseline 0 -16"><span class='ocrx_word' id='word_1_68' title='bbox 446 1300 719 1352; x_wconf 63' lang='lat' dir='ltr'><strong>fideicommissorum</strong></span> <span class='ocrx_word' id='word_1_69' title='bbox 736 1200 835 1352; x_wconf 49' lang='lat' dir='ltr'><strong>sattim</strong></span> <span class='ocrx_word' id='word_1_70' title='bbox 853 1309 915 1352; x_wconf 73' lang='lat' dir='ltr'><strong>aste</strong></span> <span class='ocrx_word' id='word_1_71' title='bbox 933 1299 1050 1368; x_wconf 72' lang='lat' dir='ltr'><strong>Auyurti</strong></span> <span class='ocrx_word' id='word_1_72' title='bbox 1066 1309 1194 1368; x_wconf 64' lang='lat' dir='ltr'><strong>tenpors.</strong></span> 
     </span>
    </p>
   </div>
   <div class='ocr_carea' id='block_1_4' title="bbox 197 1396 1492 3610">
    <p class='ocr_par' dir='ltr' id='par_1_4' title="bbox 197 1396 1492 3201">
     <span class='ocr_line' id='line_1_10' title="bbox 252 1396 1492 1487; baseline -0.004 -24"><span class='ocrx_word' id='word_1_73' title='bbox 252 1415 254 1420; x_wconf 81' lang='grc'>’</span> <span class='ocrx_word' id='word_1_74' title='bbox 283 1399 426 1477; x_wconf 86' lang='lat' dir='ltr'><strong>Quodsi</strong></span> <span class='ocrx_word' id='word_1_75' title='bbox 442 1422 522 1484; x_wconf 83' lang='lat' dir='ltr'><strong>ergo</strong></span> <span class='ocrx_word' id='word_1_76' title='bbox 539 1401 648 1465; x_wconf 90' lang='lat' dir='ltr'><strong>verbis</strong></span> <span class='ocrx_word' id='word_1_77' title='bbox 664 1399 1017 1487; x_wconf 86' lang='lat' dir='ltr'><strong>ejusmodiprecativis</strong></span> <span class='ocrx_word' id='word_1_78' title='bbox 1033 1399 1160 1486; x_wconf 88' lang='lat' dir='ltr'><strong>aliquid</strong></span> <span class='ocrx_word' id='word_1_79' title='bbox 1176 1406 1264 1461; x_wconf 86' lang='lat' dir='ltr'><strong>esset</strong></span> <span class='ocrx_word' id='word_1_80' title='bbox 1283 1396 1456 1462; x_wconf 88' lang='lat' dir='ltr'><strong>relictum:</strong></span> <span class='ocrx_word' id='word_1_81' title='bbox 1488 1397 1492 1402; x_wconf 82' lang='grc'><strong>’</strong></span> 
     </span>
     <span class='ocr_line' id='line_1_11' title="bbox 197 1504 1454 1591; baseline -0.003 -21"><span class='ocrx_word' id='word_1_82' title='bbox 197 1507 330 1573; x_wconf 90' lang='lat' dir='ltr'><strong>heredis</strong></span> <span class='ocrx_word' id='word_1_83' title='bbox 354 1516 426 1572; x_wconf 93' lang='lat' dir='ltr'><strong>erat</strong></span> <span class='ocrx_word' id='word_1_84' title='bbox 448 1509 636 1589; x_wconf 83' lang='lat' dir='ltr'><strong>arbitrium,</strong></span> <span class='ocrx_word' id='word_1_85' title='bbox 657 1507 805 1571; x_wconf 91' lang='lat' dir='ltr'><strong>velletne</strong></span> <span class='ocrx_word' id='word_1_86' title='bbox 827 1505 912 1570; x_wconf 92' lang='lat' dir='ltr'><strong>illud</strong></span> <span class='ocrx_word' id='word_1_87' title='bbox 934 1517 1119 1591; x_wconf 89' lang='lat' dir='ltr'><strong>praestare,</strong></span> <span class='ocrx_word' id='word_1_88' title='bbox 1143 1530 1184 1570; x_wconf 90' lang='lat' dir='ltr'><strong>an</strong></span> <span class='ocrx_word' id='word_1_89' title='bbox 1207 1504 1328 1568; x_wconf 88' lang='lat' dir='ltr'><strong>nollet.</strong></span> <span class='ocrx_word' id='word_1_90' title='bbox 1350 1505 1454 1568; x_wconf 87' lang='lat' dir='ltr'><strong>Nullo</strong></span> 
     </span>
     <span class='ocr_line' id='line_1_12' title="bbox 199 1613 1455 1700; baseline -0.002 -22"><span class='ocrx_word' id='word_1_91' title='bbox 199 1615 287 1678; x_wconf 88' lang='lat' dir='ltr'><strong>enim</strong></span> <span class='ocrx_word' id='word_1_92' title='bbox 303 1614 389 1698; x_wconf 87' lang='lat' dir='ltr'><strong>juris</strong></span> <span class='ocrx_word' id='word_1_93' title='bbox 410 1615 560 1696; x_wconf 90' lang='lat' dir='ltr'><strong>vinculo,</strong></span> <span class='ocrx_word' id='word_1_94' title='bbox 583 1614 642 1679; x_wconf 90' lang='lat' dir='ltr'><strong>sed</strong></span> <span class='ocrx_word' id='word_1_95' title='bbox 665 1623 790 1678; x_wconf 92' lang='lat' dir='ltr'><strong>tantum</strong></span> <span class='ocrx_word' id='word_1_96' title='bbox 815 1616 942 1700; x_wconf 90' lang='lat' dir='ltr'><strong>pudore</strong></span> <span class='ocrx_word' id='word_1_97' title='bbox 961 1625 997 1680; x_wconf 92' lang='lat' dir='ltr'><strong>et</strong></span> <span class='ocrx_word' id='word_1_98' title='bbox 1020 1616 1086 1679; x_wconf 90' lang='lat' dir='ltr'><strong>tide</strong></span> <span class='ocrx_word' id='word_1_99' title='bbox 1111 1635 1241 1694; x_wconf 90' lang='lat' dir='ltr'><strong>eorum,</strong></span> <span class='ocrx_word' id='word_1_100' title='bbox 1264 1615 1324 1698; x_wconf 93' lang='lat' dir='ltr'><strong>qui</strong></span> <span class='ocrx_word' id='word_1_101' title='bbox 1346 1613 1455 1696; x_wconf 85' lang='lat' dir='ltr'><strong>rogati</strong></span> 
     </span>
     <span class='ocr_line' id='line_1_13' title="bbox 199 1720 1450 1804; baseline -0.003 -18"><span class='ocrx_word' id='word_1_102' title='bbox 199 1731 309 1804; x_wconf 89' lang='lat' dir='ltr'><strong>erant,</strong></span> <span class='ocrx_word' id='word_1_103' title='bbox 333 1724 588 1786; x_wconf 88' lang='lat' dir='ltr'>continebantur</span> <span class='ocrx_word' id='word_1_104' title='bbox 609 1721 875 1788; x_wconf 82' lang='lat' dir='ltr'><strong>fideicommissa:</strong></span> <span class='ocrx_word' id='word_1_105' title='bbox 901 1724 929 1804; x_wconf 86' lang='lat'><strong>§.</strong></span> <span class='ocrx_word' id='word_1_106' title='bbox 944 1720 973 1784; x_wconf 92' lang='grc'><strong>1.</strong></span> <span class='ocrx_word' id='word_1_107' title='bbox 990 1725 1067 1784; x_wconf 77' lang='lat' dir='ltr'><strong>last.</strong></span> <span class='ocrx_word' id='word_1_108' title='bbox 1083 1724 1112 1784; x_wconf 80' lang='lat' dir='ltr'><strong>h.</strong></span> <span class='ocrx_word' id='word_1_109' title='bbox 1133 1733 1154 1784; x_wconf 91' lang='lat' dir='ltr'><strong>t.</strong></span> <span class='ocrx_word' id='word_1_110' title='bbox 1179 1721 1322 1804; x_wconf 79' lang='lat' dir='ltr'><strong>Saepius</strong></span> <span class='ocrx_word' id='word_1_111' title='bbox 1344 1731 1450 1784; x_wconf 88' lang='lat' dir='ltr'><strong>tamen</strong></span> 
     </span>
     <span class='ocr_line' id='line_1_14' title="bbox 198 1823 1450 1910; baseline 0 -18"><span class='ocrx_word' id='word_1_112' title='bbox 198 1837 330 1893; x_wconf 89' lang='lat' dir='ltr'><strong>veteres</strong></span> <span class='ocrx_word' id='word_1_113' title='bbox 344 1828 503 1892; x_wconf 87' lang='lat' dir='ltr'><strong>heredum</strong></span> <span class='ocrx_word' id='word_1_114' title='bbox 519 1823 599 1892; x_wconf 85' lang='lat' dir='ltr'><strong>lidei</strong></span> <span class='ocrx_word' id='word_1_115' title='bbox 612 1829 872 1905; x_wconf 84' lang='lat' dir='ltr'>committebant,</span> <span class='ocrx_word' id='word_1_116' title='bbox 888 1831 957 1893; x_wconf 85' lang='lat' dir='ltr'><strong>sive</strong></span> <span class='ocrx_word' id='word_1_117' title='bbox 972 1829 1067 1910; x_wconf 91' lang='lat' dir='ltr'><strong>clam,</strong></span> <span class='ocrx_word' id='word_1_118' title='bbox 1084 1828 1154 1892; x_wconf 89' lang='lat' dir='ltr'><strong>sive</strong></span> <span class='ocrx_word' id='word_1_119' title='bbox 1169 1830 1283 1893; x_wconf 89' lang='lat' dir='ltr'><strong>verbis</strong></span> <span class='ocrx_word' id='word_1_120' title='bbox 1301 1830 1337 1892; x_wconf 92' lang='lat' dir='ltr'><strong>in</strong></span> <span class='ocrx_word' id='word_1_121' title='bbox 1352 1838 1450 1893; x_wconf 89' lang='lat' dir='ltr'><strong>testa-</strong></span> 
     </span>
     <span class='ocr_line' id='line_1_15' title="bbox 199 1935 1445 2021; baseline -0.002 -23"><span class='ocrx_word' id='word_1_122' title='bbox 199 1944 311 1999; x_wconf 93' lang='lat' dir='ltr'><strong>mento</strong></span> <span class='ocrx_word' id='word_1_123' title='bbox 328 1937 505 2020; x_wconf 87' lang='lat' dir='ltr'><strong>expressis,</strong></span> <span class='ocrx_word' id='word_1_124' title='bbox 522 1937 662 1999; x_wconf 86' lang='lat' dir='ltr'><strong>maxime</strong></span> <span class='ocrx_word' id='word_1_125' title='bbox 685 1938 712 2000; x_wconf 90' lang='lat' dir='ltr'><strong>si</strong></span> <span class='ocrx_word' id='word_1_126' title='bbox 734 1937 774 2000; x_wconf 93' lang='lat' dir='ltr'><strong>iis</strong></span> <span class='ocrx_word' id='word_1_127' title='bbox 790 1937 968 2021; x_wconf 88' lang='lat' dir='ltr'><strong>quidquam</strong></span> <span class='ocrx_word' id='word_1_128' title='bbox 988 1936 1178 2020; x_wconf 84' lang='lat' dir='ltr'><strong>relinquere</strong></span> <span class='ocrx_word' id='word_1_129' title='bbox 1201 1945 1375 2020; x_wconf 86' lang='lat' dir='ltr'><strong>cuperent,</strong></span> <span class='ocrx_word' id='word_1_130' title='bbox 1389 1935 1445 2019; x_wconf 95' lang='lat' dir='ltr'><strong>qui</strong></span> 
     </span>
     <span class='ocr_line' id='line_1_16' title="bbox 198 2043 1449 2128; baseline 0.001 -23"><span class='ocrx_word' id='word_1_131' title='bbox 198 2063 261 2127; x_wconf 91' lang='lat' dir='ltr'><strong>per</strong></span> <span class='ocrx_word' id='word_1_132' title='bbox 274 2043 369 2127; x_wconf 84' lang='lat' dir='ltr'><strong>leges</strong></span> <span class='ocrx_word' id='word_1_133' title='bbox 385 2054 479 2107; x_wconf 91' lang='lat' dir='ltr'><strong>erant</strong></span> <span class='ocrx_word' id='word_1_134' title='bbox 494 2045 666 2128; x_wconf 81' lang='lat' dir='ltr'><strong>incapaces</strong></span> <span class='ocrx_word' id='word_1_135' title='bbox 681 2049 724 2124; x_wconf 70' lang='grc' dir='ltr'><strong>ο).</strong></span> <span class='ocrx_word' id='word_1_136' title='bbox 747 2043 848 2128; x_wconf 84' lang='lat' dir='ltr'><strong>Cujus</strong></span> <span class='ocrx_word' id='word_1_137' title='bbox 862 2045 912 2106; x_wconf 90' lang='lat' dir='ltr'><strong>rei</strong></span> <span class='ocrx_word' id='word_1_138' title='bbox 933 2043 1092 2127; x_wconf 89' lang='lat' dir='ltr'><strong>exempla</strong></span> <span class='ocrx_word' id='word_1_139' title='bbox 1114 2052 1188 2107; x_wconf 88' lang='lat' dir='ltr'><strong>sunt</strong></span> <span class='ocrx_word' id='word_1_140' title='bbox 1209 2045 1302 2127; x_wconf 90' lang='lat' dir='ltr'><strong>apud</strong></span> <span class='ocrx_word' id='word_1_141' title='bbox 1318 2044 1449 2108; x_wconf 82' lang='lat' dir='ltr'><strong>Cicero-</strong></span> 
     </span>
     <span class='ocr_line' id='line_1_17' title="bbox 199 2150 1450 2232; baseline -0.001 -18"><span class='ocrx_word' id='word_1_142' title='bbox 199 2173 276 2214; x_wconf 86' lang='lat' dir='ltr'><strong>nem</strong></span> <span class='ocrx_word' id='word_1_143' title='bbox 291 2153 331 2214; x_wconf 83' lang='lat' dir='ltr'><strong>de</strong></span> <span class='ocrx_word' id='word_1_144' title='bbox 345 2153 444 2214; x_wconf 69' lang='lat' dir='ltr'><strong>mnu.</strong></span> <span class='ocrx_word' id='word_1_145' title='bbox 456 2153 560 2213; x_wconf 81' lang='lat' dir='ltr'><strong>bonor.</strong></span> <span class='ocrx_word' id='word_1_146' title='bbox 575 2161 606 2214; x_wconf 80' lang='lat' dir='ltr'><strong>et</strong></span> <span class='ocrx_word' id='word_1_147' title='bbox 620 2154 728 2213; x_wconf 81' lang='lat' dir='ltr'><strong>mator.</strong></span> <span class='ocrx_word' id='word_1_148' title='bbox 741 2152 782 2212; x_wconf 92' lang='grc' dir='ltr'><strong>ΙΙ.</strong></span> <span class='ocrx_word' id='word_1_149' title='bbox 792 2151 841 2214; x_wconf 91' lang='grc'><strong>18.</strong></span> <span class='ocrx_word' id='word_1_150' title='bbox 854 2153 882 2232; x_wconf 83' lang='lat'><strong>§.</strong></span> <span class='ocrx_word' id='word_1_151' title='bbox 893 2152 944 2214; x_wconf 83' lang='grc'><strong>58.</strong></span> <span class='ocrx_word' id='word_1_152' title='bbox 958 2150 1219 2229; x_wconf 84' lang='lat' dir='ltr'><strong>Quinctilianum</strong></span> <span class='ocrx_word' id='word_1_153' title='bbox 1231 2151 1450 2214; x_wconf 65' lang='lat' dir='ltr'><strong>Declamfflh.</strong></span> 
     </span>
     <span class='ocr_line' id='line_1_18' title="bbox 201 2255 1449 2344; baseline 0 -22"><span class='ocrx_word' id='word_1_154' title='bbox 201 2266 236 2322; x_wconf 84' lang='lat' dir='ltr'><strong>et</strong></span> <span class='ocrx_word' id='word_1_155' title='bbox 249 2258 420 2323; x_wconf 86' lang='lat' dir='ltr'><strong>Valerium</strong></span> <span class='ocrx_word' id='word_1_156' title='bbox 441 2257 531 2320; x_wconf 89' lang='lat' dir='ltr'><strong>Max.</strong></span> <span class='ocrx_word' id='word_1_157' title='bbox 547 2259 569 2320; x_wconf 85' lang='lat'><em>1</em></span> <span class='ocrx_word' id='word_1_158' title='bbox 570 2259 605 2321; x_wconf 89' lang='lat' dir='ltr'><strong>V.</strong></span> <span class='ocrx_word' id='word_1_159' title='bbox 615 2255 645 2320; x_wconf 79' lang='lat'><strong>2.</strong></span> <span class='ocrx_word' id='word_1_160' title='bbox 660 2259 690 2320; x_wconf 82' lang='lat'><strong>7.</strong></span> <span class='ocrx_word' id='word_1_161' title='bbox 714 2260 772 2342; x_wconf 92' lang='lat' dir='ltr'><strong>qui</strong></span> <span class='ocrx_word' id='word_1_162' title='bbox 792 2260 912 2336; x_wconf 85' lang='lat' dir='ltr'><strong>refert,</strong></span> <span class='ocrx_word' id='word_1_163' title='bbox 935 2258 977 2336; x_wconf 84' lang='lat' dir='ltr'><strong>Q.</strong></span> <span class='ocrx_word' id='word_1_164' title='bbox 993 2260 1190 2344; x_wconf 83' lang='lat' dir='ltr'><strong>Pompejum</strong></span> <span class='ocrx_word' id='word_1_165' title='bbox 1205 2259 1334 2322; x_wconf 85' lang='lat' dir='ltr'><strong>Rufum</strong></span> <span class='ocrx_word' id='word_1_166' title='bbox 1359 2281 1449 2322; x_wconf 83' lang='lat' dir='ltr'><strong>exsu-</strong></span> 
     </span>
     <span class='ocr_line' id='line_1_19' title="bbox 199 2365 1450 2453; baseline -0.002 -23"><span class='ocrx_word' id='word_1_167' title='bbox 199 2367 277 2448; x_wconf 89' lang='lat' dir='ltr'><strong>lem,</strong></span> <span class='ocrx_word' id='word_1_168' title='bbox 290 2388 388 2453; x_wconf 92' lang='lat' dir='ltr'><strong>quum</strong></span> <span class='ocrx_word' id='word_1_169' title='bbox 405 2387 448 2428; x_wconf 88' lang='lat' dir='ltr'><strong>ex</strong></span> <span class='ocrx_word' id='word_1_170' title='bbox 463 2373 661 2434; x_wconf 88' lang='lat' dir='ltr'><strong>testamento</strong></span> <span class='ocrx_word' id='word_1_171' title='bbox 674 2367 753 2430; x_wconf 87' lang='lat' dir='ltr'><strong>civis</strong></span> <span class='ocrx_word' id='word_1_172' title='bbox 763 2366 908 2430; x_wconf 91' lang='lat' dir='ltr'><strong>Romani</strong></span> <span class='ocrx_word' id='word_1_173' title='bbox 923 2365 1007 2428; x_wconf 89' lang='lat' dir='ltr'><strong>nihil</strong></span> <span class='ocrx_word' id='word_1_174' title='bbox 1018 2387 1138 2451; x_wconf 86' lang='lat' dir='ltr'><strong>capere</strong></span> <span class='ocrx_word' id='word_1_175' title='bbox 1154 2368 1330 2451; x_wconf 78' lang='lat' dir='ltr'><strong>potuisset,</strong></span> <span class='ocrx_word' id='word_1_176' title='bbox 1346 2376 1450 2432; x_wconf 90' lang='lat' dir='ltr'><strong>tamen</strong></span> 
     </span>
     <span class='ocr_line' id='line_1_20' title="bbox 200 2473 1450 2559; baseline 0 -21"><span class='ocrx_word' id='word_1_177' title='bbox 200 2478 289 2539; x_wconf 88' lang='lat' dir='ltr'><strong>bona</strong></span> <span class='ocrx_word' id='word_1_178' title='bbox 305 2473 471 2559; x_wconf 88' lang='lat' dir='ltr'><strong>cujusdam</strong></span> <span class='ocrx_word' id='word_1_179' title='bbox 488 2475 671 2557; x_wconf 86' lang='lat' dir='ltr'><strong>accepisse,</strong></span> <span class='ocrx_word' id='word_1_180' title='bbox 688 2475 745 2558; x_wconf 94' lang='lat' dir='ltr'><strong>qui</strong></span> <span class='ocrx_word' id='word_1_181' title='bbox 764 2475 859 2536; x_wconf 91' lang='lat' dir='ltr'><strong>matri</strong></span> <span class='ocrx_word' id='word_1_182' title='bbox 874 2474 1010 2556; x_wconf 89' lang='lat' dir='ltr'><strong>praedia</strong></span> <span class='ocrx_word' id='word_1_183' title='bbox 1027 2495 1084 2538; x_wconf 89' lang='lat' dir='ltr'><strong>sua</strong></span> <span class='ocrx_word' id='word_1_184' title='bbox 1098 2473 1402 2557; x_wconf 87' lang='lat' dir='ltr'><strong>fideicommiserat‚</strong></span> <span class='ocrx_word' id='word_1_185' title='bbox 1418 2483 1450 2538; x_wconf 93' lang='lat' dir='ltr'><strong>ut</strong></span> 
     </span>
     <span class='ocr_line' id='line_1_21' title="bbox 200 2579 1449 2664; baseline 0 -20"><span class='ocrx_word' id='word_1_186' title='bbox 200 2582 284 2645; x_wconf 89' lang='lat' dir='ltr'><strong>haec</strong></span> <span class='ocrx_word' id='word_1_187' title='bbox 297 2582 357 2644; x_wconf 91' lang='lat' dir='ltr'><strong>illa</strong></span> <span class='ocrx_word' id='word_1_188' title='bbox 381 2579 450 2642; x_wconf 86' lang='lat' dir='ltr'><strong>filio</strong></span> <span class='ocrx_word' id='word_1_189' title='bbox 466 2581 629 2664; x_wconf 90' lang='lat' dir='ltr'><strong>Pompejo</strong></span> <span class='ocrx_word' id='word_1_190' title='bbox 644 2582 843 2644; x_wconf 88' lang='lat' dir='ltr'><strong>restitueret.</strong></span> <span class='ocrx_word' id='word_1_191' title='bbox 868 2580 935 2643; x_wconf 90' lang='lat' dir='ltr'><strong>Sed</strong></span> <span class='ocrx_word' id='word_1_192' title='bbox 952 2581 1112 2664; x_wconf 91' lang='lat' dir='ltr'><strong>ejusmodi</strong></span> <span class='ocrx_word' id='word_1_193' title='bbox 1134 2582 1401 2662; x_wconf 87' lang='lat' dir='ltr'><strong>fideicommissa,</strong></span> <span class='ocrx_word' id='word_1_194' title='bbox 1419 2593 1449 2645; x_wconf 94' lang='lat' dir='ltr'><strong>ut</strong></span> 
     </span>
     <span class='ocr_line' id='line_1_22' title="bbox 202 2687 1445 2772; baseline 0 -21"><span class='ocrx_word' id='word_1_195' title='bbox 202 2688 283 2769; x_wconf 84' lang='lat' dir='ltr'><strong>dixi,</strong></span> <span class='ocrx_word' id='word_1_196' title='bbox 301 2709 368 2750; x_wconf 91' lang='lat' dir='ltr'><strong>non</strong></span> <span class='ocrx_word' id='word_1_197' title='bbox 382 2689 567 2751; x_wconf 86' lang='lat' dir='ltr'><strong>necessario</strong></span> <span class='ocrx_word' id='word_1_198' title='bbox 583 2687 835 2770; x_wconf 88' lang='lat' dir='ltr'><strong>praestabantur</strong></span> <span class='ocrx_word' id='word_1_199' title='bbox 849 2687 894 2768; x_wconf 74' lang='lat'><strong>⁴¹),</strong></span> <span class='ocrx_word' id='word_1_200' title='bbox 911 2696 1110 2772; x_wconf 86' lang='lat' dir='ltr'><strong>poteratque</strong></span> <span class='ocrx_word' id='word_1_201' title='bbox 1125 2689 1211 2751; x_wconf 89' lang='lat' dir='ltr'><strong>adeo</strong></span> <span class='ocrx_word' id='word_1_202' title='bbox 1226 2687 1401 2755; x_wconf 83' lang='lat' dir='ltr'><strong>hereditas</strong></span> <span class='ocrx_word' id='word_1_203' title='bbox 1413 2691 1445 2752; x_wconf 89' lang='lat' dir='ltr'><strong>ah</strong></span> 
     </span>
     <span class='ocr_line' id='line_1_23' title="bbox 199 2795 1447 2880; baseline -0.002 -19"><span class='ocrx_word' id='word_1_204' title='bbox 199 2796 325 2861; x_wconf 90' lang='lat' dir='ltr'><strong>herede</strong></span> <span class='ocrx_word' id='word_1_205' title='bbox 344 2795 515 2859; x_wconf 88' lang='lat' dir='ltr'><strong>fiduciario</strong></span> <span class='ocrx_word' id='word_1_206' title='bbox 531 2796 664 2879; x_wconf 88' lang='lat' dir='ltr'><strong>impune</strong></span> <span class='ocrx_word' id='word_1_207' title='bbox 686 2796 832 2859; x_wconf 91' lang='lat' dir='ltr'><strong>retineri.</strong></span> <span class='ocrx_word' id='word_1_208' title='bbox 855 2795 1079 2873; x_wconf 85' lang='lat' dir='ltr'><strong>Quamobrein</strong></span> <span class='ocrx_word' id='word_1_209' title='bbox 1099 2806 1133 2860; x_wconf 91' lang='lat' dir='ltr'><strong>et</strong></span> <span class='ocrx_word' id='word_1_210' title='bbox 1153 2797 1399 2880; x_wconf 88' lang='lat' dir='ltr'><strong>hereditatem,</strong></span> <span class='ocrx_word' id='word_1_211' title='bbox 1412 2819 1447 2860; x_wconf 85' lang='lat' dir='ltr'><strong>ex</strong></span> 
     </span>
     <span class='ocr_line' id='line_1_24' title="bbox 202 2903 1447 2991; baseline 0 -24"><span class='ocrx_word' id='word_1_212' title='bbox 202 2905 453 2968; x_wconf 80' lang='lat' dir='ltr'><strong>fideicommissa</strong></span> <span class='ocrx_word' id='word_1_213' title='bbox 475 2904 677 2984; x_wconf 89' lang='lat' dir='ltr'><strong>restitutam,</strong></span> <span class='ocrx_word' id='word_1_214' title='bbox 702 2903 866 2966; x_wconf 88' lang='lat' dir='ltr'><strong>fiduciarii</strong></span> <span class='ocrx_word' id='word_1_215' title='bbox 892 2904 996 2966; x_wconf 89' lang='lat' dir='ltr'><strong>veluti</strong></span> <span class='ocrx_word' id='word_1_216' title='bbox 1020 2903 1216 2969; x_wconf 88' lang='lat' dir='ltr'><strong>liberalitati</strong></span> <span class='ocrx_word' id='word_1_217' title='bbox 1237 2907 1447 2991; x_wconf 83' lang='lat' dir='ltr'><strong>imputabant.</strong></span> 
     </span>
     <span class='ocr_line' id='line_1_25' title="bbox 202 3011 1446 3096; baseline -0.002 -21"><span class='ocrx_word' id='word_1_218' title='bbox 202 3015 247 3076; x_wconf 90' lang='lat' dir='ltr'><strong>Et</strong></span> <span class='ocrx_word' id='word_1_219' title='bbox 266 3013 313 3075; x_wconf 90' lang='lat' dir='ltr'><strong>ita</strong></span> <span class='ocrx_word' id='word_1_220' title='bbox 335 3033 399 3096; x_wconf 86' lang='lat' dir='ltr'><strong>ego</strong></span> <span class='ocrx_word' id='word_1_221' title='bbox 417 3011 620 3094; x_wconf 90' lang='lat' dir='ltr'><strong>interpretor</strong></span> <span class='ocrx_word' id='word_1_222' title='bbox 635 3011 738 3074; x_wconf 91' lang='lat' dir='ltr'><strong>verba</strong></span> <span class='ocrx_word' id='word_1_223' title='bbox 752 3012 787 3073; x_wconf 93' lang='lat' dir='ltr'><strong>in</strong></span> <span class='ocrx_word' id='word_1_224' title='bbox 803 3032 964 3074; x_wconf 86' lang='lat' dir='ltr'><strong>marmore</strong></span> <span class='ocrx_word' id='word_1_225' title='bbox 982 3013 1071 3096; x_wconf 89' lang='lat' dir='ltr'><strong>apud</strong></span> <span class='ocrx_word' id='word_1_226' title='bbox 1084 3013 1278 3087; x_wconf 86' lang='lat' dir='ltr'><strong>Reinesium</strong></span> <span class='ocrx_word' id='word_1_227' title='bbox 1296 3016 1446 3096; x_wconf 76' lang='lat' dir='ltr'><strong>Inscriptt.</strong></span> 
     </span>
     <span class='ocr_line' id='line_1_26' title="bbox 206 3118 996 3201; baseline -0.001 -20"><span class='ocrx_word' id='word_1_228' title='bbox 206 3121 303 3182; x_wconf 78' lang='lat' dir='ltr'><strong>Clusa.</strong></span> <span class='ocrx_word' id='word_1_229' title='bbox 319 3121 361 3181; x_wconf 93' lang='grc' dir='ltr'><strong>ΙΙ.</strong></span> <span class='ocrx_word' id='word_1_230' title='bbox 373 3141 405 3201; x_wconf 85' lang='lat' dir='ltr'><strong>p.</strong></span> <span class='ocrx_word' id='word_1_231' title='bbox 420 3118 491 3180; x_wconf 77' lang='lat'>291.</span> <span class='ocrx_word' id='word_1_232' title='bbox 506 3141 552 3201; x_wconf 85' lang='lat' dir='ltr'><strong>sq.</strong></span> <span class='ocrx_word' id='word_1_233' title='bbox 568 3141 597 3180; x_wconf 88' lang='lat' dir='ltr'><strong>n.</strong></span> <span class='ocrx_word' id='word_1_234' title='bbox 613 3119 766 3179; x_wconf 83' lang='lat' dir='ltr'><em>LXXIII.</em></span> <span class='ocrx_word' id='word_1_235' title='bbox 783 3119 854 3182; x_wconf 84' lang='lat' dir='ltr'><strong>fere</strong></span> <span class='ocrx_word' id='word_1_236' title='bbox 869 3119 902 3181; x_wconf 93' lang='lat' dir='ltr'><strong>in</strong></span> <span class='ocrx_word' id='word_1_237' title='bbox 916 3121 996 3181; x_wconf 85' lang='lat' dir='ltr'><strong>med.</strong></span> 
     </span>
    </p>

    <p class='ocr_par' dir='ltr' id='par_1_5' title="bbox 522 3242 1109 3610">
     <span class='ocr_line' id='line_1_27' title="bbox 522 3242 1109 3300; baseline 0.002 -11"><span class='ocrx_word' id='word_1_238' title='bbox 522 3245 553 3289; x_wconf 86' lang='lat' dir='ltr'><strong>L·</strong></span> <span class='ocrx_word' id='word_1_239' title='bbox 575 3242 732 3294; x_wconf 66' lang='lat' dir='ltr'>GESTIUS..</span> <span class='ocrx_word' id='word_1_240' title='bbox 745 3243 823 3300; x_wconf 61' lang='lat' dir='ltr'><strong>Qun„</strong></span> <span class='ocrx_word' id='word_1_241' title='bbox 844 3244 899 3289; x_wconf 86' lang='lat' dir='ltr'><strong>EX.</strong></span> <span class='ocrx_word' id='word_1_242' title='bbox 923 3243 1040 3290; x_wconf 80' lang='lat' dir='ltr'><strong>PARTE·</strong></span> <span class='ocrx_word' id='word_1_243' title='bbox 1062 3243 1109 3290; x_wconf 78' lang='lat' dir='ltr'><strong>An</strong></span> 
     </span>
     <span class='ocr_line' id='line_1_28' title="bbox 522 3349 993 3398; baseline 0 0"><span class='ocrx_word' id='word_1_244' title='bbox 522 3349 603 3398; x_wconf 72' lang='lat' dir='ltr'><strong>uun.</strong></span> <span class='ocrx_word' id='word_1_245' title='bbox 625 3349 778 3396; x_wconf 68' lang='lat' dir='ltr'><strong>rithmus</strong></span> <span class='ocrx_word' id='word_1_246' title='bbox 800 3351 993 3398; x_wconf 77' lang='lat' dir='ltr'><strong>unssntrns</strong></span> 
     </span>
     <span class='ocr_line' id='line_1_29' title="bbox 522 3457 1012 3506; baseline 0 -2"><span class='ocrx_word' id='word_1_247' title='bbox 522 3458 558 3504; x_wconf 86' lang='lat' dir='ltr'><strong>tu.</strong></span> <span class='ocrx_word' id='word_1_248' title='bbox 578 3457 754 3504; x_wconf 71' lang='lat' dir='ltr'><strong>numeras.</strong></span> <span class='ocrx_word' id='word_1_249' title='bbox 776 3458 925 3506; x_wconf 76' lang='lat' dir='ltr'><strong>uuussss.</strong></span> <span class='ocrx_word' id='word_1_250' title='bbox 947 3459 1012 3504; x_wconf 75' lang='lat' dir='ltr'><strong>sun</strong></span> 
     </span>
     <span class='ocr_line' id='line_1_30' title="bbox 523 3565 1005 3610; baseline 0.004 -2"><span class='ocrx_word' id='word_1_251' title='bbox 523 3565 625 3610; x_wconf 79' lang='lat' dir='ltr'><strong>vnum·</strong></span> <span class='ocrx_word' id='word_1_252' title='bbox 626 3584 1005 3609; x_wconf 84' lang='lat'><em>-----</em></span> 
     </span>
    </p>
   </div>
   <div class='ocr_carea' id='block_1_5' title="bbox 782 3689 862 3772">
    <p class='ocr_par' dir='ltr' id='par_1_6' title="bbox 782 3689 862 3772">
     <span class='ocr_line' id='line_1_31' title="bbox 782 3689 862 3772; baseline -0.013 -21"><span class='ocrx_word' id='word_1_253' title='bbox 782 3691 811 3772; x_wconf 65' lang='grc' dir='ltr'><strong>ς.</strong></span> <span class='ocrx_word' id='word_1_254' title='bbox 832 3689 862 3751; x_wconf 87' lang='grc'><strong>4.</strong></span> 
     </span>
    </p>
   </div>
   <div class='ocr_carea' id='block_1_6' title="bbox 288 3789 1450 3968">
    <p class='ocr_par' dir='ltr' id='par_1_7' title="bbox 288 3789 1450 3968">
     <span class='ocr_line' id='line_1_32' title="bbox 610 3789 1040 3856; baseline -0.002 -16"><span class='ocrx_word' id='word_1_255' title='bbox 610 3789 725 3856; x_wconf 69' lang='lat' dir='ltr'><strong>depasti</strong></span> <span class='ocrx_word' id='word_1_256' title='bbox 741 3807 772 3841; x_wconf 85' lang='lat' dir='ltr'><strong>ea</strong></span> <span class='ocrx_word' id='word_1_257' title='bbox 791 3790 822 3841; x_wconf 82' lang='lat' dir='ltr'><strong>de</strong></span> <span class='ocrx_word' id='word_1_258' title='bbox 836 3808 868 3842; x_wconf 81' lang='lat' dir='ltr'><strong>re</strong></span> <span class='ocrx_word' id='word_1_259' title='bbox 885 3791 1040 3844; x_wconf 76' lang='lat' dir='ltr'><strong>constitutio.</strong></span> 
     </span>
     <span class='ocr_line' id='line_1_33' title="bbox 288 3880 1450 3968; baseline 0 -24"><span class='ocrx_word' id='word_1_260' title='bbox 288 3880 414 3944; x_wconf 89' lang='lat' dir='ltr'><strong>Primus</strong></span> <span class='ocrx_word' id='word_1_261' title='bbox 429 3902 497 3944; x_wconf 90' lang='lat' dir='ltr'><strong>rem</strong></span> <span class='ocrx_word' id='word_1_262' title='bbox 514 3883 662 3963; x_wconf 91' lang='lat' dir='ltr'><strong>mutavit,</strong></span> <span class='ocrx_word' id='word_1_263' title='bbox 679 3891 713 3946; x_wconf 94' lang='lat' dir='ltr'><strong>et</strong></span> <span class='ocrx_word' id='word_1_264' title='bbox 735 3883 994 3961; x_wconf 87' lang='lat' dir='ltr'><strong>fideicommissa,</strong></span> <span class='ocrx_word' id='word_1_265' title='bbox 1011 3903 1149 3968; x_wconf 92' lang='lat' dir='ltr'><strong>qnorum</strong></span> <span class='ocrx_word' id='word_1_266' title='bbox 1166 3890 1265 3948; x_wconf 89' lang='lat' dir='ltr'><strong>antea</strong></span> <span class='ocrx_word' id='word_1_267' title='bbox 1281 3905 1353 3950; x_wconf 89' lang='lat' dir='ltr'><strong>mos</strong></span> <span class='ocrx_word' id='word_1_268' title='bbox 1369 3885 1450 3948; x_wconf 91' lang='lat' dir='ltr'><strong>inter</strong></span> 
     </span>
    </p>
   </div>
   <div class='ocr_carea' id='block_1_7' title="bbox 203 4037 1451 4612">
    <p class='ocr_par' dir='ltr' id='par_1_8' title="bbox 203 4037 1451 4359">
     <span class='ocr_line' id='line_1_34' title="bbox 272 4037 1450 4105; baseline 0.003 -17"><span class='ocrx_word' id='word_1_269' title='bbox 272 4038 300 4104; x_wconf 87' lang='lat' dir='ltr'><strong>c)</strong></span> <span class='ocrx_word' id='word_1_270' title='bbox 321 4039 345 4088; x_wconf 83' lang='grc' dir='ltr'>Α</span> <span class='ocrx_word' id='word_1_271' title='bbox 365 4037 437 4103; x_wconf 88' lang='lat' dir='ltr'><strong>juris</strong></span> <span class='ocrx_word' id='word_1_272' title='bbox 460 4037 547 4089; x_wconf 88' lang='lat' dir='ltr'><strong>nostri</strong></span> <span class='ocrx_word' id='word_1_273' title='bbox 573 4037 729 4091; x_wconf 88' lang='lat' dir='ltr'><strong>auctoribus</strong></span> <span class='ocrx_word' id='word_1_274' title='bbox 756 4039 892 4105; x_wconf 86' lang='lat' dir='ltr'><strong>ejusmodi</strong></span> <span class='ocrx_word' id='word_1_275' title='bbox 914 4045 1045 4092; x_wconf 82' lang='lat' dir='ltr'><strong>vocantur</strong></span> <span class='ocrx_word' id='word_1_276' title='bbox 1070 4039 1282 4092; x_wconf 86' lang='lat' dir='ltr'><strong>fideicommissa</strong></span> <span class='ocrx_word' id='word_1_277' title='bbox 1307 4042 1405 4098; x_wconf 76' lang='lat' dir='ltr'><strong>tacita.</strong></span> <span class='ocrx_word' id='word_1_278' title='bbox 1429 4039 1450 4091; x_wconf 81' lang='lat' dir='ltr'><strong>is</strong></span> 
     </span>
     <span class='ocr_line' id='line_1_35' title="bbox 204 4121 1451 4192; baseline 0.003 -20"><span class='ocrx_word' id='word_1_279' title='bbox 204 4124 307 4182; x_wconf 80' lang='lat' dir='ltr'><strong>autem,</strong></span> <span class='ocrx_word' id='word_1_280' title='bbox 324 4121 372 4187; x_wconf 91' lang='lat' dir='ltr'><strong>qni</strong></span> <span class='ocrx_word' id='word_1_281' title='bbox 390 4137 422 4172; x_wconf 84' lang='lat' dir='ltr'><strong>ea</strong></span> <span class='ocrx_word' id='word_1_282' title='bbox 445 4123 542 4187; x_wconf 85' lang='lat' dir='ltr'><strong>recipit</strong></span> <span class='ocrx_word' id='word_1_283' title='bbox 558 4123 701 4187; x_wconf 83' lang='lat' dir='ltr'><strong>solvenda,</strong></span> <span class='ocrx_word' id='word_1_284' title='bbox 723 4124 832 4176; x_wconf 87' lang='lat' dir='ltr'><strong>tacitam</strong></span> <span class='ocrx_word' id='word_1_285' title='bbox 850 4125 930 4177; x_wconf 84' lang='lat' dir='ltr'><strong>tidem</strong></span> <span class='ocrx_word' id='word_1_286' title='bbox 956 4124 986 4178; x_wconf 84' lang='lat' dir='ltr'><strong>in</strong></span> <span class='ocrx_word' id='word_1_287' title='bbox 1003 4125 1127 4178; x_wconf 83' lang='lat' dir='ltr'><strong>fraudem</strong></span> <span class='ocrx_word' id='word_1_288' title='bbox 1150 4124 1221 4192; x_wconf 87' lang='lat' dir='ltr'><strong>juris</strong></span> <span class='ocrx_word' id='word_1_289' title='bbox 1246 4127 1451 4178; x_wconf 79' lang='lat' dir='ltr'><strong>accommodare</strong></span> 
     </span>
     <span class='ocr_line' id='line_1_36' title="bbox 204 4205 1450 4280; baseline 0.001 -21"><span class='ocrx_word' id='word_1_290' title='bbox 204 4205 309 4259; x_wconf 87' lang='lat' dir='ltr'><strong>dicitur.</strong></span> <span class='ocrx_word' id='word_1_291' title='bbox 337 4207 399 4258; x_wconf 81' lang='lat' dir='ltr'><strong>vid.</strong></span> <span class='ocrx_word' id='word_1_292' title='bbox 417 4223 443 4258; x_wconf 85' lang='lat' dir='ltr'><strong>v.</strong></span> <span class='ocrx_word' id='word_1_293' title='bbox 459 4224 482 4256; x_wconf 86' lang='lat' dir='ltr'><strong>c.</strong></span> <span class='ocrx_word' id='word_1_294' title='bbox 501 4205 533 4258; x_wconf 93' lang='lat' dir='ltr'><strong>L.</strong></span> <span class='ocrx_word' id='word_1_295' title='bbox 554 4211 609 4260; x_wconf 87' lang='lat'>103.</span> <span class='ocrx_word' id='word_1_296' title='bbox 631 4208 662 4258; x_wconf 83' lang='lat' dir='ltr'><strong>de</strong></span> <span class='ocrx_word' id='word_1_297' title='bbox 680 4208 729 4276; x_wconf 75' lang='lat' dir='ltr'><strong>leq.</strong></span> <span class='ocrx_word' id='word_1_298' title='bbox 747 4211 769 4261; x_wconf 91' lang='lat'><strong>1.</strong></span> <span class='ocrx_word' id='word_1_299' title='bbox 786 4211 819 4263; x_wconf 88' lang='lat' dir='ltr'><strong>L.</strong></span> <span class='ocrx_word' id='word_1_300' title='bbox 840 4214 879 4263; x_wconf 89' lang='grc'><strong>10.</strong></span> <span class='ocrx_word' id='word_1_301' title='bbox 897 4216 924 4260; x_wconf 91' lang='lat' dir='ltr'><strong>et</strong></span> <span class='ocrx_word' id='word_1_302' title='bbox 944 4215 983 4262; x_wconf 92' lang='lat' dir='ltr'><strong>ll.</strong></span> <span class='ocrx_word' id='word_1_303' title='bbox 1001 4210 1036 4261; x_wconf 88' lang='lat' dir='ltr'><strong>D.</strong></span> <span class='ocrx_word' id='word_1_304' title='bbox 1060 4210 1092 4261; x_wconf 80' lang='lat' dir='ltr'><strong>de</strong></span> <span class='ocrx_word' id='word_1_305' title='bbox 1115 4210 1169 4272; x_wconf 77' lang='lat' dir='ltr'><strong>hia,</strong></span> <span class='ocrx_word' id='word_1_306' title='bbox 1193 4228 1260 4280; x_wconf 77' lang='lat' dir='ltr'><strong>quac</strong></span> <span class='ocrx_word' id='word_1_307' title='bbox 1280 4219 1311 4262; x_wconf 79' lang='lat' dir='ltr'><strong>nt</strong></span> <span class='ocrx_word' id='word_1_308' title='bbox 1332 4212 1450 4278; x_wconf 63' lang='lat' dir='ltr'><strong>indrpais.</strong></span> 
     </span>
     <span class='ocr_line' id='line_1_37' title="bbox 203 4289 711 4359; baseline 0 -17"><span class='ocrx_word' id='word_1_309' title='bbox 203 4289 266 4355; x_wconf 91' lang='lat' dir='ltr'><strong>Ulp.</strong></span> <span class='ocrx_word' id='word_1_310' title='bbox 282 4291 389 4358; x_wconf 72' lang='lat' dir='ltr'><strong>Frapm.</strong></span> <span class='ocrx_word' id='word_1_311' title='bbox 408 4293 507 4344; x_wconf 88' lang='lat' dir='ltr'><strong>XXV.</strong></span> <span class='ocrx_word' id='word_1_312' title='bbox 525 4293 545 4359; x_wconf 58' lang='grc' dir='ltr'><strong>ᾗ.</strong></span> <span class='ocrx_word' id='word_1_313' title='bbox 567 4296 605 4345; x_wconf 88' lang='grc'><strong>17.</strong></span> <span class='ocrx_word' id='word_1_314' title='bbox 625 4291 711 4343; x_wconf 56' lang='lat' dir='ltr'><strong>Mittit.</strong></span> 
     </span>
    </p>

    <p class='ocr_par' dir='ltr' id='par_1_9' title="bbox 203 4375 1451 4612">
     <span class='ocr_line' id='line_1_38' title="bbox 274 4375 1451 4448; baseline 0.002 -22"><span class='ocrx_word' id='word_1_315' title='bbox 274 4375 306 4440; x_wconf 89' lang='lat' dir='ltr'><strong>d)</strong></span> <span class='ocrx_word' id='word_1_316' title='bbox 327 4376 431 4428; x_wconf 75' lang='lat' dir='ltr'><strong>Caetcr.</strong></span> <span class='ocrx_word' id='word_1_317' title='bbox 448 4376 502 4429; x_wconf 88' lang='lat' dir='ltr'><strong>vid.</strong></span> <span class='ocrx_word' id='word_1_318' title='bbox 515 4378 576 4443; x_wconf 83' lang='lat' dir='ltr'><strong>Gaj.</strong></span> <span class='ocrx_word' id='word_1_319' title='bbox 585 4378 621 4428; x_wconf 92' lang='lat'><strong>11.</strong></span> <span class='ocrx_word' id='word_1_320' title='bbox 634 4377 654 4443; x_wconf 59' lang='grc' dir='ltr'><strong>ᾗ.</strong></span> <span class='ocrx_word' id='word_1_321' title='bbox 667 4381 726 4430; x_wconf 79' lang='grc'><strong>285.</strong></span> <span class='ocrx_word' id='word_1_322' title='bbox 739 4408 771 4418; x_wconf 92' lang='grc'><strong>-</strong></span> <span class='ocrx_word' id='word_1_323' title='bbox 787 4380 944 4448; x_wconf 70' lang='lat' dir='ltr'><strong>„pereprini</strong></span> <span class='ocrx_word' id='word_1_324' title='bbox 950 4386 1078 4446; x_wconf 81' lang='lat' dir='ltr'><strong>poterant</strong></span> <span class='ocrx_word' id='word_1_325' title='bbox 1085 4378 1291 4445; x_wconf 79' lang='lat' dir='ltr'><strong>fideicommissa</strong></span> <span class='ocrx_word' id='word_1_326' title='bbox 1310 4395 1416 4446; x_wconf 81' lang='lat' dir='ltr'><strong>capere,</strong></span> <span class='ocrx_word' id='word_1_327' title='bbox 1427 4383 1451 4429; x_wconf 82' lang='lat' dir='ltr'><strong>et</strong></span> 
     </span>
     <span class='ocr_line' id='line_1_39' title="bbox 203 4458 1449 4531; baseline 0.003 -23"><span class='ocrx_word' id='word_1_328' title='bbox 203 4458 259 4508; x_wconf 79' lang='lat' dir='ltr'><strong>tere</strong></span> <span class='ocrx_word' id='word_1_329' title='bbox 277 4459 411 4526; x_wconf 70' lang='lat' dir='ltr'><strong>haee&#39;,snit</strong></span> <span class='ocrx_word' id='word_1_330' title='bbox 428 4460 506 4528; x_wconf 75' lang='lat' dir='ltr'><strong>origo</strong></span> <span class='ocrx_word' id='word_1_331' title='bbox 523 4461 809 4524; x_wconf 66' lang='lat' dir='ltr'><strong>fideicommissorum</strong></span> <span class='ocrx_word' id='word_1_332' title='bbox 828 4465 876 4517; x_wconf 74' lang='lat' dir='ltr'><strong>sed</strong></span> <span class='ocrx_word' id='word_1_333' title='bbox 887 4474 980 4531; x_wconf 76' lang='lat' dir='ltr'><strong>postea</strong></span> <span class='ocrx_word' id='word_1_334' title='bbox 991 4464 1020 4514; x_wconf 81' lang='lat' dir='ltr'><strong>id</strong></span> <span class='ocrx_word' id='word_1_335' title='bbox 1032 4460 1193 4530; x_wconf 78' lang='lat' dir='ltr'><strong>prohibitum</strong></span> <span class='ocrx_word' id='word_1_336' title='bbox 1213 4470 1263 4520; x_wconf 77' lang='lat' dir='ltr'><strong>est,</strong></span> <span class='ocrx_word' id='word_1_337' title='bbox 1282 4467 1309 4514; x_wconf 85' lang='lat' dir='ltr'><strong>et</strong></span> <span class='ocrx_word' id='word_1_338' title='bbox 1328 4471 1401 4514; x_wconf 85' lang='lat' dir='ltr'><strong>nnn&#39;c</strong></span> <span class='ocrx_word' id='word_1_339' title='bbox 1417 4479 1449 4514; x_wconf 84' lang='lat' dir='ltr'><strong>ex</strong></span> 
     </span>
     <span class='ocr_line' id='line_1_40' title="bbox 204 4542 1449 4612; baseline 0.002 -18"><span class='ocrx_word' id='word_1_340' title='bbox 204 4542 327 4595; x_wconf 86' lang='lat' dir='ltr'><strong>oratione</strong></span> <span class='ocrx_word' id='word_1_341' title='bbox 338 4545 402 4598; x_wconf 87' lang='lat' dir='ltr'><strong>Divi</strong></span> <span class='ocrx_word' id='word_1_342' title='bbox 414 4544 547 4597; x_wconf 83' lang='lat' dir='ltr'><strong>Hadriani</strong></span> <span class='ocrx_word' id='word_1_343' title='bbox 559 4547 659 4598; x_wconf 88' lang='lat' dir='ltr'><strong>sactum</strong></span> <span class='ocrx_word' id='word_1_344' title='bbox 671 4553 720 4612; x_wconf 89' lang='lat' dir='ltr'><strong>est,</strong></span> <span class='ocrx_word' id='word_1_345' title='bbox 738 4554 769 4600; x_wconf 93' lang='lat' dir='ltr'><strong>ut</strong></span> <span class='ocrx_word' id='word_1_346' title='bbox 781 4564 814 4600; x_wconf 84' lang='lat' dir='ltr'><strong>en</strong></span> <span class='ocrx_word' id='word_1_347' title='bbox 825 4547 1032 4600; x_wconf 85' lang='lat' dir='ltr'><strong>fideicommissa</strong></span> <span class='ocrx_word' id='word_1_348' title='bbox 1044 4549 1111 4600; x_wconf 83' lang='lat' dir='ltr'><strong>fisco</strong></span> <span class='ocrx_word' id='word_1_349' title='bbox 1123 4545 1352 4600; x_wconf 78' lang='lat' dir='ltr'><strong>vindicarentur.’&#39;</strong></span> <span class='ocrx_word' id='word_1_350' title='bbox 1366 4545 1449 4600; x_wconf 74' lang='lat' dir='ltr'>Mttt</span> 
     </span>
    </p>
   </div>
   <div class='ocr_carea' id='block_1_8' title="bbox 0 0 1522 5160">
    <p class='ocr_par' dir='ltr' id='par_1_10' title="bbox 0 0 1522 5160">
     <span class='ocr_line' id='line_1_41' title="bbox 0 0 1522 5160; baseline 0 0"><span class='ocrx_word' id='word_1_351' title='bbox 0 0 1522 5160; x_wconf 95' lang='lat' dir='ltr'><strong> </strong></span> 
     </span>
    </p>
   </div>
  </div>
 </body>
</html>
