3122 5162
458 415 513 487 lie
537 387 699 488 Tuanrcrs
723 418 886 489 Junrmrs.
1048 443 1050 448 ·
1229 425 1302 494 769

51 573 87 660 C.
110 593 321 679 Sempronius
343 593 510 660 Gracchus
530 594 573 659 A.
589 593 631 660 U.
647 594 684 659 C.
704 613 833 660 noxxx.
854 593 975 660 Cicero
995 595 1085 660 Orat.
1104 617 1163 679 pro
1184 599 1217 660 0.
1231 599 1299 662 na-

47 705 123 765 Irr‘rr'o
140 703 293 785 perducti.
307 721 360 765 reo
373 723 399 765 e.
413 701 444 766 4.

621 821 650 901 5.
671 819 723 883 36.

446 935 491 986 Aa
509 915 586 986 etiam
604 935 632 986 in
649 938 758 989 comitri'r
774 935 894 989 tributis?

131 1035 169 1098 ln
186 1034 316 1098 tributis
332 1035 473 1099 comitiis
491 1035 577 1098 diem
594 1037 659 1099 reis
676 1036 786 1100 dicere
802 1037 957 1101 solebant
971 1036 1180 1121 magistratus
1193 1038 1300 1101 mino-

46 1165 117 1224 res,
138 1142 243 1206 veluti
259 1139 398 1204 Aediles
420 1143 565 1219 curules,
580 1143 723 1207 Tribuni
744 1143 867 1229 plebis,
892 1153 926 1209 et
942 1143 1081 1208 Aediles
1105 1143 1221 1227 plebis.
1244 1144 1299 1208 Sic

46 1249 90 1312 T.
112 1250 302 1330 Menenius,
327 1249 414 1333 App.
435 1249 607 1332 Claudius,
636 1251 692 1336 Sp.
724 1251 900 1334 Servilius,
925 1251 961 1315 C.
988 1251 1199 1336 Sempronius
1224 1251 1307 1340 alii-¹

47 1379 113 1442 que
134 1356 263 1442 Judicio
289 1357 473 1441 oppugnati
496 1366 570 1421 sunt
593 1381 613 1424 a
636 1359 792 1422 Tribunis
815 1358 941 1442 plebis:
963 1360 1076 1444 Livius
1098 1361 1157 1421 III.
1177 1359 1228 1422 52.
1248 1359 1300 1422 56.

47 1465 105 1528 IV.
113 1463 163 1526 21.
177 1463 214 1526 C.
230 1463 411 1546 Scantinio,
425 1465 576 1528 Tribuno
588 1465 706 1548 plebis,
719 1467 807 1529 diem
824 1467 909 1529 dixit
923 1466 969 1528 Μ.
987 1465 1177 1549 Marcellus,
1193 1466 1301 1530 Aedi-

45 1573 87 1636 lis
104 1571 240 1652 curulis‚
257 1571 347 1655 quod
369 1572 471 1634 tilium
494 1593 584 1636 suum
602 1574 644 1636 de
661 1581 773 1658 stupro
796 1573 1015 1658 adpellasset:
1036 1573 1192 1638 Valerius
1208 1573 1298 1638 Max.

52 1679 106 1740 VI.
118 1679 147 1742 1.
160 1679 191 1740 7.
213 1679 575 1744 VenturioExconsuli
598 1681 687 1744 idem
713 1682 883 1766 negotium
906 1679 1073 1743 facessivit
1089 1680 1126 1745 C.
1147 1680 1298 1763 Alienus,

45 1785 176 1850 Aedilis
192 1781 314 1870 plebis:
336 1785 515 1871 Dionysius
530 1787 639 1851 Halic.
652 1789 693 1850 X.
704 1788 753 1851 48.
775 1788 879 1853 Aliud
896 1787 1082 1872 exemplum
1096 1788 1133 1853 C.
1145 1788 1298 1853 Fundani

48 1903 83 1957 et
98 1895 174 1958 Tib.
189 1893 388 1979 Sempronii,
409 1893 579 1958 Aedilium
596 1896 715 1979 plebis,
739 1898 795 1980 qui
812 1893 974 1976 Claudiae
989 1895 1077 1960 diem
1093 1895 1221 1977 dixere,
1238 1917 1299 1959 ex-

48 2011 112 2065 stat
134 2002 221 2086 apud
237 2000 383 2065 Gellium
398 2003 503 2065 Noctt.
523 2007 591 2066 Att.
606 2006 646 2066 X.
660 2005 690 2068 6.
714 2003 915 2068 Centuriatis
938 2012 1047 2067 autem
1069 2003 1210 2067 comitiis
1231 2024 1299 2066 non

37 2103 190 2172 'minores
214 2109 265 2174 illi
286 2109 512 2193 magistratus,
534 2111 593 2174 sed
620 2110 800 2192 Consules,
829 2111 1024 2193 Praetores,
1053 2131 1298 2194 nonnumquam

48 2226 159 2282 tamen
175 2227 207 2282 et
222 2217 426 2294 Quaestores
440 2217 565 2300 aliique
582 2219 790 2303 magistratus
805 2218 946 2282 minores
962 2219 1119 2302 agebant,
1134 2217 1196 2278 nisi
1211 2217 1299 2280 forte

47 2331 83 2386 et
106 2322 172 2388 illis
195 2345 214 2386 a
237 2322 435 2388 Consulibus
455 2323 521 2387 hoc
543 2332 637 2388 extra
661 2324 811 2389 ordinem
837 2345 1025 2391 concessum
1049 2343 1120 2386 esse
1144 2323 1299 2388 dicamus.

47 2432 146 2496 Unde
172 2431 328 2515 adparet,
351 2451 408 2494 cur
422 2431 469 2494 Μ.
492 2431 653 2496 Manlium
679 2431 713 2494 iu
736 2432 877 2496 comitiis
899 2430 1089 2496 centuriatis
1111 2430 1299 2496 adcusarint

45 2538 187 2602 Tribuni
209 2537 333 2622 plebis:
355 2538 421 2603 vid.
437 2539 550 2605 Livius
570 2540 623 2604 VI.
637 2539 688 2602 20.
702 2543 748 2622 ε).

378 2817 381 2820 ’
427 2827 469 2881 De
486 2827 577 2898 quibu
596 2829 635 2882 ta
643 2830 756 2900 judiciis
764 2830 925 2900 judicatum.

129 2927 229 2993 Diem
251 2951 331 2993 vero
354 2929 485 2993 nonnisi
512 2929 648 3014 privatis
671 2929 782 2994 dicere
804 2929 938 2993 licebat.
960 2927 1059 2992 Unde
1082 2929 1107 2992 si
1124 2928 1295 3013 Consules,

41 3040 241 3119 Praetores,
267 3035 629 3122 aliique'magistratus
654 3037 802 3100 adcusari
829 3036 1012 3117 deberent,
1039 3037 1295 3120 exspectandum

41 3155 136 3226 erat,
153 3141 228 3208 dum
251 3146 443 3228 magistratu
463 3143 630 3208 abiissent.
652 3143 814 3229 Exempla
830 3144 870 3207 T.
886 3140 1051 3222 Menenii,
1075 3142 1131 3227 Sp.
1153 3143 1296 3233 Servilii,

39 3255 134 3338 App.
151 3251 299 3327 Claudii,
316 3249 352 3315 C.
372 3251 560 3337 Sempronii
576 3253 646 3337 jam
670 3275 768 3338 supra
789 3251 936 3315 vidimus.
958 3249 1195 3312 Verumtamen
1217 3241 1297 3313 con-

39 3361 123 3444 tigit
138 3379 393 3442 nonnumquam,
409 3368 445 3423 ut
467 3366 563 3422 extra
578 3357 726 3422 ordinem
744 3360 855 3440 otiam,
872 3357 929 3442 qui
944 3356 1088 3419 nondum
1106 3355 1296 3440 magistratu

38 3467 222 3547 abiissent,
246 3466 459 3530 deferrentur
477 3467 519 3530 ad
542 3466 710 3552 populum.
739 3467 792 3530 Ita
816 3467 886 3529 dies
908 3464 1013 3527 dictus
1042 3455 1091 3527 est
1114 3461 1296 3544 Scantinio,

38 3575 197 3638 Tribuno
213 3572 337 3657 plebis:
360 3572 513 3637 Valerius
531 3575 622 3638 Max.
639 3575 690 3636 VI.
703 3574 731 3636 1.
746 3575 776 3636 7.
798 3575 835 3636 L.
850 3575 984 3654 Flacco,
1002 3569 1118 3634 Aedili
1134 3569 1237 3634 curuli
1254 3592 1300 3656 ex,

36 3679 218 3768 provincia
241 3681 324 3745 Asia
351 3681 544 3746 decedenti:
568 3683 686 3746 Cicero
704 3703 765 3763 pro
789 3683 826 3744 J..
851 3685 966 3762 Macco
988 3701 1013 3742 c.
1036 3679 1067 3743 3.
1097 3677 1238 3746 Claudio
1261 3687 1296 3743 et

37 3787 200 3853 Graccho
226 3789 442 3854 censoribus:
464 3789 577 3854 Livius
600 3791 722 3852 XLIII.
744 3789 794 3852 16.
819 3798 855 3854 ut
879 3788 946 3852 alia
969 3786 1122 3871 exempla
1147 3794 1297 3871 praeter·
1382 3839 1387 3846 .
1415 3834 1418 3839 -

35 3897 220 3960 mittamus.
497 3893 499 3900 ’

620 4007 649 4088 §.
670 4006 721 4070 38.

495 4120 569 4179 ausa
577 4121 669 4188 faerit
685 4123 738 4176 aas
754 4121 848 4175 maor

128 4219 285 4284 Ceterum
306 4218 486 4306 ut-judicia
507 4220 642 4304 publica
656 4223 697 4284 ab
720 4221 951 4303 adsumtione,
973 4221 1020 4284 ita
1041 4218 1124 4282 haec
1145 4214 1294 4299 populis

69 4424 79 4430 “
110 4424 146 4490 g)
168 4424 285 4477 Salsulae
309 4425 364 4476 Von
381 4424 432 4477 den
456 4425 760 4494 Volksoersammlanyen
784 4428 833 4480 der
851 4423 953 4479 Itir'mcr
977 4422 1095 4476 Absolrn.
1114 4421 1163 4474 Ill.
1183 4424 1248 4473 o.·3.
1264 4435 1290 4485 p.

31 4515 98 4564 ³51.
126 4523 171 4575 sq.
198 4508 241 4560 Do
259 4506 400 4563 Aedilibus
418 4510 625 4564 adcusatoribus
651 4509 780 4582 Dukerus
805 4511 841 4562 ad
863 4505 1293 4574 Liv.xxxvl11.c.·ao.t.o.
1355 4587 1362 4596 ,

31 4597 69 4646 r.
86 4594 130 4695 =v.
150 4607 179 4659 p.
196 4597 258 4646 aas.
274 4592 363 4648 Haut.
675 4595 681 4616 *
1059 4673 1101 4734 49
