3040 5164
220 391 293 460 396
661 383 737 452 Lis.
763 382 807 450 ll.
833 379 913 448 Trr.
937 379 1014 448 vll.

220 563 396 627 videretur.
417 561 509 624 Hinc
523 569 671 626 veterem
691 579 815 623 morem
837 557 971 622 reduxit
985 555 1130 621 Cincius.
1151 552 1231 618 Vid.
1245 551 1336 618 Frid.
1355 551 1484 614 Brum-

220 673 302 735 meri
317 670 359 734 V.
375 669 411 733 C.
429 671 594 734 floremont.
610 671 655 732 orl
667 668 746 751 Deg.
764 669 846 730 ctae.
862 687 888 729 o.
903 665 933 728 3.
949 687 993 747 oq.

799 821 827 901 g.
849 815 898 879 11.

522 917 615 991 Variae
632 937 711 1006 liujus
725 935 792 1017 ¹lepis
810 933 952 987 relationes
971 943 996 984 ot
1012 933 1178 987 mutationes.

304 1040 424 1105 Paullo
439 1048 515 1124 post
531 1061 571 1102 ea
585 1039 644 1102 lex
663 1037 840 1100 obsolevit.
856 1036 1035 1100 Contemtu
1047 1043 1156 1099 tamen
1173 1044 1364 1118 oppressam
1380 1051 1483 1092 reno-

221 1151 311 1215 vavit
333 1149 500 1233 Augustus
526 1147 727 1230 Imperator,
758 1165 967 1229 poenamque
991 1141 1166 1227 quadrupli
1190 1141 1323 1226 adjecit.
1349 1133 1480 1202 lterum

222 1257 439 1321 desuetudine
460 1255 629 1336 abolitam,
647 1267 746 1338 quum
768 1252 918 1316 revocari
934 1272 1000 1315 non
1017 1258 1138 1336 posset,
1156 1249 1315 1313 Claudius
1332 1249 1380 1311 ita
1398 1256 1480 1310 tem-

166 1367 168 1372 ’
221 1357 371 1464 paravit,
382 1372 420 1428 ut
434 1384 476 1427 ne
493 1370 640 1426 oratores
659 1361 746 1424 ultra
761 1360 848 1423 dena
871 1356 1055 1430 sestertirim
1077 1367 1250 1443 caperent:
1265 1355 1377 1420 Tacit.
1396 1359 1478 1417 Anu.

222 1476 279 1536 XI.
288 1474 318 1535 7.
340 1472 407 1537 Sub
424 1471 561 1534 Nerone
576 1469 646 1554 legi
661 1470 779 1533 iterum
795 1469 949 1553 pristinus
965 1467 1237 1554 vigorredditus;
1253 1473 1288 1529 at
1301 1465 1362 1527 sub
1377 1464 1474 1525 finem

218 1584 293 1667 ejus
307 1580 455 1665 imperii,
471 1578 527 1642 vel
543 1587 632 1641 certe
650 1577 764 1661 paullo
779 1584 865 1660 post,
882 1575 1075 1639 constitufio
1093 1575 1226 1639 Claudii
1240 1579 1406 1638 renovata
1420 1579 1474 1633 est.

221 1688 364 1752 Addidit
385 1688 464 1772 TraJ'
468 1707 546 1750 anus
568 1686 708 1767 SCtum,
723 1694 760 1749 ut
782 1705 895 1748 omnes
916 1684 1087 1769 litigantes
1105 1685 1276 1768 jurarent,
1298 1690 1474 1765 antequam

224 1803 381 1881 agerent,
400 1795 482 1858 nihil
498 1817 533 1859 se
549 1797 592 1858 ob
608 1793 861 1857 advocationem
879 1793 1029 1877 cuiquam
1046 1791 1188 1873 dedisse,
1207 1791 1407 1875 promisisse,
1423 1810 1475 1850 ca-

222 1905 325 1968 visse:
351 1904 493 1987 peractis
516 1924 597 1966 vero
622 1901 758 1983 caussis,
781 1901 911 1965 nonnisi
934 1900 1021 1964 dena
1038 1899 1223 1964 sestertium
1247 1898 1326 1962 dare
1345 1897 1473 1960 liceret.

223 2015 307 2077 Post
322 2034 362 2076 ea
376 2021 527 2096 tempora
541 2009 627 2073 adeo
643 2009 823 2093 exspiravit
837 2009 895 2072 lex
906 2011 978 2091 ista,
995 2017 1031 2072 ut
1045 2007 1224 2072 honorario
1242 2007 1473 2072 advocatorum

223 2129 350 2184 tantum
373 2140 439 2182 non
465 2118 631 2181 sordidum
654 2117 814 2181 mercedis
835 2139 956 2180 nomen
979 2117 1124 2200 daretur,
1151 2137 1261 2201 neque
1287 2114 1472 2178 dubitarent

223 2228 448 2293 Jureconsulti
474 2234 637 2308 statuere,
655 2225 856 2290 locationem
879 2216 1132 2289 conductionem
1157 2225 1369 2289 intercedere
1392 2224 1474 2286 inter

225 2337 420 2400 advocatum
443 2344 477 2398 et
500 2333 671 2398 clientem:
693 2335 731 2396 L·
747 2333 798 2398 38.
815 2336 843 2416 5.
862 2335 891 2398 1.
911 2336 953 2396 D.
967 2335 1085 2398 Locoti.
1103 2335 1140 2396 L.
1154 2337 1209 2397 ult.
1228 2335 1262 2398 0.
1282 2335 1323 2396 de
1343 2333 1470 2394 madet.

225 2447 260 2508 ob
276 2465 379 2508 cauas.
397 2446 461 2506 dot.
475 2441 521 2524 ¹¹).
543 2443 615 2536 Imo
625 2442 696 2529 J'am
711 2451 788 2506 ante
805 2443 927 2507 multae
943 2443 1074 2506 fraudes
1087 2443 1163 2506 huic
1176 2441 1245 2526 legi
1259 2443 1373 2506 factae
1387 2446 1470 2502 erant

225 2551 423 2637 patarenis,
450 2558 593 2630 strenas,
622 2550 793 2632 natalitia,
816 2551 1022 2635 captationes
1048 2550 1232 2616 ultimarum
1258 2551 1467 2628 voluntatum,

182 2647 186 2654 .
226 2657 403 2744 palmaria,
420 2657 643 2721 redemtiones
665 2658 792 2741 litium,
808 2659 956 2744 aliasque
977 2659 1164 2745 hujusmodi
1182 2669 1286 2742 artes,
1307 2681 1391 2744 quas
1403 2677 1466 2720 cru-

227 2769 312 2850 dite,
328 2775 365 2830 ut
381 2765 481 2845 solet,
497 2765 644 2848 explicat
658 2765 898 2832 laudatissimus
912 2768 1122 2831 Brummerus
1136 2769 1156 2830 l.
1172 2789 1198 2831 c.

789 2920 906 2984 ·.12.

592 3019 752 3108 'Ejusdem
770 2922 834 3106 lepis
851 3046 930 3106 eaput
947 3037 1022 3090 aliod
1034 3039 1074 3106 i),
1193 3101 1196 3110 ¹
1292 3097 1296 3104 1

229 3167 232 3173 ’
309 3139 390 3204 ΑΙίο
415 3140 562 3225 ejusdem
582 3141 668 3225 legis
686 3139 795 3222 capite
815 3139 1057 3204 cohibebantur
1076 3139 1273 3204 donationes
1299 3141 1386 3204 intra
1407 3161 1471 3202 cer-

133 3247 136 3250 ’
203 3315 207 3319 ,
228 3258 295 3313 tam
315 3269 486 3330 summam,
511 3271 597 3334 quae
616 3258 727 3313 tamen
748 3246 859 3340 hodie¹
872 3248 988 3331 ignota
1007 3257 1057 3311 est
1071 3249 1121 3331 ¹¹):
1139 3267 1250 3333 neque
1268 3247 1391 3312 licebat
1406 3247 1467 3310 cui-

296 3457 329 3523 h)
349 3457 433 3509 Nullo
449 3457 532 3510 modo
550 3455 586 3520 id,
601 3455 676 3524 quod
688 3457 790 3508 Auctor
808 3457 874 3520 vult,
886 3472 937 3508 nco
954 3455 983 3508 in
1001 3455 1068 3510 locis
1089 3471 1159 3525 quos
1177 3457 1286 3523 allegat,
1302 3475 1354 3510 neo
1371 3454 1470 3518 alicubi,

170 3610 172 3615 .
229 3541 330 3609 ajuris
348 3541 435 3595 nostri
453 3541 611 3594 auctoribus
630 3541 757 3594 statuitrn
775 3546 823 3594 aut
841 3541 1005 3608 agnoscitur.
1024 3541 1111 3596 natal.

302 3626 326 3694 i)
346 3628 389 3680 De
407 3629 492 3678 altero
515 3627 567 3678 hoc
585 3625 685 3692 capite,
703 3641 739 3678 an
763 3627 875 3681 omnino
896 3628 1043 3694 exstiterit,
1068 3619 1086 3680 a
1104 3629 1240 3681 nonnullis
1265 3629 1419 3681 dubitatum
1437 3633 1470 3678 est

224 3711 370 3779 (maxime
394 3716 456 3764 ante
481 3717 587 3776 reperta
605 3713 767 3778 Fragmenta
785 3713 949 3780 Vaticana),
973 3716 1047 3765 volut
1069 3714 1103 3766 ab
1122 3715 1241 3780 Hugone
1258 3715 1411 3783 (Beitriipe
1427 3730 1471 3764 zar

229 3795 329 3849 evites
347 3795 591 3849 Biieleerteaatm'ss
609 3798 657 3848 der
675 3797 772 3850 letztea
789 3802 824 3851 40
841 3799 935 3850 Jolre.
952 3801 983 3851 T.
1002 3801 1038 3852 11.
1056 3815 1082 3866 p.
1096 3799 1278 3865 380-384.),
1298 3817 1382 3868 quem
1399 3799 1471 3850 etiam

229 3899 301 3936 nunc
317 3883 390 3936 haud
407 3881 528 3948 poenitet
545 3881 693 3935 sententiae
710 3899 776 3936 suae
796 3884 849 3951 (R.
870 3884 903 3936 G.
922 3900 948 3957 pl.
961 3887 1010 3936 381
1021 3889 1118 3940 -385,
1131 3893 1186 3938 not.
1206 3891 1230 3937 1.
1246 3889 1272 3938 2.
1284 3887 1329 3938 ed.
1349 3887 1426 3950 XL).
1444 3885 1472 3935 At

229 3967 284 4020 vid.
302 3967 358 4020 Vot.
371 3969 479 4035 Froym.
496 3967 546 4020 Tu.
565 3969 596 4020 de
611 3968 768 4021 donationib.
782 3970 818 4020 ad
827 3971 891 4037 Lep.
908 3969 1025 4022 Oineiom
1037 3969 1058 4036 ξ.
1070 3974 1129 4023 266.
1143 3987 1202 4038 sqq.
1221 3975 1247 4022 et
1261 3972 1289 4022 F.
1303 3973 1336 4024 A.
1351 3970 1475 4034 Sclriltiog

230 4053 308 4107 Bam.
325 4051 368 4106 iib.
387 4054 424 4107 R.
446 4053 478 4105 G.
497 4069 524 4118 p.
544 4057 634 4106 100-
647 4059 703 4108 103.
727 4055 824 4122 Ejusd.
842 4055 1070 4108 Animadversion.
1089 4057 1147 4107 erit.
1166 4055 1202 4108 od
1224 4055 1282 4124 Ulp.
1302 4057 1413 4124 Fropm.
1433 4055 1472 4118 Sp.

229 4139 251 4192 Ι.
269 4156 297 4205 p.
313 4141 432 4192 25-31.
451 4137 538 4193 Most.

179 4243 181 4248 ·
299 4225 332 4291 k)
354 4225 462 4287 Quanta
479 4224 562 4277 fuerit
580 4226 646 4276 haee
664 4239 778 4284 summa,
790 4223 912 4277 nondum
930 4224 1022 4292 liquet.
1041 4226 1137 4278 Frena.
1149 4227 1324 4278 Hotomanus
1337 4229 1369 4279 de
1384 4227 1473 4278 Donat.

230 4310 287 4364 IX.
305 4315 401 4376 neget,
416 4325 580 4379 quemquam
598 4311 722 4376 potuisse
739 4311 842 4362 donare
859 4310 930 4362 ultra
945 4311 1105 4364 dodrantem
1123 4311 1267 4364 bonorum.
1286 4312 1341 4363 Sed
1359 4310 1388 4362 id
1404 4311 1474 4363 nullo

231 4396 407 4447 fundamento
432 4397 505 4464 dici,
520 4395 639 4448 ostendit
655 4397 806 4447 Brummer.
833 4394 868 4445 ad
885 4393 917 4448 L.
939 4395 1009 4450 Oine.
1028 4415 1050 4450 e.
1070 4401 1110 4449 12.
1140 4395 1195 4448 Alii
1218 4398 1351 4449 ducentos
1376 4401 1472 4448 tantum

232 4495 329 4532 aureos
348 4481 444 4533 donari
462 4481 592 4546 potuisse,
611 4479 775 4542 existimant,
794 4485 953 4546 argumento
970 4482 1004 4532 L.
1023 4486 1066 4534 34.
1085 4481 1114 4534 0.
1126 4477 1159 4534 de'
1173 4483 1270 4534 Donat.
1290 4483 1344 4534 Sed
1362 4497 1410 4532 nec
1422 4495 1472 4529 cer·

232 4564 287 4615 tius
304 4565 420 4631 videtur,
438 4566 518 4620 istam
535 4567 623 4631 legem
642 4566 676 4617 de
694 4567 752 4631 lege
767 4565 861 4620 Cincio
878 4566 963 4634 loqui,
978 4583 1028 4620 neo
1044 4574 1117 4620 recte
1134 4567 1256 4631 infertor,
1273 4567 1338 4636 quia
1355 4563 1473 4618 donatio
