3040 5164
305 391 361 460 Ila
385 391 495 462 Tssr.
520 389 648 460 Oanur.
674 391 784 460 Tnt‘r.
811 391 935 462 Musa.
961 402 1028 462 etc.
1220 399 1296 466 427·

37 569 68 631 in
90 573 228 650 promtu
250 575 300 632 est
322 568 420 632 ratio.
440 567 518 630 Nou
541 567 726 652 peregrinis
747 568 811 632 boc
833 567 975 650 licebat,
1002 567 1080 652 quia
1103 569 1293 634 testamenti

37 676 142 740 factio
165 675 210 740 ad
230 676 308 760 jura
327 675 504 754 Quiritium
526 677 726 761 pertinebat.
747 675 825 738 Nou
850 676 1084 759 liliisfamilias,
1106 678 1185 760 quia
1207 677 1292 742 uilril

36 783 228 866 habebant,
254 783 297 847 de
320 805 386 869 quo
406 792 618 865 testarentur,
641 792 774 867 praeter
794 783 927 866 peculia
948 793 1114 852 castrense
1135 795 1170 850 et
1200 787 1293 870 qussi

38 901 219 974 castrense,
234 892 269 956 in
285 893 402 976 quibus
417 913 478 976 pro
492 891 782 977 patribusfamilias
794 899 896 956 eraut.
915 891 988 956 Nec
1003 891 1205 956 filiifamilias
1217 915 1294 977 par-

38 1002 159 1084 ticipes
183 1009 278 1064 eraut
293 1000 376 1084 juris
393 1000 614 1076 comitiorum,
630 1000 692 1063 uisi
713 999 937 1082 magistratum
960 1009 1132 1083 gererent:
1155 1001 1294 1085 Ulpiani

38 1112 171 1190 fragm.
187 1108 262 1172 XX.
271 1107 322 1171 10.
342 1116 379 1170 ut
391 1115 530 1190 taceam,
546 1108 657 1200 legem
673 1107 747 1170 XII
763 1106 965 1170 Tabularum
981 1127 1048 1172 uon
1063 1107 1293 1188 liliisfamilias,

40 1217 93 1280 sed
128 1214 419 1299 patribusfamilias
449 1215 588 1280 liberam
617 1215 735 1280 fecisse
766 1214 911 1278 testandi
937 1214 1126 1282 facultatem
1142 1221 1185 1296 ι).
1215 1215 1293 1280 Non

40 1323 283 1409 impuberibus,
306 1324 385 1409 quia
404 1323 445 1387 iis
465 1345 527 1388 uec
541 1323 576 1387 iu
599 1323 741 1388 comitiis
757 1323 850 1386 locus
874 1331 962 1405 erat,
978 1343 1040 1388 nec
1060 1323 1095 1387 in
1110 1322 1228 1386 militia
1241 1327 1294 1404 ·)s

40 1455 105 1496 nou
128 1431 280 1513 firriosis,
296 1431 514 1516 quianullum
537 1431 578 1495 iis
599 1439 670 1496 erat
685 1431 785 1496 animi
801 1429 975 1516 judicium.
993 1431 1083 1496 Hinc
1100 1433 1127 1496 si
1148 1431 1294 1496 dilucida

43 1551 134 1605 eraut
163 1539 284 1602 lirroris
312 1539 504 1621 intervalla,
530 1539 675 1623 interea,
703 1540 779 1604 dum
806 1539 897 1602 furor
924 1540 1112 1622 remiserat,
1137 1545 1295 1624 poterant

45 1649 171 1714 testaris
189 1649 228 1710 1..
245 1647 275 1710 9.
294 1648 327 1710 0.
351 1648 416 1724 Qus
430 1656 551 1710 testam.
558 1649 627 1728 soe.
644 1669 728 1730 poss.
750 1645 828 1710 Non
845 1645 993 1732 prodigis
1012 1667 1124 1732 porro,
1143 1649 1220 1733 quia
1234 1667 1295 1711 ve·

43 1767 112 1822 tere
122 1759 198 1843 jure
220 1755 349 1820 furiosis
368 1755 685 1840 aequiparabunturs
701 1761 735 1819 L.
756 1756 806 1818 12.
820 1760 853 1818 tn
865 1759 938 1840 stne
950 1757 991 1818 D.
1005 1758 1045 1817 de
1064 1755 1132 1818 tur.
1147 1765 1178 1818 et
1192 1763 1294 1818 curet.

45 1869 106 1928 dut.
131 1886 199 1928 nou
225 1863 329 1926 surdis
352 1871 387 1927 et
407 1862 520 1944 mutis,
547 1863 625 1948 quia
650 1863 736 1926 ethi
756 1885 820 1926 uec
843 1863 1051 1947 rogationem
1073 1863 1207 1944 audire,
1231 1881 1294 1925 nec

45 1974 228 2057 suffragium
247 1971 327 2034 dare
344 1971 381 2035 ¹in
409 1953 551 2034 comitiis
573 1977 746 2055 poteraut,
763 1971 830 2034 imo
852 1993 915 2034 uec
937 1979 1037 2034 testes
1060 1989 1197 2055 rogare,
1215 1987 1294 2053 prc-

45 2083 194 2146 nunciata
226 2080 380 2143 sollemni
416 2078 573 2141 formula=
605 2099 659 2141 vos
695 2082 842 2157 Quirites
865 2083 1071 2141 testimontum
1102 2080 1295 2162 praebetote:

43 2189 201 2274 Appuleji
220 2189 464 2270 Metamorplsos.
481 2187 549 2248 Lfb.
568 2188 610 2247 ΙΙ.
637 2185 810 2271 [*p.149.
832 2187 884 2249 ed.
901 2183 1137 2271 Oudendorp]
1157 2183 1294 2268 Ulpiani

44 2301 172 2379 Frugm.
189 2296 262 2356 XX.
278 2295 309 2357 9.
328 2294 455 2380 Cujacii
475 2295 650 2356 Obseroatt.
671 2295 723 2356 VI.
738 2295 789 2357 37.
803 2294 903 2372 Quod
923 2313 1014 2356 secus
1035 2293 1157 2356 eratin
1177 2293 1295 2356 coecis.

43 2404 201 2488 Denique
219 2424 280 2466 nec
296 2403 400 2486 captis
422 2403 463 2466 ab
471 2403 593 2485 boste,
613 2401 839 2486 deportatisve
857 2403 891 2465 iu
909 2402 1058 2478 insulam,
1076 2410 1111 2464 ut
1130 2408 1165 2463 et
1181 2422 1295 2484 quam-

45 2533 186 2596 cumque
204 2512 318 2596 capitis
335 2511 593 2574 deminutionem
614 2509 670 2573 vel
687 2511 878 2588 maximam,
894 2509 948 2574 vel
970 2507 1110 2572 mediam
1130 2507 1230 2593 passis
1244 2515 1311 2570 te·-

46 2622 117 2685 stari
137 2619 277 2697 licebat,
301 2595 564 2704 amisso'quippe
585 2622 661 2706 jure
689 2619 850 2701 civitatis,
881 2639 977 2708 quum
1002 2615 1294 2681 testamentifactio

51 2738 126 2792 esset
149 2728 269 2792 civium
290 2727 514 2791 Romanorum
536 2727 684 2812 propria:
709 2727 823 2810 Sigon.
842 2727 880 2788 de
897 2731 1024 2809 antiquo
1037 2727 1116 2808 jure
1134 2728 1190 2788 civ.
1206 2723 1294 2786 Rom.

54 2835 324 2920 mamm

619 2975 648 3055 §-
669 2974 720 3035 19.

421 3090 466 3143 Ars
475 3089 589 3158 seminis
607 3089 668 3142 olim
687 3089 779 3141 testari
796 3088 917 3140 licuerit?

123 3209 286 3280 Feminae
309 3208 388 3271 olim
414 3208 448 3270 in
477 3207 618 3270 comitiis
639 3207 754 3272 calatis
778 3206 877 3290 plane
901 3204 1015 3268 testari
1038 3169 1106 3268 lion
1128 3210 1295 3288 poteraut,

50 3319 120 3402 quia
136 3317 246 3380 nullus
268 3316 308 3378 iis
331 3315 482 3379 abcessus
502 3324 573 3379 erat
591 3315 633 3379 ad
652 3313 794 3378 comitia.
817 3313 942 3377 Postea
959 3313 1117 3398 permissa
1137 3311 1177 3372 iis
1196 3316 1296 3371 testa·

50 3427 147 3488 menti
169 3419 284 3508 factio,
304 3425 334 3488 si
355 3432 463 3488 esseut
483 3424 532 3486 sui
551 3423 650 3508 juris,
671 3423 729 3484 sed
751 3421 881 3484 nonnisi
906 3421 1092 3485 auctoribus
1116 3413 1296 3482 tutoribus:

113 3641 144 3707 a)
164 3639 246 3692 Unde
264 3635 403 3690 luvenalis
424 3636 480 3690 Sat.
501 3635 584 3688 XVI.
603 3653 627 3688 v.
644 3640 686 3688 bl.
704 3651 742 3704 sq.

384 3721 453 3776 Solis
466 3729 610 3788 praeterea
629 3721 742 3774 testandi
757 3719 881 3774 militibus
890 3720 940 3789 jus

390 3806 450 3858 Viuo
464 3814 546 3874 patre
564 3807 657 3858 datur:
690 3833 709 3842 -
745 3833 777 3846 -
816 3833 845 3842 —-
884 3833 916 3844 -

54 3895 200 3959 Exceptum
217 3897 308 3944 tamen
325 3890 462 3957 peculium
479 3895 615 3942 castrense
631 3895 660 3942 et
677 3890 756 3958 quasi
773 3895 910 3942 castrense
927 3905 975 3955 per
994 3885 1199 3940 constitutiones
1217 3882 1297 3936 Prin·

56 3975 144 4043 cipum.
162 3978 245 4030 Heia.
264 3977 305 4030 cl.
323 3982 350 4028 et
367 3977 571 4030 Mllblenbruclr
590 3975 717 4028 observat.
727 3976 787 4044 jur.
807 3976 886 4026 Rom.
903 3974 925 4026 1.
942 3975 963 4040 5.
987 3979 1026 4028 ll.
1041 3989 1067 4040 p.
1082 3974 1192 4025 28-39.
1211 3966 1298 4020 Mittt

114 4065 146 4129 a)
166 4065 321 4128 Angustum
339 4062 421 4116 etiam
445 4061 599 4127 impuberes
620 4060 756 4113 Tribunos
778 4059 895 4112 militum
915 4058 1023 4123 fecisse,
1041 4059 1159 4124 probant
1176 4072 1212 4108 ex
1229 4054 1297 4106 Sue

53 4146 115 4199 tonii
132 4149 201 4215 Any.
221 4167 243 4199 c.
260 4151 303 4200 33.
334 4148 415 4200 Unde
433 4152 460 4198 et
477 4146 606 4198 Tribunis
629 4145 748 4198 militum
772 4143 959 4211 impuberibus
981 4145 1081 4196 lautam
1103 4159 1164 4196 esse
1182 4137 1298 4193 testandi

52 4236 206 4294 potestatem
225 4249 262 4283 ex
279 4234 311 4286 L.
329 4238 355 4285 4.
377 4232 406 4285 0.
425 4233 456 4284 de
478 4230 547 4282 Tert.
566 4231 639 4282 milit.
657 4232 785 4284 observat
802 4229 936 4284 Aleaudcr
954 4227 990 4280 ad
1010 4227 1073 4297 Gajs·
1089 4228 1156 4282 luet.
1174 4226 1214 4279 11.
1232 4229 1258 4278 3.
1271 4227 1297 4276 3.

53 4316 104 4368 Sed
120 4335 170 4370 nec
187 4317 350 4380 Suetonius,
368 4329 418 4368 uec
436 4317 507 4370 dicta
531 4317 576 4367 lex
599 4314 721 4384 loquitur
738 4316 773 4367 de
790 4314 992 4380 impuberibus:
1010 4311 1065 4364 rid
1082 4318 1161 4366 notas
1180 4308 1297 4386 Graevii,

52 4400 173 4465 Rubeuii,
192 4401 310 4455 Casaub.
328 4403 364 4458 ad
382 4401 454 4456 διαὶ.
472 4406 500 4454 et
517 4402 619 4454 Sobult.
638 4402 674 4453 cd
694 4401 757 4469 Gajs'
773 4401 841 4452 Just.
858 4401 877 4453 l.
893 4417 917 4452 c.
932 4415 961 4465 p.
978 4402 1021 4450 sb.
1039 4397 1118 4450 Heia.

117 4486 148 4552 b)
168 4488 268 4540 Servos
285 4501 341 4540 uon
359 4486 488 4538 babuisse
512 4484 665 4539 testamenti
683 4486 819 4538 condendi
832 4487 894 4552 jus,
915 4483 963 4535 vix
977 4489 1034 4546 est,
1053 4481 1126 4549 quod
1147 4485 1297 4533 moueatur.
1401 4495 1409 4503 ·

53 4567 165 4622 Inraluit
181 4576 288 4636 umen,
307 4577 338 4626 ut
356 4571 427 4626 servi
445 4568 547 4638 publici
564 4572 660 4638 populi
677 4571 796 4628 Romani
813 4587 863 4637 pro
882 4568 995 4622 dimidia
1012 4571 1089 4634 parte
1106 4566 1219 4632 peculii,
1237 4565 1255 4617 i.
1273 4581 1297 4617 e.
