3062 5156
284 493 288 498 .
327 403 382 472 lle
407 403 582 476 Excussa.
610 404 749 476 Turoa.
772 406 851 476 Ver,
876 405 1011 479 Crinas.
1226 417 1302 488 2⁰8

47 584 140 648 toties
156 582 331 646 celebrant
343 589 484 644 vetares.
503 580 711 646 Colebantur
725 583 886 667 ejusmodi
899 583 1066 670 praeripui
1079 590 1121 652 ab
1137 588 1299 671 omnibus,

47 693 160 776 viaque
180 691 262 774 ipsis
282 689 325 752 ad
341 687 484 752 honores
506 697 541 751 et
557 689 730 754 commoda
746 692 900 773 patebat,
917 695 1049 758 nemine
1071 694 1138 760 illis
1153 705 1299 780 negante

48 799 250 883 suffragium,
267 796 311 860 ob
331 795 568 877 hereditatem,
590 818 687 880 quam
709 797 847 882 quisque
870 821 929 884 spe
948 801 1176 868 devoraverat.
1199 804 1298 870 Unde

47 906 152 989 lepide
174 925 282 970 senex
305 904 364 969 ille
388 904 696 989 Periplectomenes
721 906 808 988 apud
829 905 938 972 Plaut.
960 909 1051 972 usta.
1076 914 1208 976 aaran.
1227 915 1299 976 Act.
1399 903 1404 908 ¹
1447 891 1452 906 ⁸

48 1016 98 1076 ΙΙΙ.
112 1035 154 1076 se.
173 1014 205 1074 1.
221 1035 250 1076 a.
266 1013 336 1076 111.
352 1035 417 1096 sqq.

123 1121 264 1198 Quaado
277 1122 374 1182 habeo
387 1123 501 1184 multos
516 1129 675 1202 cognatos,
690 1122 767 1202 qaid
780 1141 855 1203 aprus
872 1125 949 1194 mebi
959 1127 1002 1186 sit
1014 1127 1142 1188 litera?

118 1229 222 1290 Nune
235 1229 312 1290 bene
326 1233 410 1301 oieo,
425 1236 457 1289 et
463 1228 649 1305 fortunate,
666 1235 760 1309 atque
775 1238 812 1290 ut
825 1231 908 1303 valo,
923 1241 1017 1314 atque
1032 1237 1135 1294 animo
1149 1242 1186 1296 at
1200 1235 1299 1296 tutet.-

118 1335 228 1398 Morte
242 1356 313 1396 mea
328 1357 397 1398 meo
412 1337 492 1398 bona
507 1337 649 1416 cognatis
664 1336 780 1408 dham,
797 1340 880 1398 mter
894 1359 948 1400 eos
960 1343 1110 1420 partiam.

118 1443 174 1503 liii
186 1444 279 1522 apud
292 1444 466 1514 maedam,
482 1463 531 1506 me
545 1451 677 1516 curant,
695 1447 800 1504 ouant
815 1446 892 1526 quid
906 1465 1020 1526 egam,
1035 1447 1146 1526 sequid
1158 1449 1256 1510 aelia.

120 1550 319 1630 Priusquam
334 1553 430 1622 lueet,
444 1558 575 1614 assuat.-
590 1554 744 1632 rogitaat,
760 1561 853 1614 nocta
868 1561 903 1614 at
916 1572 1057 1616 somnam
1072 1558 1214 1635 ceperam.

117 1658 184 1720 Eos
197 1678 262 1738 pro
276 1658 378 1720 liberis
393 1678 450 1739 ego
465 1659 571 1720 babeo.
597 1659 679 1735 Qum
694 1660 773 1720 mibi
783 1663 910 1720 mittunt
924 1681 1067 1724 munera.

119 1765 340 1842 Sacrificant?
353 1767 432 1828 dont
447 1767 520 1828 inde
532 1777 655 1846 partem
670 1767 747 1828 mihi
757 1769 923 1848 majorem,
937 1787 1032 1848 qaam
1046 1769 1120 1831 sibi:

118 1874 296 1934 Abdaeuat
311 1874 355 1933 od
368 1883 460 1934 esta:
475 1895 524 1936 me
538 1875 583 1935 ad
596 1894 630 1936 se
644 1874 886 1954 adpraedam,
901 1877 946 1936 ad
957 1897 1085 1940 coenam
1099 1885 1220 1938 uocant.

118 1981 177 2042 Ille
192 1984 417 2042 miserrumam
428 2002 463 2042 se
477 1989 577 2053 retur,
592 1984 752 2042 minimum
765 1986 823 2064 qai
833 1985 918 2046 misit
930 1985 1012 2048 mutat

118 2090 175 2150 Ilii
186 2076 274 2150 inter'
286 2109 321 2148 se
336 2096 459 2150 certant
474 2090 571 2150 donia
588 2090 633 2149 At
648 2109 707 2170 ego
721 2090 797 2152 baca
811 2111 929 2152 raecum
944 2095 1093 2154 massito:

120 2197 216 2258 Roma
230 2217 300 2258 mea
315 2196 455 2266 habiant:
471 2199 612 2256 oertah‘m
631 2201 759 2258 nrittant
773 2197 855 2260 dona
870 2206 900 2258 et
915 2218 1058 2260 manera.
1196 2271 1198 2276 ,
1277 2269 1283 2278 ¹

50 2299 142 2385 [Quin
165 2309 204 2366 et
224 2302 332 2368 securi
355 2302 418 2366 sibi
440 2302 642 2366 videbantur
666 2302 811 2368 caelibes
838 2310 872 2366 et
894 2305 976 2368 orbi.
998 2305 1088 2366 Hinc
1112 2304 1296 2368 Caesellius

49 2409 299 2476 Iurisconsultus
321 2409 409 2495 apud
426 2409 539 2474 Valer.
554 2411 646 2474 Max.
667 2411 719 2472 VI.
734 2410 765 2474 2.
780 2410 832 2474 12.
847 2412 911 2493 ait,
928 2420 1130 2475 senectutem
1155 2419 1190 2476 et
1206 2412 1297 2476 orbi·
1427 2431 1433 2440 ·

50 2525 138 2582 tatem
155 2519 220 2582 sibi
237 2527 356 2582 natura
377 2517 535 2584 dicaciori
560 2525 595 2582 et
609 2519 719 2584 faceto
742 2540 892 2604 magnam
916 2519 1079 2602 praebere
1099 2518 1296 2606 licentiam]

51 2623 161 2692 Sedet
186 2627 229 2691 de
249 2641 307 2689 suo
330 2635 482 2710 tempore
506 2627 720 2710 conqueritur
735 2627 823 2690 Plia.
839 2627 924 2690 Hist.
942 2628 1020 2690 Nat.
1041 2629 1132 2690 XIV.
1153 2630 1296 2692 Prooem.

50 2741 172 2815 coepisse
190 2738 356 2798 orbitatem
371 2739 404 2798 ia
424 2739 612 2800 austeritate
636 2757 760 2798 samma
781 2743 813 2798 et
827 2741 969 2817 potentia
988 2757 1073 2812 esse,
1089 2740 1297 2817 captationem

51 2844 80 2904 in
100 2853 228 2924 quaesta
246 2847 391 2906 marimo.
411 2843 457 2905 Et
477 2842 606 2906 Seneca
627 2843 782 2906 Consolat.
802 2844 846 2906 ad
862 2843 1018 2906 Marm‘om
1036 2843 1086 2906 19.
1112 2845 1151 2906 Ia
1173 2846 1297 2908 civitate

51 2959 147 3012 nostra
169 2954 245 3033 plus
260 2953 387 3033 gratiae
404 2949 521 3014 orbitas
543 2951 677 3030 conseri,
698 2973 793 3033 qaam
813 2953 913 3031 eriqu‘t.
941 2953 1090 3032 Adeoque
1107 2960 1297 3015 senectutem

52 3059 186 3132 rabado,
206 3080 289 3140 qaae
307 3061 424 3122 solebat
443 3059 626 3140 destruere,
647 3059 876 3140 adpetentiam
899 3058 1001 3131 duest,
1022 3067 1059 3120 at
1082 3059 1208 3140 quidam
1227 3059 1296 3120 odia

44 3167 174 3242 flhhram
191 3168 353 3239 simulent,
370 3175 402 3228 et
417 3169 528 3230 liberos
549 3170 688 3250 ejurent,
706 3175 738 3228 et
751 3167 913 3228 orbitatem
933 3184 1030 3226 mana
1041 3165 1179 3242 saciant.
1203 3163 1297 3228 Addl

52 3274 352 3338 merenturPetron.
365 3273 433 3336 Sat.
444 3296 478 3356 p.
489 3274 561 3337 106.
574 3274 631 3338 ubi
645 3274 871 3337 Romanorum
887 3293 995 3335 mores
1011 3272 1071 3335 sub
1085 3271 1297 3336 Crotoniata-

52 3401 110 3442 runr
124 3382 261 3445 nornine
278 3380 346 3444 sale
363 3383 495 3446 satirico
515 3383 672 3463 defricet,
688 3390 724 3446 ut
740 3389 775 3444 et
790 3380 927 3445 Tacitus
943 3382 1061 3443 Annei.
1079 3380 1171 3441 XIII.
1186 3377 1237 3440 52.
1258 3379 1297 3440 de
1370 3385 1389 3444 ,“

53 3487 181 3552 Moribus
199 3491 305 3551 Germ.
320 3489 371 3551 20.
390 3491 553 3553 Ammian.
575 3487 761 3554 Marcellin.
778 3491 868 3551 XIV.
880 3488 930 3550 19.
953 3488 1110 3572 Denique
1135 3496 1169 3551 et
1191 3492 1295 3567 erant,

53 3597 100 3678 qui
118 3597 354 3680 philosophiae
375 3620 487 3663 caussa
508 3598 754 3662 abstinebanta
776 3597 997 3678 matrimonio,
1022 3595 1176 3680 exemplo
1200 3603 1297 3658 vete-

52 3724 127 3787 ru1n,
144 3704 317 3788 Thaletis,
338 3705 569 3792 Pythagorae,
585 3705 789 3787 Democriti,
810 3705 977 3786 Platonis,
997 3703 1143 3766 Zenonis
1168 3701 1295 3784 Cittiei,

52 3809 183 3896 Epicuri.
206 3815 260 3878 Ita
286 3835 364 3878 sane
389 3822 424 3878 et
446 3817 649 3880 recentiores
672 3818 707 3880 in
730 3816 811 3877 orbe
836 3808 1204 3896 Romano'philosophi
1232 3809 1296 3872 sibi
1352 3839 1356 3846 ·

52 3922 200 4000 putabant
216 3922 425 4004 faciundum,
449 3924 553 3989 veluti
570 3922 771 4008 Apollonius
788 3921 992 4008 Tyanensis,
1008 3921 1197 4005 Epictetus,
1214 3916 1296 3980 Plo-

53 4024 141 4112 tinus,
164 4030 387 4116 Porphyrius,
403 4031 552 4096 Proclus.
573 4032 650 4095 vid.
668 4030 860 4094 Philostrat.
880 4029 909 4090 V
907 4033 938 4090 it.
955 4031 1097 4110 Apellen.
1112 4029 1138 4087 I.
1154 4025 1203 4086 10.
1222 4023 1296 4088 Ma-

53 4133 103 4196 rin.
115 4143 166 4200 vit.
183 4141 330 4200 Proelia.
345 4138 397 4202 17.
407 4163 438 4222 p.
450 4139 501 4202 59.
518 4147 552 4204 et
568 4139 614 4202 ihi
632 4139 681 4202 Cl.
697 4138 827 4203 Fabric.
847 4137 943 4214 Quae
961 4153 1058 4220 quum
1075 4134 1122 4196 ita
1137 4154 1172 4194 se
1191 4131 1296 4194 habe-

52 4252 131 4325 rent,
147 4267 214 4308 non
231 4245 346 4308 mirum
369 4247 523 4330 profecto
542 4255 609 4329 est,
627 4247 712 4310 adeo
729 4246 935 4310 abhorruisse
951 4242 1121 4306 Romanos
1137 4263 1156 4302 a
1171 4237 1294 4323 nuptiis

54 4354 306 4437 quaerendisque
322 4353 451 4438 liberis,
468 4364 505 4420 ut
519 4355 672 4440 praemiis
690 4364 800 4419 essent
817 4353 858 4418 ad
876 4349 1030 4436 conjugia
1047 4346 1193 4411 ineunda
1209 4346 1296 4410 lnvi-

52 4461 142 4522 tandi.
163 4462 282 4525 Fusius
297 4459 380 4526 haec
393 4463 627 4528 illustravimus
642 4464 676 4528 in
700 4465 866 4526 Commeat.
886 4461 930 4521 ad
943 4459 981 4521 L.
997 4459 1060 4520 Jal.
1078 4465 1109 4519 et
1128 4455 1210 4538 Pap.
1227 4455 1294 4518 Lib.

54 4562 74 4623 1.
85 4587 108 4627 e.
121 4567 149 4630 2.
161 4590 192 4651 p.
207 4568 261 4636 35.
276 4589 321 4650 sq.
