3056 5154
467 397 546 466 ba
570 398 730 468 lurumrs.
1167 411 1240 480 629

56 576 217 638 mediae
244 575 282 636 et
302 573 430 656 infimae
450 574 638 637 naariam
654 576 714 638 sub
736 597 819 642 voce
834 579 1051 655 Di'reaten'as,
1075 589 1110 646 et
1132 580 1239 647 Andr.

56 703 103 744 us
124 684 185 743 ad
204 683 351 744 Festum
365 681 424 744 rub
439 702 523 745 voce
540 683 677 762 dirigere
690 682 731 769 [*
745 707 779 766 p.
798 684 869 750 121.
886 685 920 748 in
939 685 1056 772 notc.]:
1073 688 1133 752 sed
1149 712 1169 752 a
1183 691 1239 752 de-

56 811 77 862 »,
100 787 220 872 quod
239 787 333 850 idem
349 795 399 850 est
414 809 453 852 ac
467 786 661 854 καταθύιιειν.
683 791 783 855 Unde
800 791 960 876 Ulpianus
974 794 1012 856 L.
1024 794 1105 856 7.]1.
1116 795 1156 858 de
1169 797 1239 858 Εε·

69 900 182 956 ori‘rra
215 897 303 958 Item
318 901 590 976 qur‘nranoraarr
604 897 816 978 adpellantur‚
828 900 885 960 lieo
896 901 1010 976 satiri,
1020 908 1077 981 qm·
1086 906 1119 963 in
1135 905 1239 964 aliena

56 1004 119 1062 ula
148 1023 193 1063 se
223 1004 375 1082 dirigunt
384 1003 527 1079 furandi
545 1007 662 1064 enimv:
675 1005 845 1084 plusquam
858 1007 955 1084 jurei
972 1009 1129 1089 partiendi
1145 1017 1239 1070 sunt:

58 1129 104 1169 us
130 1109 332 1171 Observare.
346 1110 385 1170 X.
395 1108 447 1170 27.
463 1115 497 1170 et
506 1107 558 1170 34.
573 1107 659 1194 Aeg.
676 1109 851 1195 Menagius
867 1116 1067 1178 Ameeaa'tatt.
1075 1117 1145 1196 jur.
1159 1119 1238 1176 cinit

61 1220 115 1296 r).
152 1214 282 1292 Quum
309 1235 391 1298 ergo
414 1215 581 1279 directarii
612 1236 678 1278 non
702 1216 841 1300 injuriae
861 1241 997 1300 caum,
1023 1220 1082 1283 sed
1107 1219 1238 1284 furandi

65 1346 75 1394 3
102 1341 184 1382 non
206 1320 264 1401 vi,
282 1319 340 1383 sed
359 1320 459 1402 clam,
475 1322 508 1384 in
525 1321 635 1387 aliena
649 1343 683 1386 se
701 1325 882 1389 coenacula
900 1326 1108 1392 immiserint:
1124 1349 1237 1390 eorum

56 1451 76 1490 u
101 1427 152 1492 ad
180 1427 313 1491 furtum
336 1428 447 1512 potius
470 1428 524 1492 vel
548 1427 590 1492 ad
612 1428 748 1493 crimina
769 1432 1050 1517 extraordinaria,
1073 1456 1170 1519 quam
1195 1433 1238 1498 ad

56 1559 64 1596 ι
96 1534 310 1600 Corneliam
338 1534 382 1597 de
411 1536 538 1620 injuriis
564 1536 761 1620 pertinuisse
790 1537 877 1604 haud
903 1539 1067 1606 immerito
1098 1539 1239 1606 dixerim

59 1643 201 1728 tingius
219 1643 269 1704 ad
283 1641 377 1704 Paul.
392 1645 412 1706 l.
429 1664 454 1706 a.
464 1665 499 1726 p.
515 1665 555 1706 m.
568 1641 640 1706 440.
655 1654 718 1707 net.
730 1643 782 1709 22.

567 1828 596 1909 g.
617 1827 648 1890 a.

439 1943 534 1996 Poena
553 1942 617 2012 lepis
638 1943 785 1997 Cormela'ar.

56 2043 190 2104 Horum
208 2063 294 2106 vero
310 2051 461 2107 auctores
486 2044 685 2127 facinorum,
708 2043 862 2129 quiquid
885 2052 1000 2108 contra
1021 2043 1107 2110 hanc
1125 2037 1237 2130 legem

56 2149 171 2212 reliam
200 2149 420 2232 admiserant,
447 2149 661 2214 criminaliter
686 2150 842 2214 conventi
866 2151 913 2214 ita
938 2152 1178 2234 puniebantur,
1202 2159 1238 2216 ut

56 2255 100 2318 ad
123 2257 282 2334 metalla,
300 2257 355 2320 vel
377 2258 410 2320 in
433 2257 601 2337 exsilium,
616 2257 672 2319 vel
693 2258 728 2319 in
751 2275 833 2341 opus
854 2256 1021 2339 publicum
1041 2257 1239 2323 damnaren-

62 2369 94 2444 ):
109 2362 236 2426 Paulus
252 2364 407 2424 Sententt.
422 2365 562 2445 Receptt.
583 2365 618 2426 V.
633 2363 663 2424 4.
677 2362 706 2425 8.
729 2364 831 2444 Eum,
848 2364 904 2448 qui
925 2363 1044 2426 librum
1067 2365 1239 2446 pertinen·
1315 2345 1321 2358 .

66 2469 111 2534 ad
128 2469 263 2533 alterius
285 2467 436 2555 injrssiam
460 2471 651 2554 scripserat,
667 2476 915 2555 composuerat,
931 2468 1099 2551 ediderat,
1115 2470 1238 2535 dolove

56 2601 71 2640 n
95 2577 241 2657 fecerat,
256 2585 293 2640 ut
315 2577 493 2663 quidquam
518 2597 630 2642 eorum
655 2578 766 2661 fieret,
782 2577 1006 2642 intestabilem
1026 2563 1104 2642 esse⁴
1119 2599 1160 2641 ea
1181 2578 1239 2642 lex

57 2684 410 2766 emmhbpatt
1212 2684 1216 2693 '

475 2805 476 2810 '
565 2823 595 2902 g.
617 2821 667 2882 10.

241 2938 403 3009 Differentiae
419 2939 489 2990 inter
507 2937 635 2989 actionem
653 2935 753 2988 civilem
771 2945 798 2988 rt
814 2940 985 2992 criminalem.

80 3041 170 3104 Inter
184 3040 342 3104 actionem
359 3059 440 3102 vero
456 3035 663 3100 Praetoriam
680 3044 715 3098 et
728 3036 814 3099 banc
828 3055 1021 3102 conuuurau
1041 3039 1238 3123 permultum

58 3155 167 3211 ererat.
186 3145 245 3211 Illa
260 3146 437 3210 honoraria
451 3152 539 3226 erat,
555 3143 638 3206 haee
658 3141 779 3206 civilis=
802 3143 862 3205 illa
877 3167 1003 3226 annua,
1019 3145 1102 3210 haee
1116 3146 1143 3208 si
1158 3146 1241 3209 civi·
1317 3185 1319 3190 ·

58 3277 81 3317 ar
97 3256 255 3338 agebatur,
269 3253 407 3338 triginta
413 3277 421 3328 ;
446 3252 495 3314 sin
511 3249 735 3330 criminaliter,
751 3249 869 3334 viginti
880 3270 987 3320 ,anuos
1003 3251 1161 3316 durabat:
1181 3251 1241 3314 illa

58 3372 151 3444 rata,
164 3363 240 3424 haec
261 3359 386 3424 etiamsi
403 3359 581 3443 aliquando
599 3356 794 3440 criminalis,
806 3377 872 3421 non
896 3377 1025 3442 semper
1040 3357 1175 3441 publica
1188 3364 1241 3447 ta-

59 3493 85 3533 m
99 3473 143 3551 t),
165 3476 194 3533 at
213 3490 268 3551 pro
284 3467 417 3551 publica
442 3465 589 3528 utilitate·
613 3463 840 3528 exercebatur.
860 3462 901 3526 In
923 3462 983 3526 illa
1005 3465 1104 3528 etiam
1129 3443 1243 3536 alieno

61 3577 141 3640 mine
158 3576 269 3638 licebat
283 3593 401 3658 agere,
420 3572 511 3656 quod
525 3573 619 3636 nefas
634 3572 770 3654 exlege
786 3570 957 3635 Cornelia:
973 3576 1007 3634 Ι..
1020 3573 1050 3634 5.
1066 3573 1095 3653 §.
1110 3571 1140 3634 6.
1154 3571 1185 3634 7.
1200 3572 1242 3632 D.

85 3810 112 3874 r)
129 3807 178 3860 Pro
200 3809 338 3860 directaritr
355 3805 526 3872 reponendos
547 3820 608 3858 esse
626 3805 780 3870 itinerarias,
798 3820 897 3872 magna
920 3819 982 3858 eum
1006 3799 1240 3856 verisimilitudine

60 3892 131 3960 njeoit
145 3893 205 3944 Lud.
221 3892 287 3945 Guil.
300 3895 363 3944 Ant.
377 3891 491 3944 Pernioe
503 3893 575 3944 Dira.
590 3890 621 3941 de
630 3889 730 3956 surum
740 3906 847 3958 periere,
858 3888 928 3956 quod
944 3887 1021 3956 culpo
1038 3886 1240 3940 directuriorum

62 3980 122 4029 miae
137 3975 309 4042 circumfertur.
331 3977 406 4028 Gott.
426 3980 501 4028 1820.
520 3980 544 4028 8.
562 3971 651 4027 Haut.

95 4065 119 4126 s)
136 4065 172 4113 lta
184 4061 278 4130 quidem
296 4063 409 4124 Paulus,
428 4065 456 4111 et
472 4062 554 4126 vulgo
571 4060 637 4111 baec
658 4056 742 4111 verba
759 4054 794 4106 ad
818 4059 903 4107 totam
924 4055 1011 4119 legem
1030 4050 1183 4104 Corneliam
1201 4068 1244 4103 re-

60 4150 121 4198 runt.
141 4145 187 4197 Sed
206 4143 420 4206 existimaverim,
438 4158 470 4194 ea
496 4144 531 4195 ad
550 4145 623 4196 solos
653 4141 813 4194 detractoriae
835 4137 980 4205 pertinere,
999 4151 1115 4204 quorum
1142 4135 1244 4186 crimen

61 4227 244 4282 rtraordiuarium
260 4228 342 4281 fuisse
360 4229 473 4294 adparet
489 4244 524 4278 ex
542 4227 610 4280 Μ.
630 4227 665 4278 D.
678 4227 709 4276 de
729 4223 875 4276 Extraord
887 4223 961 4274 crim.
981 4221 1012 4271 In
1030 4219 1091 4284 ipsa
1104 4219 1163 4294 lege
1175 4218 1244 4269 Cor·

61 4315 101 4366 elia
116 4313 194 4378 procul
210 4313 280 4365 dnbio
300 4311 437 4366 ordinaria
463 4311 596 4380 quaedam
622 4324 711 4376 poena
737 4309 766 4360 in
791 4309 945 4372 pulsantes,
962 4305 1148 4365 verberantes,
1167 4306 1195 4352 et
1218 4299 1244 4354 vi

61 4414 137 4450 omnm
152 4395 245 4448 alienam
259 4397 425 4449 introeuntes
442 4396 590 4449 constituta
607 4394 703 4445 fuerat.
722 4391 801 4443 Heia.

103 4483 124 4546 t)
141 4481 213 4545 Vulgo
229 4483 287 4532 hane
306 4479 438 4531 actionem
457 4477 592 4544 publicam
620 4476 779 4542 adpellitaut
802 4479 935 4538 auctores,
954 4474 1001 4525 sed
1026 4475 1105 4536 negat
1131 4467 1159 4521 id
1178 4467 1245 4520 Vin-

61 4568 99 4620 ius
115 4565 143 4618 ad
157 4565 277 4632 §.biart
296 4563 322 4619 Ιι.
340 4573 358 4615 t.
377 4565 413 4616 ob
430 4564 463 4616 L.
481 4569 524 4616 41.
544 4563 565 4628 ᾗ.
586 4567 609 4614 1.
628 4559 664 4612 D.
684 4560 716 4611 de
735 4559 881 4611 Praeerat.
897 4557 931 4608 L.
949 4559 975 4610 7.
997 4555 1026 4608 0.
1044 4554 1070 4606 Ιι.
1089 4563 1107 4606 t.
1125 4553 1205 4604 Heia.
