3130 5148
502 343 673 414 Eumenes
698 341 913 414 Pnnssnrro.
1270 369 1331 422 vn

104 550 218 616 dilatavi
233 549 281 630 *).
297 521 491 610 'Praeterea
516 563 601 629 quae
628 567 648 608 a
676 565 728 608 me
754 545 826 630 ipso
851 553 926 612 suut
953 547 1131 612 observata
1152 556 1187 612 et
1215 555 1334 613 notata
1379 519 1385 536 ⁵

105 687 160 730 cum
176 641 323 748 reliquis,
339 684 425 747 quae
449 667 505 724 aut
519 659 583 744 ipsi
605 657 771 724 debentur
783 661 982 744 Heineccio,
998 670 1055 725 cut
1071 661 1331 748 Gannegietero,

105 791 148 845 aut
165 801 203 842 ex
221 778 349 863 epicrisi
374 773 611 840 Hauboldiana
636 777 695 855 (ad
718 773 841 838 calcem
864 775 941 840 libri
964 786 1062 842 antea
1084 779 1231 863 rejecta)
1257 787 1333 843 sunt

28 913 29 916 ’
105 869 255 979 excerpta,
281 880 366 956 serie
388 891 564 972 continue,
588 897 626 953 ut
646 911 713 954 uuo
735 893 768 954 in
795 894 974 976 conspectu
996 893 1107 956 omnia
1129 893 1333 975 viderentur,

106 1011 192 1075 textui
209 1009 341 1094 subjeci,
357 1006 494 1094 singulis
508 1015 619 1071 tamen
632 1008 679 1070 ita
695 1006 869 1089 distinctis,
885 1016 932 1090 ut,
949 1029 1046 1093 quem
1062 1010 1199 1094 quaevis
1219 1016 1334 1073 aucto-

104 1149 157 1192 rem
171 1127 325 1206 habeant,
348 1123 448 1187 facile
471 1123 760 1186 internosceretur.
781 1122 821 1187 In
837 1123 1010 1188 Hauboldi
1031 1145 1112 1187 vero
1137 1126 1224 1190 notis
1247 1126 1334 1189 indi·
1377 1123 1381 1134 '

105 1244 205 1324 caudis,
222 1243 261 1306 iis
276 1239 421 1326 quidem,
438 1259 518 1322 quas
532 1239 595 1323 ipsi
612 1239 652 1320 §§
666 1238 803 1322 phorum
822 1240 995 1302 contextui
1011 1240 1194 1324 adleverat,
1206 1241 1333 1306 Aucto-

105 1359 138 1421 ris
154 1359 269 1442 signum
293 1355 338 1443 [*
362 1353 378 1441 ]
400 1353 539 1429 retinui3
562 1353 708 1438 itemque
724 1375 813 1418 meas
835 1355 937 1440 ipsius
951 1357 1098 1418 insistam
1118 1357 1251 1421 notulas
1266 1377 1333 1422 non

105 1473 151 1536 nisi
164 1471 363 1558 parenthesis
385 1470 480 1553 signo
500 1473 516 1549 (
544 1473 561 1551 )
579 1469 720 1534 inclusas
737 1470 884 1534 exhibui.
904 1467 1095 1556 Aliquoties
1111 1479 1222 1534 tamen
1238 1479 1334 1536 notas

105 1607 213 1672 quoque
228 1587 335 1650 textui
357 1585 553 1671 suppositas,
571 1593 627 1650 aut
649 1585 779 1669 eadem,
794 1596 851 1650 aut
872 1593 963 1650 certe
985 1607 1052 1648 non
1069 1607 1127 1669 ee,
1150 1609 1214 1672 qua
1234 1609 1334 1672 opor-

105 1707 194 1784 tebat,
209 1701 381 1788 insignitas
404 1720 474 1765 esse
490 1699 610 1778 forma,
626 1701 660 1764 in
679 1701 816 1786 singulis
832 1701 1069 1786 perlustrandis
1090 1701 1233 1786 plagulis
1249 1703 1335 1788 typis

103 1819 249 1904 exscriptis
263 1817 493 1882 animadverti.
515 1815 628 1900 Quod,
650 1817 719 1881 sive
737 1837 811 1882 mea
826 1817 926 1902 ipsius
945 1817 1015 1880 sive
1037 1817 1232 1902 typothetae
1248 1819 1336 1884 acci·

103 1935 171 1998 derit
185 1935 294 2021 culpa,
317 1934 481 1996 neminem
497 1931 616 2016 facile,
635 1941 672 1996 ut
687 1955 795 2018 spero,
811 1933 845 1996 in
861 1952 1006 1997 errorem
1023 1933 1169 1998 inducet.

168 2049 335 2128 Quaedam
353 2070 396 2112 ex
409 2048 470 2130 his,
487 2046 622 2133 quaein
645 2049 867 2133 superioribus
885 2048 1087 2112 editionibus
1103 2047 1269 2135 leguntur,
1285 2059 1335 2115 ta-

103 2165 154 2228 cite
175 2177 225 2231 aut
245 2165 346 2230 litura
368 2163 500 2245 sustuli,
516 2173 572 2228 aut
590 2163 714 2230 leviter
725 2166 866 2242 mutavi,
888 2173 944 2229 aut
959 2179 1089 2250 prorsus
1112 2167 1335 2250 praetermisi3

103 2280 166 2343 talia
180 2280 329 2366 quidem,
344 2301 434 2365 quae
455 2279 510 2344 vel
535 2301 578 2344 ex
599 2281 777 2344 manifesto
800 2280 1011 2344 scribentium
1032 2301 1145 2343 errore
1168 2291 1258 2362 orta,
1280 2281 1336 2346 vel

104 2397 157 2480 ejus
176 2398 299 2471 farinae
323 2403 415 2477 eunt,
431 2404 467 2459 ut
482 2396 553 2481 jum
571 2397 737 2460 neminem
763 2397 854 2478 fore,
869 2395 934 2487 ¹qui
957 2417 997 2461 ea
1019 2395 1263 2460 desideraturus
1285 2397 1337 2474 sit,

104 2521 175 2575 certe
192 2513 267 2576 mibi
276 2533 470 2598 persuasum
485 2512 609 2578 hebere
625 2533 764 2598 possem.
786 2511 818 2575 N
821 2531 859 2576 ec
877 2511 1045 2576 titulorum
1068 2521 1102 2576 et
1118 2513 1337 2596 materiarum,

104 2629 216 2712 quaein
237 2629 307 2692 illis
327 2635 519 2712 tractantur,
535 2627 679 2692 iudicem
695 2628 805 2691 denuo
823 2629 938 2693 recudi
954 2649 1066 2714 passus
1086 2651 1166 2710 aum,
1182 2648 1224 2691 ne
1240 2648 1339 2714 prae-

104 2750 143 2804 ter
155 2745 380 2809 necessitatem
397 2743 475 2808 libri
497 2743 531 2807 in
547 2744 734 2829 juventutis
749 2765 840 2810 usum
862 2744 1066 2829 potissimum
1085 2745 1243 2809 destinati
1261 2757 1338 2828 pre·-

104 2859 167 2922 tium
182 2869 367 2947 augeretur.
388 2860 631 2946 Investigandis
648 2859 770 2926 etenim
792 2862 908 2942 rebus,
923 2882 1059 2946 quarum
1082 2879 1150 2924 non
1168 2859 1278 2925 stetim
1295 2881 1338 2922 ex

103 2974 250 3040 titulorum
265 2975 503 3060 inscriptione,
519 2975 576 3039 ubi
599 2977 810 3060 quaerendae
826 2976 900 3060 sint,
915 2974 1007 3040 locus
1030 2984 1203 3060 appareat,
1222 2975 1338 3040 melius

103 3088 238 3157 inserviet
254 3091 361 3156 index
375 3113 483 3155 rerum
500 3100 534 3154 et
547 3092 732 3168 verborum,
746 3093 802 3176 qui
816 3091 985 3156 literarum
1002 3090 1044 3154 ad
1060 3092 1209 3154 ordinem
1227 3092 1338 3176 dispo-

103 3205 165 3269 situs
177 3207 261 3272 libro
279 3208 428 3292 adjectus
445 3215 503 3284 est3
519 3207 571 3270 cui
588 3215 622 3274 et
639 3206 793 3291 augendo
811 3215 845 3270 et
856 3206 1064 3270 emendando
1080 3207 1216 3270 multum
1229 3208 1339 3292 operis

103 3319 237 3405 impendi.
260 3325 336 3388 Nec
353 3322 482 3386 consilii
502 3323 597 3408 hujus
616 3322 765 3404 mutandi
780 3344 877 3387 causa
897 3323 976 3386 mihi
994 3343 1065 3385 esse
1082 3330 1232 3405 poterat,
1248 3321 1339 3406 quod

103 3435 299 3520 Hauboldus,
315 3447 384 3504 tum
406 3438 564 3520 fontium,
580 3437 698 3523 quibus
716 3459 790 3502 usus
812 3460 879 3502 non
900 3446 971 3502 erat
985 3437 1204 3520 Heineccius,
1228 3446 1262 3501 et
1283 3437 1339 3514 vel

102 3555 223 3620 unanime
239 3556 548 3646 commentariorum
567 3554 645 3640 Gaji
666 3554 878 3631 testimoniis,
894 3562 962 3618 tum
979 3575 1059 3617 vero
1083 3553 1235 3638 congruis
1256 3554 1339 3634 locis

102 3663 252 3733 Historiae
270 3671 356 3756 juris
383 3672 424 3734 ab
446 3670 594 3754 Hugone
625 3677 816 3752 enarratae,
830 3677 1066 3754 ‘argumentum
1089 3639 1199 3753 operis
1224 3671 1341 3734 distin-

52 3777 53 3784 '
101 3793 188 3847 xerat.
210 3786 296 3848 Nam
320 3783 467 3848 fontibus
488 3784 554 3849 illis
576 3784 646 3868 ipse
665 3807 739 3849 usus
761 3806 829 3847 sum
852 3784 885 3846 in
903 3785 1156 3868 supplementis,
1179 3806 1265 3869 quae
1288 3805 1340 3847 me
1373 3833 1375 3842 .

101 3893 208 3963 habent
234 3909 420 3975 auctorem3
444 3901 486 3964 ad
513 3901 668 3984 Hugonis
694 3922 772 3965 vere
797 3922 879 3985 opus
908 3898 1095 3963 immortale
1117 3899 1240 3964 nemini
1262 3922 1340 3966 sane

102 4016 292 4079 commodior
318 4015 450 4078 dabitur
472 4017 579 4079 aditus
602 4016 860 4100 allegationibus
881 3995 952 4079 istis
978 4016 1158 4100 perpetuis.
1192 4015 1341 4099 Septima

100 4125 283 4194 Hauboldus
302 4151 376 4192 usus
394 4130 502 4194 fuerat
513 4132 707 4216 Hugoniani
724 4131 801 4195 libri
818 4130 975 4208 editione,
991 4129 1061 4196 Vix
1075 4140 1185 4195 autem
1202 4141 1339 4214 peracto

100 4239 199 4309 labore
219 4269 255 4309 se
278 4244 455 4310 admodum
474 4247 558 4309 nihil
579 4247 759 4331 profecisse
777 4251 883 4332 probe
902 4248 1057 4324 sentiens,
1073 4245 1235 4330 siquidem
1252 4268 1340 4334 nova

143 4487 172 4556 ⁴)
192 4491 277 4544 Velut
294 4490 356 4543 Lib.
375 4490 396 4542 1.
415 4488 469 4542 Tit.
490 4491 528 4542 X.
547 4491 567 4557 ξ.
588 4495 631 4544 12.
646 4490 698 4544 Tit
717 4492 816 4543 XXII.
835 4490 856 4558 ξ.
872 4494 898 4542 6.
987 4534 990 4539 .
