2968 5154
206 357 276 426 114
652 349 730 417 Lm.
754 347 784 416 I.
809 346 892 416 Tm.
919 347 1017 416 VIII.

208 524 448 614 quidem.aliae
463 525 497 587 in
507 533 679 607 potestate,
696 524 782 610 elipe
799 523 833 588 in
851 543 964 598 manu,
983 523 1068 586 aliae
1088 523 1122 585 in
1139 527 1292 606 manerprb
1309 531 1409 586 erant
1423 527 1462 604 Ι).

207 633 374 700 Potestati
385 634 542 696 suberant
557 636 645 695 seror·
655 627 905 714 etflbisaim'tius.
927 630 967 691 In
978 647 1076 693 manu
1092 637 1187 693 erant
1192 631 1369 708 foeminae,
1382 653 1462 715 qnae

208 741 243 804 in
267 739 427 804 familiam
442 739 549 803 meriti
581 746 681 824 atque
704 738 738 801 in
760 738 811 802 sni
836 735 967 800 heredis
985 737 1094 803 locum
1116 738 1274 802 nubendo
1293 759 1464 802 convene-

207 858 283 914 rant
296 851 341 931 ¹’),
363 848 398 911 in
414 845 579 931 mancipio
601 853 711 910 autem
732 843 908 910 universim
929 845 1064 929 quidem
1087 865 1201 940 omnes
1216 846 1377 930 omnino,
1395 847 1464 931 qui-

208 979 339 1043 cunque
361 956 480 1020 eodem
502 953 619 1035 modo,
645 975 711 1036 quo
736 955 836 1017 etiam
861 953 964 1035 servi,
987 955 1165 1040 mancipari
1181 961 1357 1039 poterant,
1379 954 1464 1018 unde

96 1072 102 1081 “
161 1073 164 1078 “
209 1067 309 1132 etiam
323 1065 504 1130 liberorum
520 1082 699 1146 personae,
719 1069 788 1126 tum
805 1081 884 1124 vero
907 1060 1085 1144 foeminae,
1102 1061 1238 1147 quaein
1254 1083 1355 1125 manu
1373 1069 1466 1126 erant

209 1174 417 1253 maritorum,
432 1171 467 1234 in
485 1169 650 1253 mancipio
672 1166 744 1233 e'sse
759 1168 912 1234 dicuntur
925 1174 975 1250 ο);
997 1191 1094 1234 sensu
1116 1178 1227 1233 tamen
1241 1170 1338 1234 verbi
1360 1169 1465 1254 magis

209 1279 453 1363 circumscripto
476 1283 510 1340 et
525 1275 618 1340 velut
638 1278 775 1362 proprio
797 1277 831 1340 in
847 1278 1011 1363 mancipio
1030 1285 1122 1361 sunt,
1139 1279 1196 1364 qui
1218 1277 1467 1362 mancipatione

208 1389 297 1453 facta
318 1406 486 1484 servorum
506 1385 585 1449 loco
606 1385 863 1468 constituuntur,
883 1406 993 1470 neque
1016 1407 1096 1450 vero
1120 1407 1180 1470 per
1208 1388 1320 1450 omnia
1342 1387 1467 1481 similes

208 1497 373 1560 habentur
388 1514 555 1586 servorum
570 1492 615 1575 (¹).
628 1494 682 1556 De
698 1492 902 1557 dominorum
915 1501 1082 1578 potestate
1098 1493 1162 1556 hoc
1176 1494 1284 1582 titulo,
1297 1495 1342 1558 de
1358 1497 1468 1580 patria

209 1611 381 1690 sequente,
398 1600 494 1664 etsie
513 1600 671 1685 deinceps
686 1601 728 1663 de
748 1599 885 1685 reliquis
903 1602 1052 1685 personis
1071 1603 1227 1685 dicemus,
1248 1625 1334 1688 quae
1353 1604 1467 1668 alieno

204 1712 273 1798 juri
289 1709 514 1796 subjiciuntur.
537 1707 638 1770 Muri.

797 1859 825 1940 ς.
846 1859 877 1921 1.

550 1977 675 2030 Potestas
694 1975 825 2028 nmisios
841 1977 869 2028 ia
887 1994 938 2046 quo
956 1978 1121 2032 constiterit?

292 2079 446 2144 Potestas
468 2077 634 2143 dominica
656 2077 721 2141 dno
741 2076 946 2161 potissimum
959 2077 1038 2162 jura
1057 2079 1359 2164 complectebatur:
1382 2080 1472 2146 alte-

209 2205 291 2269 rum,
312 2186 402 2273 quod
418 2187 543 2252 domini
561 2207 622 2272 per
635 2207 747 2250 servos
763 2171 988 2271 adquirerent,
1005 2185 1156 2269 alterum,
1174 2187 1265 2273 quod
1274 2189 1353 2273 jure
1377 2192 1471 2254 vitae

210 2302 245 2358 et
267 2296 357 2361 necis
370 2293 411 2360 ‘in
428 2317 487 2360 eos
508 2281 679 2376 uterentur
694 2298 737 2376 θ).
759 2295 813 2358 De
836 2296 949 2381 priore
974 2296 1084 2380 agitur
1098 2295 1141 2358 ad
1160 2296 1219 2358 tu.
1238 2297 1296 2378 ΙΧ.
1316 2299 1416 2362 Labra·
1431 2301 1474 2362 II.

209 2405 265 2468 De
278 2405 463 2490 posteriore
474 2405 545 2488 jam
561 2402 721 2467 nonnulla
738 2424 781 2466 ex
798 2403 996 2486 antiquitate
1012 2403 1179 2467 monenda
1194 2413 1277 2468 sunt.

797 2584 826 2664 §-
848 2583 878 2646 2.

551 2696 709 2768 Gaudebunt
726 2698 900 2768 dominijure
918 2702 986 2754 ritae
1004 2711 1030 2754 et
1046 2704 1124 2756 neca.

295 2800 404 2878 Quum
418 2799 473 2884 jus
492 2799 581 2863 vitae
597 2808 632 2863 et
647 2799 737 2862 necis
752 2800 786 2863 in
803 2821 913 2864 servos
925 2801 993 2886 juri
1009 2811 1146 2866 naturae
1163 2807 1197 2865 e't
1213 2803 1360 2886 gentium
1378 2805 1476 2868 haud

169 2961 174 2965 .
210 2915 377 2993 repugnet
389 2910 522 2989 f)rnon
549 2907 664 2970 mirum
686 2905 838 2993 profecto
861 2917 928 2990 est,
945 2910 1035 2993 quod
1059 2918 1092 2974 et
1114 2910 1244 2975 Romae
1269 2910 1304 2975 id
1324 2911 1477 2977 dominis

212 3021 435 3101 competeret,
462 3014 579 3100 quibus
604 3015 691 3079 servi
713 3035 780 3078 non
805 3035 1033 3100 personarum,
1055 3019 1113 3082 sed
1139 3041 1253 3091 rernmv
1274 3018 1371 3101 loco,
1396 3044 1477 3084 esse

211 3123 419 3204 videbantur,
436 3124 484 3188 uti
496 3143 592 3208 supra
610 3123 792 3186 monuimus
809 3125 866 3187 ta.
882 3125 942 3186 III.
954 3126 982 3206 ᾖ.
993 3125 1023 3188 2.
1046 3125 1142 3189 Cont'.
1156 3127 1285 3192 Seneca
1303 3111 1348 3190 de*
1355 3131 1479 3208 Renes.

209 3235 275 3294 111.
293 3231 345 3295 23.
363 3232 391 3312 §.
408 3231 438 3294 1.
457 3232 535 3293 Inar.
550 3232 578 3291 Ιι.
595 3240 617 3292 t.
630 3231 720 3293 Hinc
736 3238 770 3294 et
788 3232 896 3316 Hispo
914 3233 1001 3317 apud
1016 3231 1062 3296 M.
1076 3233 1194 3297 Senes.
1214 3227 1357 3298 Contrua.
1378 3236 1423 3300 X.
1446 3238 1482 3300 4.

210 3344 245 3401 in
264 3361 388 3402 seruum
403 3356 502 3403 nnnn
518 3354 589 3401 Non
606 3340 728 3400 dommo
741 3342 846 3418 licere,
864 3339 918 3402 ait.

202 3641 206 3651 .
281 3590 311 3656 a)
332 3563 396 3656 oajs
415 3589 481 3642 lma.
500 3591 521 3642 1.
538 3589 681 3643 49.-Ο1.
700 3590 763 3655 nrp.
781 3591 826 3642 nr.
847 3591 899 3644 sit.
917 3592 970 3644 rx.
989 3593 1027 3644 x.
1046 3593 1133 3646 xix.
1157 3591 1197 3648 ra.
1221 3593 1309 3647 snas.
1395 3565 1398 3576 '

281 3674 313 3740 b)
334 3672 398 3739 Gaji
416 3673 482 3726 Just.
500 3675 521 3726 1.
543 3675 564 3741 ξ.
584 3676 633 3726 106
646 3700 679 3710 ·-
696 3679 753 3726 116.
770 3704 804 3714 -
824 3671 878 3729 cu.
897 3678 928 3730 Α.
955 3675 1061 3729 Gellius
1079 3677 1114 3732 Ν.
1136 3681 1168 3731 Α.
1187 3679 1295 3731 XVIII.
1313 3683 1339 3732 6.
1357 3680 1387 3733 iu
1406 3685 1429 3736 f.

212 3756 276 3811 Vid.
294 3763 322 3810 et
339 3755 409 3810 intra
426 3757 479 3812 Tit.
497 3759 536 3810 X.
554 3759 575 3825 ς.
593 3761 618 3810 6.
637 3746 725 3810 Mart.

280 3842 310 3908 c)
332 3839 471 3909 Gaj.1.§.
492 3847 548 3895 116.
568 3857 629 3910 sqq.
648 3837 735 3893 Miilrl.
1217 3860 1219 3864 ·

282 3928 315 3994 d)
336 3925 398 3992 Gaj.
412 3926 434 3976 1.
449 3925 470 3991 ἓ.
485 3928 543 3978 123.
556 3927 683 3979 -Plura
697 3928 749 3980 hac
766 3928 800 3980 de
817 3942 847 3979 rc
865 3924 936 3980 intra
953 3927 1078 3982 dabImus
1096 3930 1125 3982 in
1143 3931 1195 3984 Tit
1208 3929 1276 3988 ΧΗ.
1294 3935 1359 4000 adp.
1378 3937 1480 3993 stant

283 4013 313 4080 e)
333 4012 376 4072 De
394 4008 500 4078 reliquo
515 4009 592 4076 jure,
612 4011 686 4079 quod
709 4010 737 4062 in
759 4027 899 4064 servorum
915 4029 1047 4082 personas
1072 4019 1242 4083 competebat
1259 4018 1393 4086 dominis,
1410 4024 1470 4089 ja

211 4100 302 4148 actum
321 4101 364 4148 est
375 4094 428 4148 Tit.
442 4091 491 4148 v1.
504 4093 596 4163 ibique
611 4097 654 4146 veI
668 4093 786 4146 maxime
798 4095 818 4162 t.
831 4101 856 4150 2.
871 4103 896 4151 4.
910 4103 934 4152 8.
954 4095 1144 4164 caeterumsi,
1160 4102 1277 4170 quinon
1295 4101 1351 4156 nisi
1363 4108 1451 4161 nudu

205 4180 253 4246 jus
271 4179 420 4245 Quiritium
437 4180 466 4232 in
482 4195 561 4232 servo
579 4179 703 4242 habebat,
716 4183 836 4245 potestas
852 4182 927 4235 nulla
945 4180 973 4234 in
993 4197 1026 4234 eo
1045 4189 1110 4249 erat,
1124 4186 1185 4253 Gaj.
1197 4188 1218 4238 I.
1230 4192 1275 4241 64.
1293 4188 1358 4242 Vid.
1379 4197 1466 4246 tame

212 4265 246 4318 de
264 4265 415 4332 Vengerow
432 4263 499 4318 iiber
517 4265 558 4316 die
575 4265 667 4318 Latini
683 4264 747 4318 Jaa.
765 4265 786 4331 §-
806 4269 846 4320 10.
864 4283 890 4332 p.
908 4270 950 4320 44.
969 4272 996 4318 et
1014 4267 1035 4333 1.
1049 4271 1091 4322 28.
1102 4274 1146 4323 29.
1164 4269 1253 4325 mul.

281 4349 313 4415 1)
325 4350 491 4421 ‘Dummodo
504 4365 560 4404 nou
577 4348 711 4416 intelligas
729 4348 883 4416 promiscue
895 4351 922 4402 in
938 4365 1031 4404 servos
1045 4352 1181 4408 saeviendi
1194 4355 1340 4422 licentiam,
1354 4361 1406 4412 sed
1420 4367 1484 4415 tat

209 4429 256 4495 jus
275 4429 345 4484 vitae
362 4439 389 4486 et
406 4435 499 4500 neeis,
517 4433 592 4504 quoti
609 4435 710 4500 gaudet
726 4434 916 4501 magistratus:
935 4435 1002 4490 uihiI
1021 4436 1156 4503 invenies,
1175 4441 1250 4507 quod
1265 4442 1325 4508 juri
1350 4453 1478 4502 natural

211 4522 352 4580 repugnet.
366 4517 428 4572 vid.
440 4519 534 4570 Senes.
547 4519 578 4571 ds
591 4517 703 4573 Otem.I.
717 4524 755 4572 ls.
766 4521 894 4574 Thomas.
908 4521 995 4575 Fuad.
1008 4522 1071 4574 Jur.
1082 4522 1181 4574 Notat
1194 4524 1271 4578 (ient.
1281 4525 1342 4581 III.
1352 4536 1378 4584 4.
1394 4533 1481 4585 Hes'u
