3056 5154
227 351 324 477 ,Μ
715 373 1033 447 ammi

38 533 39 600 l
139 571 142 576 ·
206 543 215 554 '
249 550 456 636 objiciebant
470 545 592 627 oculis,
606 567 650 612 ne
665 547 807 612 feminas
820 548 990 630 viderent,
1008 552 1062 629 (et
1075 547 1154 614 binc
1170 549 1270 634 grafia
1283 548 1458 616 bicobrerti

250 666 320 740 tin,
334 658 503 721 Romana
523 663 688 720 mamonae
713 656 909 740 ebungiam
923 677 1000 720 non
1022 677 1193 739 gynaeceo
1213 659 1363 739 inclusas,
1379 659 1458 722 radin

249 764 449 830 celebritate
464 770 609 828 versatas
625 767 713 844 esse)
739 763 799 826 sed
814 765 894 846 quia
917 785 975 828 eos
993 764 1136 847 puderet
1154 787 1176 827 a
1189 764 1317 828 feminis
1329 765 1458 849 adgnosci

249 872 363 956 Atque
385 871 470 934 haec
485 878 535 932 est
551 869 688 953 antiqua
708 869 771 934 illa
783 871 984 953 observatio,
1001 891 1099 955 quam
1121 870 1156 934 in
1177 871 1385 956 concipiendo
1396 872 1458 934 furto

250 978 402 1044 adhiberi
417 976 592 1040 voluerant
608 985 738 1039 veteres
752 977 907 1040 Romani.
1019 997 1024 1004 ·

819 1145 849 1225 §.
869 1145 923 1206 20.

600 1258 726 1314 &tiam
744 1267 832 1312 tamen
844 1267 940 1327 postea
957 1258 1013 1326 leye
1029 1257 1152 1314 nobem

332 1359 488 1424 Sublatus
509 1357 568 1424 ille
583 1359 664 1423 ritus
685 1359 805 1422 dicitur
823 1363 892 1441 lege
907 1361 1052 1422 Aebutia.
1074 1359 1127 1421 Ita
1146 1358 1234 1422 euim
1250 1359 1371 1424 Gellius
1383 1361 1457 1422 Noctt

248 1474 317 1532 Au.
337 1469 426 1530 XVI.
443 1467 493 1528 10.
521 1466 588 1528 sed
608 1471 689 1528 endu
709 1489 805 1550 quum
822 1469 1008 1549 proletarii,
1030 1475 1062 1527 et
1085 1468 1225 1539 adsidui,
1248 1448 1279 1530 ci
1300 1477 1457 1536 connect

249 1578 353 1647 vader,
372 1574 586 1646 attrahendas,
602 1583 634 1635 at
652 1577 764 1654 viginti
777 1577 1027 1654 quinquennes,
1045 1581 1075 1634 ct
1096 1575 1238 1647 taliones,
1255 1591 1457 1646 romaricus

248 1703 416 1759 quassato
440 1701 511 1742 curs
528 1699 641 1742 aanor
662 1701 708 1740 aa
727 1701 823 1742 moro
843 1685 1044 1751 evanum,
1064 1684 1222 1760 manuque
1243 1683 1298 1742 ilia
1314 1681 1378 1742 XII
1387 1680 1456 1740 ntr-

239 1792 354 1852 lorum
377 1790 564 1869 antiquitas,
584 1790 650 1848 nisi
663 1789 696 1846 in
721 1789 799 1868 legia
822 1787 993 1848 mubnrbur
1015 1789 1285 1848 centumviralium
1305 1806 1455 1854 caassarnr,

249 1915 337 1958 neca
356 1914 508 1958 Annum
533 1913 637 1965 narr,
668 1897 826 1975 consoprr‘ta
846 1897 903 1954 rit:
927 1893 1064 1954 studium
1092 1898 1314 1976 scientiamque
1330 1915 1380 1975 ego
1391 1912 1454 1972 prce

247 2011 336 2064 stare
350 2001 443 2062 debeo
457 2002 543 2080 juris
557 1991 589 2062 et
607 2003 723 2080 legam,
739 2020 906 2080 auumque
924 2020 1052 2072 earum,
1067 2001 1176 2080 quidus
1195 2005 1321 2062 utr'rrrm.
1342 1994 1454 2076 Quamvis

248 2130 329 2174 vero
353 2108 395 2173 de
420 2113 572 2185 auctore,
591 2115 692 2192 atquc
718 2116 830 2170 aetate
853 2106 947 2190 hujus
969 2106 1138 2169 Aebutiae
1161 2106 1249 2190 legis
1272 2127 1335 2170 non
1356 2109 1453 2180 constat

247 2216 312 2282 nisi
337 2215 427 2300 quod
449 2237 469 2276 a
489 2213 574 2277 Lud.
597 2213 774 2278 Charonda
801 2213 955 2278 laudatur
976 2224 1070 2278 vetus
1096 2211 1180 2276 illud
1203 2213 1323 2276 dubiae
1347 2211 1453 2284 fidei,at

248 2324 398 2390 fictitium
419 2321 536 2405 procul
553 2321 654 2386 dubio
673 2330 935 2386 monumentumr
950 2336 1081 2386 anolus.
1098 2337 1277 2386 assumus.
1294 2337 1343 2383 aa.
1359 2337 1399 2382 Pu
1411 2331 1452 2376 Vll
1492 2333 1493 2336 ’

132 2477 140 2482 -
249 2443 445 2496 nonnullus.
465 2446 587 2492 monn.
610 2445 724 2492 TULI'l'.
744 2447 800 2492 AD·
818 2445 987 2493 POPULUM.
1012 2427 1067 2492 U‘l'.
1081 2445 1132 2491 ΧΠ
1150 2445 1226 2492 'l'AB-
1249 2437 1452 2498 cirisacum

169 2614 173 2622 Ι
248 2553 413 2602 incuruis.
432 2551 569 2600 estana.
593 2551 823 2612 aemulatione.
851 2551 1109 2601 uoaunnunrua.
1129 2549 1235 2610 ,quan
1264 2531 1337 2598 unx.
1356 2541 1451 2594 nuans

248 2655 594 2710 conanturcnurraos.
613 2657 765 2704 sannen.
782 2658 928 2706 uocans.
949 2659 1021 2706 asu.
1038 2642 1115 2704 satis
1131 2648 1243 2706 tamen
1266 2648 1376 2705 certum
1388 2634 1451 2698 vid·

249 2763 311 2833 tur,
336 2750 370 2813 id
386 2768 518 2834 quoque
532 2747 607 2810 Xll
623 2747 824 2812 Tabularum
842 2757 957 2833 caput,
976 2769 1041 2812 uua
1057 2767 1128 2810 cum
1143 2749 1235 2832 aliis,
1252 2750 1319 2813 sive
1332 2745 1395 2823 illa,
1406 2741 1450 2803 sile

248 2856 314 2922 alia
329 2856 407 2939 lege
425 2855 523 2918 fuisse
536 2855 740 2937 abrogatum.

840 3023 848 3039 .
868 2978 919 3040 21.

484 3083 557 3152 Quos
574 3093 641 3145 ritus
654 3102 748 3162 postea
765 3095 793 3146 in
810 2979 978 3162 alumpnum
988 3093 1071 3162 furto
1089 3090 1267 3148 adhibuerint.

331 3194 383 3256 Ex
400 3213 442 3256 eo
458 3201 607 3278 tempore
626 3215 692 3256 non
713 3193 850 3277 amplius
866 3193 906 3255 ab
923 3193 1000 3278 ipsis
1022 3193 1173 3274 dominis,
1196 3194 1302 3277 iisque
1317 3188 1404 3266 nudis,
1417 3203 1449 3247 re·

249 3301 464 3388 quirebantur
492 3323 544 3364 res
574 3301 733 3382 furtivae,
758 3299 814 3362 sed
839 3323 857 3363 a
886 3299 1123 3384 praeconibus,
1153 3311 1187 3364 et
1214 3300 1314 3364 servis
1336 3291 1448 3382 publicis,

247 3523 399 3588 gandonum
415 3533 490 3573 more
508 3519 654 3572 memoriae
671 3522 779 3586 prodita
796 3527 867 3574 sunt
885 3522 943 3574 Nec
959 3537 1003 3573 me
1020 3526 1138 3584 movent,
1157 3527 1228 3588 qnae
1245 3519 1317 3587 apud
1330 3510 1449 3581 Gajumlar

248 3607 282 3660 de
299 3622 328 3658 re
346 3607 479 3672 leguntm.
498 3605 562 3669 Qui,
574 3621 657 3673 quum
670 3612 741 3659 recte
752 3605 1001 3658 animadvertisset:
1020 3603 1124 3672 siquid
1141 3607 1217 3656 lance
1229 3609 1256 3655 et
1268 3602 1327 3656 licio
1337 3594 1449 3668 quaesitus

248 3695 330 3757 atque
347 3688 486 3744 inventum
504 3689 547 3752 sit,
565 3689 593 3742 id
612 3689 731 3756 exlegis
749 3695 893 3755 praecepto
910 3692 1012 3744 furtum
1028 3687 1202 3742 manifestum
1220 3703 1280 3742 esse
1299 3685 1383 3755 (itit.
1394 3676 1448 3740 itt).

247 3774 285 3829 ita
308 3776 363 3827 tore
390 3774 478 3840 pergit
497 3775 532 3841 (t.
553 3775 643 3840 19³.)=
661 3780 745 3826 totam
772 3763 857 3840 legem
876 3789 936 3826 esse
952 3773 1111 3838 ridiculam,
1130 3773 1281 3841 siquidem,
1300 3762 1448 3838 quiverim

247 3875 376 3926 quaerere
393 3858 542 3923 probibeat,
556 3857 580 3910 is
591 3863 618 3908 et
634 3858 738 3911 nudum
757 3873 886 3925 quaerere
903 3857 1089 3924 prohibiturus
1107 3859 1157 3920 sit;
1178 3858 1272 3926 (quasi
1288 3869 1348 3908 vcro
1362 3864 1406 3904 11011
1417 3857 1449 3908 ll·

216 3945 218 3951 '
247 3944 321 3996 doris
345 3944 394 3996 sed
416 3941 605 4008 prohibitionis
631 3941 819 4008 impediendae
838 3959 935 4006 causa,
952 3942 1016 3994 licio
1034 3957 1081 3994 cos
1105 3958 1166 3995 esse
1183 3943 1293 3994 indutos
1306 3931 1402 4005 jusserit
1414 3929 1448 3984 ¹²¹⁴

247 4027 354 4096 quires
372 4019 484 4079 lurtir‘as
503 4027 699 4094 quaererentt)
718 4027 872 4079 Ridiculum
890 4041 973 4093 porro
990 4043 1050 4080 esse
1078 4029 1180 4094 legem,
1197 4027 1273 4095 quod
1295 4027 1399 4078 lancem,
1412 4012 1449 4063 ⁵³²⁸

246 4112 309 4168 ideo
326 4111 419 4168 baberi
433 4111 537 4178 jubeat,
555 4119 586 4165 nt
602 4112 728 4165 manibus
746 4110 904 4177 occupantis
921 4110 989 4164 nibil
1006 4111 1182 4177 subjiciatur,
1200 4109 1257 4164 sivc
1273 4089 1448 4169 ideo,¹1lt¹¹⁰d

245 4196 383 4250 inventum
409 4195 446 4249 sit
468 4195 506 4249 ibi
531 4196 703 4262 imponatur:
722 4201 847 4248 neutrum
865 4211 959 4249 eorum
977 4196 1120 4262 procedat,
1139 4195 1164 4247 si
1181 4195 1225 4256 id,
1244 4195 1316 4261 quod
1333 4187 1447 4271 quteffiil‘·

245 4282 304 4348 ejus
328 4279 521 4346 magnitudinis
539 4288 587 4335 aut
604 4286 716 4334 naturae
734 4280 784 4343 sit,
803 4286 833 4331 ut
858 4295 948 4346 neque
974 4277 1088 4344 subjici,
1105 4296 1194 4347 neque
1219 4277 1257 4331 ibi
1275 4272 1368 4340 imponi
1383 4265 1447 4332 P⁰⁵⁸¹i

245 4363 348 4430 (Quasl
358 4364 387 4418 in
398 4365 524 4416 maresco
536 4364 579 4426 sit,
592 4367 695 4418 lancem
708 4363 793 4416 fuisso
803 4363 932 4428 patinam,
942 4379 1024 4432 quam
1038 4363 1164 4416 manibus
1179 4363 1338 4430 praeferrent
1346 4343 1446 4416 conquiri·

245 4451 331 4508 torem
349 4463 443 4502 vereor
461 4454 566 4529 minen,
585 4437 619 4503 ne
637 4450 666 4503 id
683 4450 863 4502 concedamus
882 4448 946 4515 Gaji
963 4447 1134 4510 auctoritati,
1152 4447 1253 4514 quippe
1271 4443 1316 4512 qui
1336 4442 1385 4505 ipfle
1399 4423 1447 4484 haud

245 4529 398 4594 diffiteatur,
416 4531 468 4584 sibi
486 4549 540 4584 uon
558 4547 619 4586 csse
636 4538 804 4598 perspectam
823 4533 919 4587 veteris
938 4533 1010 4586 illius
1028 4533 1097 4586 ritus
1115 4531 1256 4597 indolem.)
1279 4525 1358 4582 Mill.
