3062 5156
224 393 295 458 trs
508 385 582 455 Lis.
608 384 635 452 1.
661 382 741 452 Τιτ.
767 383 861 452 11111.
887 383 1010 470 Uspen
1035 383 1094 454 An
1115 383 1193 451 XX.

823 604 830 620 .
852 557 903 621 17.

618 674 659 728 Eo
676 674 719 726 nel
731 559 877 742 pupillaris
893 675 937 727 oet
947 683 1088 744 perpetuo.

306 781 386 842 Erat
409 797 490 842 vero
505 776 590 841 haec
609 774 782 838 mulierum
801 774 907 837 tutela
923 775 978 838 vel
1000 791 1201 840 PUPILLARJS
1217 775 1272 838 vel
1289 792 1473 839 sensurus:

222 885 343 950 Bnetb.
358 889 390 947 r'n
410 885 522 966 lbpe'oo
542 885 604 946 Gr'c.
618 883 648 944 4.
664 903 799 965 quarum
818 881 903 944 hanc
917 882 968 945 illi
981 883 1217 967 praeferebant
1232 891 1376 963 veteres,
1396 889 1472 944 teste

224 991 338 1055 Gellio
359 993 464 1053 Noctt.
486 993 554 1052 Att.
579 991 613 1050 V.
632 988 684 1050 13.
702 991 898 1069 Popitlorem
917 990 1073 1072 pubertas
1091 991 1245 1066 liniebat;
1262 1000 1472 1073 perpetuane

222 1098 477 1184 majorennitate
500 1096 633 1179 quidem
655 1096 854 1178 exspirabat.
876 1099 1081 1177 Poptltorum
1100 1106 1227 1161 tutores
1251 1103 1285 1161 et
1307 1098 1472 1182 gerebant,

224 1216 259 1270 et
290 1205 519 1268 auctoritatem
549 1204 820 1297 interponebant.
855 1205 1053 1267 Adulterum
1077 1225 1158 1268 vero
1180 1205 1325 1288 negotiis
1356 1211 1473 1266 tutores

223 1322 349 1377 tantum
374 1312 604 1376 auctoritatem
623 1312 898 1394 interponebant,
914 1331 982 1374 non
998 1333 1079 1374 vero
1101 1313 1274 1396 gerebant.
1294 1311 1385 1374 Hinc
1405 1333 1434 1374 v.
1451 1333 1473 1372 c.

223 1427 315 1484 recte
336 1418 466 1481 mulieri
490 1418 624 1483 adultae
648 1426 781 1501 poterat
803 1416 905 1480 solvi:
926 1417 995 1480 Cic.
1021 1420 1120 1501 lbpic.
1136 1419 1188 1482 11.
1214 1419 1262 1486 At
1282 1419 1472 1482 auctoritate

225 1536 370 1592 tutorum
387 1545 469 1610 opus
486 1532 574 1606 erat,
590 1525 616 1588 si
636 1524 695 1588 illa
714 1525 792 1608 lege
808 1533 865 1588 aut
878 1524 1031 1608 legitimo
1046 1526 1178 1610 judicio
1199 1548 1299 1611 agere
1316 1525 1436 1607 vellet,
1451 1526 1472 1588 si

224 1658 259 1700 se
275 1634 460 1719 obligaret,
477 1633 504 1694 si
522 1633 693 1716 negotium
717 1632 816 1697 civile
834 1639 984 1715 gereret,
1007 1633 1033 1696 si
1049 1655 1119 1697 rem
1135 1635 1279 1720 mancipi
1300 1634 1472 1698 alienaret:

225 1743 294 1807 Cic.
309 1761 371 1823 pro
390 1743 429 1802 A.
450 1741 571 1802 Caecin.
590 1740 641 1802 25.
661 1740 795 1824 Ulpian.
815 1742 947 1822 magn.
968 1741 1026 1802 XI.
1041 1741 1091 1803 25.
1105 1740 1157 1803 27.
1180 1741 1270 1819 Quin
1294 1752 1330 1806 et
1351 1743 1472 1826 nuptias

225 1849 438 1928 contrahere,
460 1846 515 1910 vel
531 1847 564 1910 in
588 1867 718 1911 manum
742 1848 919 1911 convenire
942 1849 1013 1910 sine
1029 1857 1174 1912 tutorum
1198 1851 1397 1914 auctoritate
1412 1871 1472 1912 non

224 1964 375 2042 poterat:
394 1955 462 2018 cie.
472 1975 535 2038 pro
548 1957 654 2018 Flooo.
669 1977 694 2016 o.
709 1955 761 2020 34.
781 1955 850 2036 (Cf.
866 1955 943 2041 Gaji
958 1957 1033 2020 inst.
1048 1958 1076 2022 1.
1091 1957 1184 2039 192.)

802 2107 831 2188 5.
854 2107 905 2170 18.

429 2224 569 2290 Perpetuo
586 2220 629 2272 vel
645 2222 849 2287 testamentario,
868 2223 911 2275 oel
928 2223 1043 2292 legitimo
1060 2223 1103 2276 ool
1120 2223 1275 2276 Proeton'o.

307 2325 390 2388 Erat
412 2343 510 2408 porro
533 2302 697 2407 perpetua
716 2322 776 2385 illa
797 2323 905 2398 tutela
923 2324 1094 2387 mulierum
1113 2323 1166 2386 vel
1183 2339 1474 2403 rnsrnnnnrnnrs,

225 2432 281 2497 vel
309 2448 492 2513 spernitis,
518 2430 571 2494 vel
598 2447 800 2494 suessonis.
829 2431 898 2494 Ista
922 2440 993 2495 erat
1019 2433 1053 2494 in
1083 2440 1251 2516 potestate
1275 2432 1402 2512 mariti,
1423 2431 1474 2515 qui

125 2533 126 2536 ¹
225 2542 369 2604 moriens
388 2539 500 2619 uxori,
521 2538 656 2622 quaein
672 2560 801 2602 manum
817 2548 1039 2621 convenerat,
1055 2547 1219 2622 tamquam
1236 2537 1475 2619 filiaefamilias,

227 2655 368 2710 tutorem
389 2645 490 2710 dabat
505 2654 704 2711 testamento
720 2651 762 2730 ¹).
789 2646 831 2709 ld
847 2645 936 2729 quod
951 2668 1019 2708 non
1036 2646 1140 2710 solum
1158 2669 1200 2709 ex
1215 2646 1292 2710 loco
1310 2646 1475 2710 Ciceronis

226 2754 341 2840 paullo
361 2753 551 2816 obscuriore
567 2775 629 2835 pro
645 2754 730 2816 Mur.
746 2775 771 2816 c.
794 2754 843 2817 12.
866 2754 926 2817 sed
948 2763 983 2817 et
1005 2775 1048 2818 ex
1069 2754 1133 2817 hoc
1156 2754 1349 2818 testimonio
1370 2755 1476 2818 claris-

226 2863 308 2925 simo
330 2860 419 2923 Livii
436 2861 592 2923 XXXIX.
616 2860 666 2922 19.
689 2869 796 2944 patet,
814 2861 872 2924 ubi
894 2861 1056 2946 Hispalae
1079 2863 1270 2925 Fecenniae
1291 2861 1382 2924 scto
1404 2863 1476 2924 data

227 2969 348 3034 dicitur
368 2973 471 3051 gentis
487 2973 626 3052 enuptio,
650 2977 684 3031 et
699 2983 846 3033 curonis
866 2986 981 3050 orric,
1008 2975 1102 3051 quast
1121 2970 1153 3032 ei
1178 2987 1235 3034 vin
1253 2985 1476 3034 rnsrsussnro

227 3093 392 3142 Dssnlsssst'
404 3081 452 3157 ⁸).
473 3075 551 3140 Vid.
571 3077 684 3138 Corum.
704 3077 746 3136 ad
760 3075 797 3138 L.
816 3076 877 3138 Jut.
894 3086 924 3139 et
938 3079 1020 3159 Pap.
1036 3078 1102 3140 bib.
1117 3079 1161 3140 ΙΙ.
1176 3099 1201 3140 ο.
1216 3077 1267 3140 ll.
1278 3099 1314 3159 p.
1329 3075 1402 3139 237.
1418 3075 1478 3140 Illa

226 3284 368 3337 bebantnr.
386 3283 479 3345 Quum
496 3297 562 3348 ergo
580 3279 774 3348 paterfamilias
789 3283 853 3348 jure
870 3287 966 3348 posset
982 3281 1076 3336 testari
1094 3282 1129 3335 de
1147 3283 1245 3335 tutela:
1263 3283 1366 3336 lactum
1385 3289 1435 3345 est,
1451 3287 1478 3333 ut

227 3375 255 3422 et
272 3368 418 3420 morientes
444 3367 534 3420 mariti
558 3364 726 3418 testamentis
753 3365 787 3418 de
812 3367 896 3419 tutela
919 3381 1039 3418 uxorum
1058 3366 1250 3432 disponerent,
1268 3367 1353 3419 etita
1371 3366 1478 3435 quidem

228 3454 412 3518 disponerent
432 3457 464 3504 ut
475 3451 509 3504 iis
528 3451 624 3504 darent
641 3450 790 3517 optionem,
809 3466 891 3519 quem
908 3452 1016 3515 vellent,
1031 3456 1150 3505 tutorem
1165 3452 1217 3504 sibi
1235 3451 1362 3519 eligendi.
1382 3454 1479 3504 Exem-

227 3537 304 3602 plum
321 3537 491 3601 praeclarum
509 3541 551 3589 est
567 3536 641 3601 apud
659 3535 769 3588 Livium
783 3535 937 3588 XXXIX.
952 3541 994 3589 19.
1007 3537 1069 3588 Ηοο
1083 3553 1169 3605 quum
1182 3543 1277 3590 contra
1288 3541 1396 3590 veteres
1411 3538 1479 3603 leget

227 3621 395 3676 invexissent
409 3619 601 3686 iureconsulti,
616 3622 773 3674 invenerunt
783 3638 883 3689 qenero
896 3629 1022 3686 tutorum,
1037 3639 1104 3690 quoe
1113 3630 1250 3690 potestate,
1264 3621 1294 3674 id
1306 3627 1356 3685 est,
1372 3622 1480 3688 optione

227 3707 367 3761 mulierum
390 3706 594 3758 continerentur.
620 3707 700 3759 Hein.
728 3706 826 3758 Potius
854 3706 987 3771 dixerim,
1011 3706 1046 3758 de
1070 3706 1219 3760 fiduciariis
1239 3707 1394 3771 nitoribus,
1414 3721 1480 3774 quae

227 3790 427 3844 coemtionibns
445 3806 507 3842 cum
525 3795 655 3842 extraneo
673 3791 815 3844 celebratis
829 3792 931 3856 tierent,
950 3791 994 3844 bic
1005 3791 1140 3858 cogitasse
1158 3791 1325 3856 Ciceronem,
1344 3791 1480 3860 siquidem

228 3883 277 3930 aut
294 3875 362 3928 dicis
382 3880 487 3927 tantum
510 3889 593 3927 causa
615 3875 656 3929 illi
681 3876 791 3944 quidem
808 3877 998 3930 auctoritatem
1021 3893 1099 3930 susm
1117 3876 1337 3942 interponebant,
1356 3882 1407 3928 ant
1424 3873 1481 3941 cogi

228 3966 365 4028 poterant,
384 3965 415 4012 nt
433 3964 559 4012 auctores
577 3962 680 4016 fierent.
711 3962 774 4016 Vid.
793 3962 854 4028 Gaj.
872 3963 894 4016 1.
914 3963 1026 4017 190.11.
1045 3966 1103 4016 122.
1134 3962 1365 4028 SebillingBent.
1384 3959 1481 4013 9111

232 4049 266 4100 G.
282 4063 310 4112 p.
331 4044 492 4098 14911111.

299 4131 327 4198 r)
347 4131 491 4183 caeterum
508 4147 564 4182 non
579 4133 662 4185 modo
674 4136 747 4183 recta
758 4132 803 4183 via
815 4135 933 4185 tutorem
948 4133 1062 4185 maritus
1075 4131 1140 4184 darc
1152 4134 1260 4196 poterat
1270 4129 1353 4182 uxori
1368 4130 1448 4198 (Gaj.
1462 4129 1482 4180 1.

232 4217 307 4282 149),
325 4231 420 4268 verum
438 4216 519 4270 etism
537 4219 667 4286 optionem
688 4217 795 4280 attor-ie,
813 4217 839 4268 b.
857 4233 881 4268 e.
899 4221 929 4268 nt
948 4217 1027 4270 liceat
1044 4215 1152 4269 mulieri
1169 4221 1288 4268 tutorem
1306 4215 1360 4267 sibi
1379 4220 1482 4279 optare,

230 4305 278 4353 sut
295 4301 323 4352 in
341 4315 435 4353 omnes
452 4316 505 4366 res,
524 4306 572 4353 aut
590 4301 619 4352 in
636 4301 756 4366 singulas
778 4301 854 4368 (GaJ.
871 4301 893 4353 l.
913 4303 987 4367 1⁵0).
1006 4302 1130 4364 Dabatnr
1148 4315 1213 4352 vero
1233 4304 1281 4352 eut
1297 4302 1380 4365 plens
1399 4299 1482 4364 optio,

230 4385 249 4436 i.
265 4401 289 4438 e.
306 4386 388 4438 nullis
407 4386 507 4438 additis
525 4385 671 4447 limitibus,
689 4390 737 4436 eut
754 4391 885 4451 angusta,
903 4388 997 4440 velut:
1024 4385 1137 4451 „Titiae
1154 4386 1237 4439 uxori
1254 4400 1331 4438 mene
1349 4384 1483 4436 duntaxat

231 4468 330 4520 tutoris
347 4469 487 4535 optionem
505 4470 585 4522 senet
602 4469 666 4522 do.''
688 4470 765 4537 (Gaj.
783 4472 805 4522 1.
824 4474 882 4524 152.
902 4474 976 4535 169).
994 4470 1081 4524 Mttt.

300 4555 330 4622 s)
350 4554 482 4608 Huschke
500 4555 560 4608 dias.
579 4556 622 4609 cit.
641 4553 711 4624 (vid.
728 4555 749 4624 1.
769 4558 810 4608 19.
827 4559 883 4610 not.
900 4555 934 4623 i.)
954 4570 981 4621 p.
998 4560 1041 4610 bl.
1059 4572 1121 4626 sqq.
1139 4555 1227 4610 Melet.
