3130 5148
571 1199 628 1267 Jo.
655 1197 790 1266 Gorrn
815 1199 1003 1266 Hemuccu
1028 1197 1093 1266 JC.

262 1413 991 1601 PRAEFATIO
1056 1414 1393 1518 NOVA.

494 1677 781 1756 LECTORI
820 1677 1170 1756 BENEVOLO

787 1910 815 1962 S.
850 1909 883 1962 P.

205 2190 368 2293 Praeter
381 2243 437 2302 ea,
460 2246 546 2310 quae
568 2224 647 2288 olim
671 2224 748 2287 huic
767 2223 886 2288 libello
903 2225 1073 2289 verbosius
1095 2225 1263 2309 praelatus
1283 2243 1371 2305 sum,
1387 2224 1460 2308 jam

206 2355 341 2423 quoque
357 2340 449 2413 sunt,
465 2351 614 2414 necron,
631 2353 716 2418 quae
733 2333 845 2416 paucis
861 2341 896 2395 te
911 2333 1001 2396 volo.
1022 2333 1097 2410 Qua
1114 2335 1288 2396 occasione
1303 2331 1363 2394 ille
1379 2333 1461 2394 mibi

207 2444 286 2507 olim
309 2440 481 2503 subitanea
504 2439 609 2502 veluti
631 2459 735 2522 opera
761 2448 857 2504 natus
879 2441 939 2524 sit,
970 2461 1013 2502 ex
1034 2448 1149 2504 vetere
1173 2439 1402 2524 praefatione,
1434 2439 1460 2501 si

207 2547 411 2627 memineris,
428 2547 582 2610 didicisti.
603 2548 780 2612 Fata‘tunc
796 2548 846 2611 illi
862 2547 964 2629 longe
980 2545 1061 2628 alia,
1084 2568 1181 2631 quam
1199 2567 1284 2631 quae
1301 2554 1460 2630 expertus

207 2662 273 2737 est,
296 2653 476 2718 ominabar.
498 2654 576 2717 Non
593 2655 785 2718 dubitabam
801 2654 908 2735 enim,
931 2653 1031 2737 quin,
1055 2675 1153 2738 quum
1171 2654 1324 2739 plerique
1346 2653 1460 2717 alieno

142 2847 153 2856 ‘
211 2763 252 2828 ab
275 2761 325 2824 bis
347 2743 462 2823 studiis
484 2763 595 2825 animo
618 2783 689 2826 esse
712 2763 859 2842 soleant,
889 2759 1023 2823 libellus
1045 2781 1110 2824 non
1134 2762 1195 2824 nisi
1220 2763 1318 2842 meis,
1341 2763 1461 2847 quibus

207 2871 300 2935 illum
316 2867 570 2951 destinaveram,
585 2871 789 2935 auditoribus
806 2867 1142 2952 utilitatemaliquam
1159 2868 1338 2952 adlaturus,
1354 2869 1461 2933 adeo-

209 2999 274 3063 que
291 2985 385 3040 extra
398 2976 608 3061 academiae,
621 2979 653 3041 in
669 3000 733 3062 qua
748 2987 826 3039 tunc
836 2975 970 3061 publice
984 2974 1126 3040 docendi
1139 2998 1272 3040 munere
1285 2976 1462 3062 fungebar,

208 3085 365 3150 Halensis
393 3084 566 3168 pomoeria
587 3105 653 3150 non
682 3083 816 3146 multum
841 3094 1100 3169 consequuturus
1131 3091 1218 3148 esset
1247 3084 1461 3150 celebritatis.

208 3194 387 3258 Enimvero
403 3191 501 3255 aliter
515 3192 654 3273 accidit,
677 3211 715 3254 ac
731 3191 865 3275 quidem
883 3193 1156 3256 existimaveram.
1179 3193 1248 3256 Vix
1264 3193 1350 3269 enim
1364 3183 1461 3276 prelo

208 3303 338 3366 exierat
354 3299 564 3384 opusculum,
588 3282 686 3383 quum
711 3306 745 3361 et
768 3299 875 3362 exteri
899 3300 931 3362 in
957 3299 1224 3383 ephemeridibus
1245 3299 1386 3384 publicis
1410 3300 1463 3362 in-

213 3410 360 3472 stitutum
377 3428 483 3470 meum
500 3408 696 3491 probarent,
717 3411 754 3468 et
768 3406 873 3490 ipsum
895 3406 1045 3471 libellum
1063 3407 1331 3471 commendarent
1352 3409 1462 3470 unice.

211 3517 362 3580 Fuerunt
376 3515 493 3597 etiam,
517 3515 624 3599 quise
648 3534 689 3576 eo
712 3534 779 3576 non
801 3536 913 3599 parum
938 3514 1068 3599 adjutos
1090 3536 1178 3596 esse,
1199 3515 1320 3580 litteris
1342 3515 1384 3578 ad
1408 3532 1462 3578 me

211 3625 314 3700 datis,
336 3623 570 3706 significarent.
591 3623 758 3702 Fuerunt,
781 3625 837 3707 qui
854 3621 945 3685 illum
961 3623 996 3684 in
1011 3623 1073 3686 bac
1090 3643 1128 3686 ac
1145 3625 1268 3686 exteris
1284 3622 1462 3691 academiis

211 3732 343 3818 publice
361 3738 568 3810 enarrarent,
584 3729 715 3814 suisque
736 3729 939 3793 illustrarent
958 3730 1297 3813 interpretationibus.
1311 3732 1462 3794 Fuerunt

213 3840 371 3923 denique,
392 3846 427 3900 ut
443 3838 497 3913 fit,
519 3837 576 3921 qui
593 3837 626 3900 in
641 3837 767 3900 libellis
783 3846 817 3901 et
839 3837 967 3900 schedis
989 3838 1071 3916 suis,
1095 3857 1185 3919 mea,
1208 3838 1262 3902 vel
1285 3859 1461 3922 suppresso

211 3947 352 4012 auctoris
373 3945 525 4025 nomine,
553 3941 796 4027 exscriberem,
819 3946 874 4009 vel
897 3967 967 4007 cum
992 3945 1126 4008 honoris
1148 3945 1356 4029 praefatione
1380 3945 1463 4008 cita-

211 4063 305 4135 rent,
327 4052 382 4116 vel
399 4073 522 4115 naevos
539 4053 716 4137 quosdam,
738 4054 807 4116 sive
824 4072 940 4133 veros,
963 4051 1033 4114 sive
1048 4053 1110 4116 sibi
1127 4053 1173 4116 ita
1189 4054 1297 4135 visos,
1319 4053 1461 4116 candide

212 4160 413 4235 indicarent;
442 4160 560 4245 quibus
589 4183 654 4245 ego
684 4181 736 4222 me
760 4159 863 4242 magis
886 4149 1077 4224 obstrictum
1100 4161 1230 4241 fateor,
1264 4182 1360 4245 quam
1384 4159 1462 4239 illis,

212 4267 269 4352 qui
298 4266 377 4329 milri
405 4267 538 4349 laudes,
572 4290 651 4353 quas
681 4289 747 4330 non
777 4267 964 4351 adgnosco,
997 4265 1148 4329 admetiri
1171 4289 1238 4330 non
1261 4268 1463 4331 dubitarunt.

211 4375 305 4438 Inter
325 4375 408 4438 baec
430 4377 539 4440 omnia
561 4375 669 4438 libelli
693 4373 898 4458 exemplaria
927 4397 1049 4460 paucos
1071 4375 1157 4438 intra
1179 4396 1282 4439 annos
1305 4375 1462 4438 distracta

213 4491 305 4567 sunt,
325 4504 444 4569 meque
453 4485 524 4569 jam
541 4491 653 4548 monet
668 4481 871 4566 bibliopola,
893 4484 926 4546 in
945 4503 1064 4570 quem,
1087 4481 1245 4568 dissipato
1261 4481 1462 4568 bibliopolio
