3080 5154
210 361 258 427 44
683 353 758 420 Lm
784 353 811 419 1.
837 352 916 419 Trr.
942 351 986 418 ll.

209 530 313 596 Tales
327 539 402 594 sunt
414 529 473 593 lex
494 531 638 606 Arma,
661 528 720 593 lex
741 530 876 590 Aurelio
893 535 929 590 ct
951 527 1048 590 aliae.
1068 527 1142 590 Imo
1163 534 1200 589 et
1218 525 1386 610 Pompeji,
1410 527 1473 610 qui

210 637 335 703 Consul
345 638 416 700 sine
432 635 565 720 collega
575 635 648 718 fuit,
665 644 700 698 et
715 636 753 700 C.
767 634 851 699 Julii
868 633 1027 715 Caesaris,
1046 644 1081 696 et
1092 633 1238 718 Augusti
1252 634 1348 720 leges
1363 655 1472 702 unum

209 768 330 811 nomen
345 746 571 826 Pompejcrum
585 752 621 807 et
635 743 792 805 baliarum
809 742 966 804 tulerunt.
983 740 1206 804 Addebantur
1217 741 1386 805 interdum
1400 740 1474 804 alia

209 853 418 937 cognomina,
435 850 606 914 amateria
617 850 704 933 legis
720 850 881 930 desumta,
901 847 1008 912 veluti
1033 847 1092 910 lex
1113 847 1259 911 Cornelia
1273 852 1473 921 munna,

207 960 266 1024 lex
286 956 680 1031 camerescensem
695 957 806 1018 θαιεία
822 960 964 1038 agrario.
983 953 1192 1039 [Aliquando
1206 963 1242 1018 et
1257 953 1325 1019 alia
1337 976 1474 1038 cogno·

208 1068 307 1130 mina.
327 1066 423 1128 Inter
437 1063 521 1126 baec
541 1073 577 1128 et
599 1062 686 1147 legis
709 1073 851 1135 rasurae,
872 1082 959 1146 quae
982 1061 1113 1126 diversa
1132 1062 1243 1145 capita
1259 1061 1475 1144 complecte-

208 1174 322 1236 batur:
344 1171 491 1236 Gronov.
510 1173 555 1233 cd
569 1172 651 1233 Stat.
666 1171 780 1251 Pupia.
799 1190 833 1250 p.
856 1168 907 1231 64.
926 1164 1074 1253 itemque
1092 1171 1264 1231 mucellae:
1281 1167 1366 1230 12.
1381 1169 1423 1228 L.
1439 1167 1473 1229 3.

212 1281 285 1342 (lod.
301 1281 341 1341 dc
359 1280 475 1341 maure.
487 1280 592 1341 r'rrdr'ct.
607 1276 674 1340 vid.
692 1276 806 1338 Ουηιιιι
819 1283 917 1340 nostr.
932 1277 978 1338 ad
994 1276 1073 1359 ὗες.
1088 1275 1150 1339 Jut
1167 1285 1198 1339 et
1218 1276 1358 1358 Papll.
1371 1273 1426 1336 16.
1438 1274 1473 1336 3.

109 1369 646 1470 'ammmw

785 1500 815 1582 §.
835 1498 886 1561 15.

670 1616 731 1675 Quo
747 1615 808 1668 etilo
825 1615 1011 1682 empnam?

295 1720 372 1799 Quo
399 1721 469 1782 stslo
488 1717 587 1782 scribi
608 1716 806 1801 concipique
831 1713 950 1780 solitae
966 1716 1031 1781 sint
1052 1716 1157 1802 leges,
1182 1737 1226 1780 ex
1247 1715 1358 1780 multis
1378 1717 1474 1780 anti-

211 1827 284 1914 quis
299 1826 519 1890 monumentis
530 1825 678 1909 adparet.
697 1823 822 1902 Qualia
837 1831 912 1886 suut
930 1822 1025 1907 leges
1045 1825 1202 1910 antiquae
1221 1824 1309 1909 apud
1326 1825 1474 1888 Reines.

211 1937 372 2016 Jmcnptt.
386 1956 420 2016 p.
437 1933 509 1996 473.
528 1933 572 1994 N.
587 1933 628 1993 X.
648 1939 684 1994 ut
707 1939 742 1994 et
764 1930 936 2015 egregium
955 1931 1175 2016 fragmentum
1193 1933 1279 2017 legis
1299 1931 1473 1996 Serviliae

212 2041 300 2128 apud
317 2041 392 2106 Car.
404 2040 518 2125 Sigon.
534 2041 573 2102 dc
588 2039 689 2102 Judr‘c.
700 2043 746 2100 11.
759 2038 811 2101 27.
817 2060 851 2120 p.
862 2037 933 2100 422.
950 2061 1095 2103 necnon
1112 2039 1198 2125 legis
1211 2040 1360 2104 Thuriae
1374 2040 1474 2124 apud

213 2148 365 2212 eumdem
386 2149 425 2212 de
447 2149 527 2210 Jure
542 2149 617 2208 Ital.
636 2148 683 2207 11.
695 2145 725 2208 2.
744 2167 779 2228 p.
796 2145 868 2209 638.
894 2146 995 2210 Adde
1021 2148 1120 2210 Barn.
1137 2147 1283 2210 Brisson.
1300 2149 1340 2210 de
1358 2148 1474 2208 Form.
1532 2163 1533 2170 ¹

206 2278 242 2338 p.
253 2256 324 2318 141.
333 2278 377 2337 sq.
398 2254 581 2338 (Inprimis
596 2261 722 2318 autem:
738 2256 945 2336 Antiquitats's
953 2256 1118 2318 Romanae
1128 2256 1474 2334 nwnamentclegalc'a,
1532 2257 1533 2294 ³

212 2371 308 2428 extra
322 2362 426 2426 libros
431 2363 516 2449 juris
528 2362 672 2425 Romani
685 2382 807 2446 sparsa,
821 2384 906 2447 quae
921 2364 1040 2446 partim
1052 2362 1194 2446 integra,
1207 2361 1326 2444 partim
1338 2360 1473 2442 mutila,

212 2471 271 2534 sed
284 2471 440 2554 genuina,
452 2476 634 2553 supersunt.
654 2469 737 2532 Usui
752 2468 1024 2550 accommodavit,
1041 2475 1109 2531 tum
1122 2449 1275 2531 notitiam
1288 2467 1474 2530 historico-

211 2576 392 2642 literariam
409 2576 580 2659 praemisit
609 2573 645 2637 C.
666 2574 895 2639 G.Haub01d.
920 2575 1011 2659 Opus
1033 2596 1076 2638 ex
1098 2575 1294 2640 adversariis
1315 2575 1474 2640 defuncti

211 2681 357 2748 restituit
373 2682 411 2743 E.
428 2681 680 2766 spangenberg.
696 2681 809 2745 Berol.
823 2680 913 2744 1830.
935 2683 989 2745 Ex
1002 2681 1092 2746 bisce
1106 2690 1256 2746 veterum
1272 2681 1384 2768 legum
1406 2703 1474 2744 ex-

214 2789 331 2875 emplis
352 2788 501 2873 inprimis
526 2797 600 2852 sunt
624 2789 741 2874 digna,
769 2811 853 2873 quae
882 2797 1199 2853 commemorentur:
1230 2789 1304 2853 Lex
1327 2788 1474 2876 Thoria,

212 2898 255 2962 A.
269 2897 311 2960 U.
328 2895 531 2960 DCXLVII
544 2900 590 2979 5),
608 2897 682 2969 Lex
699 2897 842 2960 Servilia
859 2899 1128 2981 repetundarum,
1149 2896 1278 2980 aliquot
1300 2897 1395 2962 annis
1413 2897 1475 2960 iu-

213 3003 318 3067 ferior
332 3007 375 3084 ²),
395 3003 470 3066 Lex
494 3004 642 3069 miscella
665 3004 909 3087 Heracleensis,
929 3026 952 3067 s.
974 3004 1087 3069 tabula
1113 3003 1360 3086 Heracleensis,
1377 3003 1475 3066 inter

213 3112 255 3178 Δ.
267 3111 308 3176 U.
323 3111 387 3174 664
400 3111 511 3175 -680
528 3111 599 3176 lata
611 3117 657 3194 ²),
687 3112 761 3174 Lex
781 3112 830 3175 de'
845 3111 957 3176 Gallia
979 3111 1160 3196 Cisalpina,
1183 3132 1270 3195 quae
1286 3110 1345 3173 sub
1365 3111 1473 3174 initio

213 3241 300 3284 saec.
317 3219 403 3283 sexti
416 3241 449 3304 p.
462 3219 504 3282 U.
520 3217 557 3281 C.
571 3218 641 3282 lata
656 3227 706 3283 est
720 3221 766 3302 ¹³),
781 3222 852 3306 jam
868 3243 888 3282 a
904 3219 1073 3303 plerisque
1092 3226 1224 3282 nostrae
1237 3218 1355 3282 aetatis
1369 3217 1392 3282 J
1395 3217 1473 3282 ctis

214 3331 293 3410 legis
309 3329 449 3389 Rabrrbe
463 3327 597 3390 nomine
616 3336 773 3410 usurpata
787 3330 834 3408 ο).
856 3325 956 3387 Mate.

283 3574 317 3640 y)
337 3589 381 3638 ap.
399 3575 554 3639 Spengenb.
574 3574 622 3626 Nr.
640 3575 676 3626 V.
694 3589 723 3640 p.
744 3578 784 3627 10.
802 3590 862 3643 sqq.
882 3573 971 3626 1111111.

283 3659 314 3724 a)
335 3673 379 3724 ap.
397 3659 551 3723 spargens.
569 3659 683 3711 Νι.11.
700 3674 727 3724 p.
738 3663 782 3710 22.
800 3673 901 3728 sqq-
912 3659 943 3712 C.
955 3661 988 3711 A.
1000 3658 1032 3710 C.
1045 3660 1158 3712 Klenze.
1176 3660 1284 3725 Fragm.
1303 3659 1354 3724 leg.
1371 3657 1474 3712 Servii.

214 3741 387 3810 repetsmdar.
400 3758 436 3794 ex
454 3743 510 3794 tab.
522 3758 577 3796 aer.
590 3742 709 3809 primum
720 3743 872 3810 conjunxit,
881 3742 1007 3808 restituit,
1017 3742 1171 3796 illustravit.
1181 3745 1273 3796 Berol.
1284 3747 1359 3796 1828.
1377 3742 1474 3796 Mill.

284 3828 315 3895 a)
335 3827 419 3892 Hugo
437 3825 544 3880 civilist.
562 3828 639 3894 Mag.
658 3829 712 3880 111.ι
728 3829 776 3881 Nr.
794 3827 879 3880 XIX.
898 3829 1005 3893 Fragm.
1023 3826 1090 3894 legis
1101 3830 1180 3880 Rom.
1199 3828 1227 3880 in
1246 3841 1342 3879 aversa
1359 3826 1475 3878 tabulae

214 3911 402 3966 HeracleensIs
421 3916 497 3977 parte
514 3912 612 3965 illustr.
632 3911 775 3965 Marezoll.
794 3913 883 3965 Goett.
902 3915 977 3966 1816.
1000 3912 1120 3965 Dirksen
1145 3911 1347 3964 observationes
1373 3911 1409 3962 ad
1427 3919 1475 3962 ta-

215 3999 295 4050 bulae
320 3995 508 4050 Heracleensis
534 4002 639 4061 partem
663 3999 784 4050 alteram.
808 3999 900 4049 Berol.
924 4002 1000 4051 181⁷.
1030 3998 1072 4048 ld.
1098 3996 1306 4062 Bemerkungen
1329 3995 1397 4046 fiber
1424 3992 1476 4047 die

215 4086 287 4135 erste
302 4082 398 4136 Hitlt‘tc
422 4080 470 4134 der
488 4082 564 4134 'l'atel
581 4097 636 4134 von
653 4083 800 4142 Heraclea;
823 4080 852 4134 in
869 4083 929 4149 ejus
947 4079 998 4135 civ.
1015 4081 1085 4136 Abh.
1097 4082 1133 4133 11.
1151 4081 1200 4132 Nr.
1215 4081 1249 4132 lI.
1274 4079 1477 4146 spangenberg

215 4169 277 4219 coll.
296 4167 345 4221 Nr.
365 4167 446 4218 XVI.
465 4181 493 4231 p.
514 4169 548 4220 98
565 4181 626 4234 sqq.
645 4166 753 4220 -Via
771 4168 848 4220 etde
867 4169 983 4236 Snoipay
1005 4166 1033 4219 in
1052 4165 1078 4216 d.
1098 4165 1227 4218 zeitschr.
1250 4166 1295 4216 tur
1318 4164 1410 4229 gescb.
1435 4164 1475 4216 R.

216 4251 265 4304 W.
283 4253 314 4302 ’1.
333 4251 386 4304 IX.
406 4251 455 4304 Nr.
474 4251 528 4303 Xl.
552 4249 639 4318 Mirm.
1375 4287 1380 4294 ·

286 4336 318 4403 b)
338 4337 422 4402 Hugo
440 4333 491 4388 civ.
510 4336 586 4402 Mag.
605 4336 640 4387 11.
659 4337 707 4388 Νι.
727 4337 797 4390 XX.
815 4337 935 4390 Dirksen
952 4336 1087 4388 observat.
1106 4336 1142 4388 ad
1159 4337 1260 4388 selecta
1276 4332 1344 4398 logis
1363 4332 1482 4400 Galliae,

217 4417 372 4485 Cisalpinae
390 4419 488 4485 capita.
506 4422 597 4474 Berol.
616 4425 691 4474 1812.
710 4423 861 4488 Spangenb.
881 4423 930 4474 Νι.
950 4421 1035 4472 XXl.
1055 4435 1082 4486 p.
1103 4424 1161 4474 144.
1179 4435 1240 4486 sqq.
1265 4417 1353 4472 Mtte

285 4505 315 4572 c)
335 4504 445 4558 Primus
463 4505 514 4558 hoc
532 4519 630 4560 nomen
648 4524 685 4560 cx
702 4505 763 4574 ipsa
779 4509 839 4574 lege
849 4503 992 4562 extricavit
1008 4506 1115 4560 Pucbtn
1131 4504 1184 4560 civ.
1202 4502 1383 4560 11111111.
1404 4502 1475 4556 vid.
