3056 5168
513 405 569 479 iss
594 407 815 480 senonens
1224 419 1297 487 ssu

24 585 202 648 drumm
224 581 405 665 agebatm,
430 589 523 648 actor
541 581 732 652 adveneris
754 582 990 668 denuntisbat‚
1013 593 1049 652 ut
1077 588 1120 654 sd
1144 589 1294 674 judicem

23 689 237 774 capiendum
254 687 308 754 die
329 688 496 754 tricesimo
517 688 664 766 adesset5
685 689 863 756 condicere
879 692 968 756 enias
983 694 1091 776 prisca
1102 693 1228 778 'lingua
1241 708 1294 764 est

23 795 183 862 dicendo
205 795 464 877 denuntiares).
491 796 637 863 Videtur
662 803 771 862 eutem
800 797 885 864 baec
905 799 991 885 legis
1011 801 1100 864 actio
1125 812 1202 886 post
1224 805 1294 868 In.

22 906 120 970 XII.
143 905 235 971 tebb.
254 901 442 972 introducta
464 923 554 986 esse,
575 913 612 971 et
634 904 768 989 quidem
783 904 869 990 dege
889 906 974 970 Silia
992 911 1148 990 paccatas
1171 919 1293 989 certae,

21 1013 121 1096 lege
145 1009 324 1094 Calpurnia
342 1010 393 1104 de
415 1015 501 1074 omni
525 1033 561 1076 re
585 1021 673 1076 certo
697 1013 789 1096 (Gaj.
810 1013 870 1080 lV.
893 1012 981 1094 19.);
1004 1014 1157 1098 adeoque
1180 1037 1293 1082 causan

24 1118 213 1203 complexa
235 1125 285 1182 est
304 1137 431 1199 omnes,
447 1118 536 1185 unde
549 1120 595 1182 od
609 1120 748 1182 dandum
765 1119 972 1204 obligaretur
993 1141 1079 1204 reris,
1095 1123 1116 1185 i.
1135 1143 1165 1185 e.
1186 1123 1293 1188 stricti
1400 1165 1404 1176 «

17 1227 116 1312 juris
129 1226 292 1292 actiones.
313 1224 428 1309 Atque
443 1224 520 1290 hinc
535 1227 635 1290 etiam
652 1227 883 1310 explicandum
901 1237 960 1306 cst,
975 1249 1079 1314 quare
1100 1229 1193 1314 ipsae
1209 1249 1294 1315 quo·

24 1355 102 1419 que
118 1334 269 1400 actiones
285 1332 327 1396 ad
342 1331 406 1396 boc
421 1354 525 1418 genus
545 1334 761 1418 pertinentes,
784 1334 1009 1400 conditionum
1025 1337 1161 1401 nomina
1175 1337 1294 1422 appel.

22 1442 128 1505 latae
154 1441 218 1504 siat
232 1441 276 1522 b).
306 1440 481 1506 Gestorum
507 1441 644 1509 miratur
668 1441 787 1527 (injus,
809 1454 1014 1529 quapropter
1041 1445 1230 1510 desiderata
1250 1445 1293 1512 sit

23 1550 119 1614 haec
136 1549 242 1630 ectio,
266 1547 421 1632 quoniam
444 1548 487 1612 de
506 1569 561 1631 eo,
577 1548 667 1632 quod
683 1548 755 1616 dari
778 1559 952 1635 oporteret
967 1552 1090 1628 actori,
1111 1560 1168 1618 aut
1181 1575 1293 1617 sacra-

23 1666 160 1738 mento,
183 1664 241 1721 aut
257 1673 319 1740 per
333 1655 456 1739 judicis
475 1655 732 1739 postulationem
752 1657 810 1744 agi
832 1657 981 1743 potuerit
994 1663 1037 1740 ο).
1058 1659 1143 1723 Mihi
1159 1660 1294 1746 jamdu-

27 1767 111 1830 dum
128 1763 254 1848 plaouit
274 1765 354 1841 (uec
373 1784 460 1830 nunc
476 1784 528 1828 nse
543 1765 696 1848 poenitet
711 1766 930 1848 sententiae),
945 1765 1025 1830 ideo
1040 1767 1097 1851 jus
1111 1766 1196 1832 illud
1211 1787 1293 1832 con·

27 1875 184 1937 stitutum
202 1890 288 1952 esse,
311 1878 347 1934 ut
362 1870 560 1954 praesidium
575 1871 716 1956 aliquod
737 1872 869 1940 adesset
890 1872 1110 1938 creditoribus
1124 1881 1196 1939 tute
1212 1895 1293 1940 cou-

30 1977 196 2044 veniendi
211 1977 434 2059 aduersarios,
455 1979 514 2063 qui
535 1979 622 2042 forte
637 1979 767 2064 copiam
788 1981 838 2046 sui
857 2001 925 2046 non
947 1981 1108 2064 facerent,
1130 1983 1218 2046 utin
1236 1982 1293 2067 jus

32 2087 112 2168 rapi
127 2094 269 2168 possent
289 2085 490 2170 Hujusmodi
511 2086 612 2170 igitur
628 2086 662 2150 in
678 2089 783 2150 causis
803 2096 908 2168 actor,
922 2095 1096 2173 postquam
1113 2109 1242 2152 ausam
1257 2090 1293 2152 in

25 2195 114 2278 jure
132 2192 264 2259 testibus
280 2192 508 2276 praesentibus
525 2192 710 2258 solenniter
723 2201 953 2276 proposuerat,
969 2194 1101 2259 dunum
1116 2194 1295 2258 denuntia·
1404 2199 1413 2214 ‘

31 2303 95 2366 bat
111 2319 171 2366 reo
186 2299 220 2380 ιι),
237 2319 298 2384 per
313 2298 450 2364 eosdem
469 2309 582 2382 testes,
594 2308 631 2365 ut
645 2307 738 2364 certo
755 2299 810 2366 die
826 2300 958 2366 adesset
966 2299 1090 2384 judicis
1103 2299 1294 2384 accipiundi

33 2430 150 2486 causa;
164 2407 223 2494 qui
236 2407 268 2470 si
281 2428 348 2474 aon
364 2417 583 2491 compareret,
595 2415 652 2472 aut
665 2405 853 2500 missionem
871 2407 904 2471 in
917 2407 1005 2472 bona
1021 2406 1102 2491 pati,
1114 2415 1172 2470 ant
1188 2405 1294 2470 veluti

32 2518 97 2582 lite
115 2523 305 2582 contestata
316 2515 530 2580 condemnari
551 2522 694 2600 poterat.
715 2513 823 2600 quue
838 2516 893 2600 jus
909 2515 1047 2600 primum
1069 2511 1293 2580 introductum

33 2633 149 2689 certae
165 2623 326 2706 pecuniae
342 2621 490 2688 creditae
511 2643 626 2705 mina,
648 2623 739 2708 cujus
755 2633 893 2706 quantus
914 2623 949 2688 in
965 2624 1043 2708 jure
1063 2621 1161 2686 sanor
1180 2621 1293 2704 fuerit,

34 2754 136 2798 nemo
158 2738 208 2797 est
230 2731 308 2814 quin
331 2731 473 2812 sciat³)‚
489 2739 607 2815 postea
623 2729 665 2796 ad
686 2751 799 2796 omnes
819 2752 873 2796 res
886 2739 995 2796 certas
1016 2728 1209 2796 translatum
1232 2740 1304 2820 est,¹

35 2843 147 2906 donec
165 2838 432 2906 denuntiationes
446 2837 480 2901 in
496 2838 682 2902 universum
694 2835 808 2902 litibus
821 2835 1031 2910 instituendis
1048 2835 1200 2900 adhiberi
1215 2856 1294 2900 coe·

33 2954 160 3034 perunt
174 2945 274 3026 f).--
287 2949 355 3011 Per
370 2965 484 3010 munus
502 2946 696 3026 injectsbnem
714 2965 811 3010 manu
826 2943 980 3028 imposita
995 2943 1029 3006 in
1042 2944 1098 3026 jus
1117 2942 1296 3026 rapieban·
1366 2991 1367 2998 .

33 3067 92 3120 tur
105 3055 166 3136 rei,
178 3055 242 3118 boc
258 3060 367 3135 pacto,
379 3060 415 3115 nt
434 3059 490 3119 aut
503 3050 610 3134 sequi,
627 3058 684 3114 ant
701 3050 865 3116 vindicem
877 3053 957 3116 dare
971 3056 1108 3116 necesse
1121 3049 1296 3114 baberent.

33 3163 178 3248 Duplex
197 3163 267 3245 ejus
284 3160 347 3225 fuit
362 3160 478 3224 forma.
498 3157 629 3238 Altera,
647 3177 713 3241 qua
726 3157 842 3222 omues
857 3158 936 3222 olim
954 3158 1133 3238 debitores,
1149 3158 1183 3220 vi
1201 3158 1295 3222 adhi-

33 3247 178 3359 bita‚¹‚in
196 3270 251 3353 jus
273 3265 382 3332 vocati
399 3277 473 3332 sunt
495 3266 578 3346 (vid.
599 3286 698 3349 supra
720 3273 788 3328 not.
811 3285 829 3327 e
851 3265 893 3328 ed
914 3266 944 3346 §-
965 3265 1047 3344 la),
1068 3263 1191 3344 altera„
1207 3284 1295 3348 quse

34 3378 232 3444 solennibus
249 3375 357 3439 verbis
374 3382 466 3438 certo
481 3374 515 3438 in
532 3394 699 3438 cansarum
716 3373 969 3456 genereliebet,
985 3379 1020 3434 et
1038 3369 1201 3454 principio
1220 3370 1296 3454 qui-

37 3487 137 3567 dem,
152 3492 189 3547 ut
203 3481 344 3564 uidetur,
367 3481 513 3546 nonnisi
534 3482 568 3546 in
585 3481 729 3566 judicati
750 3499 856 3546 causa.
878 3479 1028 3562 Eamque
1048 3478 1094 3540 sic
1116 3477 1212 3542 nobis
1234 3476 1296 3542 de·
1365 3519 1370 3538 .

33 3643 353 3663 W

111 3731 144 3800 a)
164 3731 186 3797 ξ.
200 3733 240 3782 15.
258 3728 283 3781 Ι.
302 3727 334 3779 de
356 3725 477 3780 emonii.
495 3728 593 3782 Festus
611 3743 637 3780 v.
655 3725 792 3778 condicere
805 3729 836 3776 et
854 3722 981 3776 condictio
986 3740 996 3782 ,·
1015 3724 1164 3789 p.m.271.

20 3829 23 3850 ¹
112 3812 341 3883 b)1demetiasn
358 3813 394 3868 ad
411 3827 505 3868 omnes
524 3812 552 3866 in
566 3826 714 3878 personam
731 3808 861 3872 actiones,
878 3813 952 3860 certe
968 3824 1005 3860 ex
1019 3807 1082 3874 jure
1095 3805 1170 3862 clviii
1184 3808 1296 3864 descen·
1370 3813 1391 3843 ·

39 3906 147 3965 dentes,
165 3904 261 3965 postea
277 3899 438 3950 translatum
456 3902 498 3948 est
515 3912 623 3959 nomen,
650 3895 732 3949 simili
751 3893 864 3956 ratione,
888 3909 972 3961 quare
989 3893 1018 3946 in
1036 3910 1092 3965 rem
1111 3893 1230 3946 actiones
1248 3909 1297 3959 ep-

39 3990 160 4056 pedatae
178 3988 243 4037 sunt
260 3981 464 4036 vindicationes.
483 3980 544 4048 Gai.
558 3981 608 4036 lv.
620 3981 641 4048 ᾗ.
659 3987 683 4034 b
702 3987 729 4034 et
748 3985 789 4032 1⁵.
807 3979 832 4032 Ι.
853 3979 884 4030 de
906 3987 956 4037 act.
975 3978 1176 4032 Mdhlcnbruoh
1195 3977 1224 4032 in
1243 3979 1296 4030 den

40 4071 167 4130 Heidetb.
179 4068 275 4122 Jahrb.
288 4070 305 4122 l.
321 4069 338 4123 t.
357 4085 382 4134 p.
398 4071 440 4120 54.
454 4083 515 4134 sqq.
533 4065 644 4120 Hcffter.
664 4065 772 4119 Obscrc.
790 4065 826 4117 ad
840 4064 901 4132 Gaj.
919 4081 942 4116 c.
956 4067 996 4116 14.
1015 4078 1042 4130 p.
1054 4066 1097 4115 ss.
1109 4077 1151 4128 sq.

113 4159 144 4226 c)
166 4155 228 4222 an.
247 4154 295 4206 IV.
313 4153 334 4222 ξ.
346 4156 389 4206 20.

113 4243 148 4308 d)
170 4239 228 4294 cic.
246 4256 286 4292 or.
301 4254 353 4305 pro
377 4234 485 4293 Quintio
503 4252 526 4287 c.
537 4238 581 4287 17.
1268 4281 1270 4288 ,

114 4328 146 4392 e)
166 4325 250 4390 Hugo
269 4323 316 4374 min
329 4321 402 4389 May.
412 4322 443 4372 Τ.
455 4320 491 4372 Il.
511 4335 537 4385 p·
552 4322 610 4372 484.
619 4334 692 4372 num.
709 4322 748 4370 12.
761 4318 817 4384 (ed.
833 4319 870 4384 l.)
881 4317 944 4368 Von
954 4310 1125 4380 Sevignyis'b.
1139 4308 1298 4365 dassltrb'm.

42 4387 226 4468 Setatct‘rects
245 4408 289 4476 (in
310 4407 363 4460 den
377 4403 511 4457 Astandt.
529 4404 577 4454 der
595 4403 647 4454 An.
665 4402 712 4452 der
731 4403 805 4454 Ws'ss.
817 4418 866 4454 aus
884 4400 908 4452 d.
923 4397 1009 4452 Jclre
1027 4396 1116 4461 1833.)
1136 4410 1162 4462 p.
1177 4398 1219 4448 ⁷³.
1231 4409 1272 4463 sq.

114 4497 146 4562 r)
167 4492 368 4546 urrunnun
383 4490 412 4542 n
430 4489 483 4540 nen
501 4485 623 4541 ueiens.
637 4485 733 4540 Janrs.
752 4487 769 4539 s.
782 4487 800 4539 ι.
811 4503 846 4553 p.
857 4475 981 4540 ιιι-ιι.
998 4487 1024 4536 a
1041 4480 1070 4536 su
1087 4479 1172 4534 nno:
1189 4478 1299 4534 enne
1406 4463 1410 4472 “

40 4587 95 4637 der
113 4578 312 4645 Fordcrrsnpsr.
329 4591 357 4641 p.
368 4578 443 4630 78-
454 4575 497 4638 81.
