3040 5164
800 137 814 166 ᾗ
921 149 924 154 .

181 435 187 448 ·
234 399 306 466 414
690 391 767 460 Lm.
792 392 835 460 Il.
861 391 941 460 Trr.
965 391 1026 461 lx.

233 579 400 650 materna,
422 589 560 654 quorum
584 568 814 636 usumfructum
837 576 963 634 tantum
986 567 1134 652 patribus
1156 567 1333 631 concessit:
1351 567 1428 631 1..1.
1443 571 1473 631 G.

235 681 274 742 ds
295 680 377 742 Bon.
398 685 473 740 mat.
505 675 607 738 Unde
628 675 732 738 multo
753 675 857 759 magis
878 676 1000 738 rationi
1023 675 1199 740 videbatur
1217 683 1473 758 consentaneum,

235 786 324 850 bona
342 783 484 848 materni
507 785 638 868 generis
658 783 701 848 ad
716 783 841 847 liberos
861 785 1045 868 pertinere,
1062 789 1097 846 et
1117 784 1180 846 ista
1201 791 1387 847 statuerunt
1400 784 1472 876 Grp-

235 893 353 972 tianus,
369 873 624 956 Valentinianus
639 900 675 955 et
689 890 914 954 Theodosium
928 891 966 951 L.
976 891 1054 968 6.,0.
1073 892 1184 953 steort.
1198 893 1264 955 eod.
1279 891 1386 954 Porro
1396 891 1472 953 idem

234 999 278 1064 ad
291 998 383 1062 lucra
405 998 569 1082 nuptialia
584 1008 619 1062 et
634 997 826 1081 sponsalitia
840 988 1032 1081 ‘porrectum
1050 1007 1100 1061 est
1115 1020 1135 1060 a
1148 997 1344 1062 Theodosio
1367 1007 1401 1060 et
1413 999 1473 1062 Va-

233 1106 436 1187 lentiniano‚
460 1107 607 1190 itemque
629 1130 649 1170 a
667 1104 801 1187 Leone,
826 1113 860 1168 et
881 1104 1079 1169 Anthemios
1102 1107 1140 1167 J..
1157 1106 1186 1167 1.
1199 1107 1237 1168 1..
1251 1106 1283 1166 4.
1300 1110 1336 1168 L.
1352 1107 1382 1167 ὃ.
1399 1105 1426 1168 d.
1438 1107 1471 1167 de

235 1215 317 1276 Bon.
329 1234 410 1295 quae
425 1215 510 1292 liber.
531 1213 688 1296 Denique
703 1213 907 1276 Justinianus
918 1212 1001 1275 haec
1016 1212 1200 1297 generatim
1216 1212 1260 1275 ad
1275 1211 1388 1275 omnia
1399 1215 1472 1276 bona

234 1320 413 1382 liberorum
443 1320 628 1384 adventitia
649 1320 822 1404 produxit,
850 1339 988 1402 quorum
1011 1321 1191 1383 dominium
1216 1340 1321 1403 penes
1353 1319 1470 1400 liberos,

180 1484 186 1494 .
235 1425 466 1490 usumfructum
482 1449 585 1511 penes
599 1435 754 1511 parentes
770 1447 840 1490 esse
856 1427 970 1510 jussit:
987 1430 1024 1490 L.
1038 1429 1068 1492 6.
1086 1430 1119 1490 0.
1140 1429 1178 1489 de
1195 1429 1277 1492 Bon.
1301 1447 1383 1509 quae
1401 1427 1471 1487 ute.

234 1533 396 1617 Reliqua,
417 1555 502 1616 quae
519 1534 575 1598 vel
593 1557 612 1597 a
632 1541 741 1617 patre,
758 1533 813 1598 vel
836 1534 906 1618 ejus
923 1535 1205 1619 contemplatione
1229 1534 1273 1598 ad
1287 1533 1391 1598 filium
1409 1553 1469 1616 per-

235 1639 433 1722 veniebant,
462 1643 549 1725 patri
577 1640 835 1724 adquirebantur
849 1646 893 1722 Ι).
929 1642 1005 1719 Quo
1035 1644 1135 1708 etiam
1163 1641 1379 1725 pertinuisse,
1402 1661 1470 1724 quae

236 1748 322 1811 filius
344 1746 540 1830 accipiebat,
557 1749 738 1832 congiaria,
754 1749 900 1815 ostendit
916 1749 1068 1834 cujacius
1091 1751 1267 1814 cesareae.
1287 1749 1381 1811 XXI.
1396 1747 1419 1810 7.
1430 1746 1469 1826 l).

817 1924 846 2003 a.
867 1923 897 1986 a.

316 2107 320 2114 Ι
688 2038 855 2116 Adquqestus
870 2057 921 2107 per
938 2056 1035 2091 seruos.

320 2139 435 2202 Simile
453 2139 533 2223 quid
550 2139 584 2202 in
605 2160 701 2202 servo
718 2139 922 2220 observatur,
941 2140 997 2226 qui
1011 2138 1093 2210 nihil
1109 2139 1256 2204 habebat
1271 2137 1408 2224 proprii,
1419 2137 1470 2199 nisi

238 2247 327 2332 quod
344 2247 494 2310 dominus
509 2246 633 2312 habere
650 2247 681 2308 ci
696 2233 925 2331 permitteret,
948 2247 1051 2332 idque
1065 2247 1182 2310 itidem
1198 2247 1382 2312 iocabatur
1393 2265 1471 2326 peco-

235 2359 319 2416 lium.
345 2353 506 2418 Soleba'nt
522 2353 607 2416 illud
627 2355 669 2416 de
685 2355 841 2416 demenso
858 2375 916 2416 suo
933 2355 1087 2418 unciatim
1104 2352 1315 2438 comparcere
1332 2352 1430 2432 servi,
1441 2371 1470 2411 ac

236 2483 278 2524 eo
295 2461 417 2524 deinde
439 2461 487 2523 ita
501 2461 682 2544 negotiari,
699 2469 734 2524 ut
749 2461 873 2524 lucrum
890 2460 967 2524 inde
988 2462 1227 2548 qualecumque
1244 2461 1287 2525 ad
1304 2480 1339 2522 se
1355 2457 1469 2521 rediret

235 2567 396 2631 Demensi
417 2566 494 2628 loco
511 2559 647 2652 singulis
663 2569 827 2632 mensibus
850 2568 1059 2652 accipiebant
1079 2571 1165 2634 servi
1188 2570 1336 2655 quinque
1363 2565 1469 2630 modios

237 2682 272 2738 ct
295 2675 441 2758 quinque
464 2655 633 2756 denarios,
656 2675 758 2759 idque
774 2676 954 2738 vocabatur
972 2685 1185 2740 menstruum.-
1203 2675 1360 2762 [*Plinii
1376 2676 1467 2754 Epistt.

236 2782 277 2842 X.
291 2779 672 2864 24.]1.ips.1‹31e0t.1.8.
705 2783 804 2845 Talia
829 2783 928 2844 etiam
953 2791 1047 2845 erant
1069 2805 1192 2857 anona,
1217 2803 1303 2867 quae
1326 2782 1470 2845 dabantur

236 2889 336 2952 servis
352 2887 509 2970 publicis:
525 2887 612 2950 Plin.
627 2889 742 2972 Epe'ett.
759 2889 799 2950 X.
815 2890 866 2951 40.
881 2889 971 2972 Lips.
984 2892 1083 2952 Elect.
1103 2894 1128 2952 I.
1143 2890 1195 2954 22.
1217 2889 1394 2974 Quidquid
1408 2905 1468 2970 ergo

237 2995 385 3070 dehisce
401 2997 573 3058 menstruis
588 2997 771 3080 annuisquc
787 2997 958 3079 stipendiis
975 2996 1199 3080 deparserant‚
1216 2996 1250 3060 id
1268 2997 1396 3080 peculii
1411 2995 1467 3058 loeo

155 3118 157 3122 ·
237 3111 316 3166 erat.
343 3100 445 3184 Apud
467 3102 660 3165 Terentium
685 3105 814 3166 Plcrm.
833 3104 949 3165 ActI.
972 3105 1022 3165 Sc.
1040 3104 1069 3165 1.
1088 3125 1115 3166 v.
1136 3105 1165 3166 9.
1184 3127 1250 3187 sqq.
1272 3125 1386 3168 servus
1408 3122 1469 3163 con-

192 3259 195 3262 ·
236 3209 322 3274 servi
337 3208 502 3271 fortunam
518 3209 652 3272 dolense

242 3359 530 3376 ,-,-.........

237 3445 313 3509 Pius,
332 3460 402 3513 quae
419 3450 461 3496 est
478 3444 507 3496 in
525 3445 617 3496 1..52.
638 3439 671 3496 D.
693 3446 724 3496 de
747 3445 861 3515 Adquir.
885 3445 928 3496 oel
947 3443 1030 3496 omia.
1055 3443 1145 3496 laet-ed.
1173 3445 1237 3499 Vid.
1257 3447 1321 3500 Ger.
1345 3442 1470 3498 Noodtdc

236 3529 377 3595 metfructu
394 3528 435 3580 Il.
453 3534 477 3581 4.
491 3546 519 3596 p.
538 3533 598 3582 608.
617 3528 698 3578 Heio.

305 3613 337 3678 g)
358 3612 434 3664 Male
451 3616 530 3676 putat
545 3613 656 3675 Auctor,
675 3618 702 3664 et
719 3629 781 3666 cum
798 3629 831 3664 eo
846 3611 901 3676 alii,
919 3627 990 3679 quoe
1003 3612 1231 3678 contemplatione
1250 3613 1337 3678 patris
1357 3609 1472 3664 filicdsu

237 3701 312 3760 sunt,
329 3694 401 3759 patri
418 3693 503 3748 luisse
520 3694 665 3763 adquisita.
693 3695 829 3762 Equidem
846 3695 893 3750 illa
910 3695 967 3748 tilio
984 3696 1123 3763 adquisita
1140 3702 1217 3761 sunt,
1235 3698 1308 3762 petri
1325 3696 1405 3750 unice
1419 3708 1470 3745 usu·

236 3783 325 3833 fructu
345 3783 520 3844 competente.
543 3778 625 3832 Cana.
647 3830 653 3842 .

305 3864 338 3930 h)
358 3862 459 3916 Omisit
475 3863 637 3918 Heineooius
655 3863 690 3914 de
707 3878 740 3916 eo
765 3863 854 3914 dicere
871 3861 974 3932 peculii⁴
993 3863 1111 3916 filiorum
1134 3881 1243 3931 genere,
1262 3866 1354 3934 quod,
1372 3869 1404 3916 ut
1418 3860 1472 3914 enti-

229 3948 413 4019 ¹quissimum,
431 3939 635 4015 prae‘reliquis,
652 3965 703 4000 nec
720 3951 777 4001 ullo
795 3948 901 4013 adjecto
919 3948 973 4002 alio
990 3949 1133 4011 vocabulo,
1151 3949 1253 4014 peculii
1270 3948 1383 4001 nomine
1399 3942 1472 4000 veniit

240 4031 335 4098 (hodie
351 4045 449 4084 vocare
463 4034 552 4084 solent
568 4031 927 4099 peculium-prcffcctttium).
945 4035 978 4084 ln
996 4049 1052 4100 quo
1071 4032 1182 4100 quidem
1200 4039 1290 4095 erant,
1310 4049 1382 4100 qnae
1397 4035 1472 4096 pauc

237 4117 398 4170 familiarum
417 4115 493 4180 filiis,
511 4115 592 4169 simili
609 4115 728 4176 ratione,
743 4121 774 4168 ut
791 4116 877 4168 servis
894 4116 962 4183 (vid.
981 4117 1001 4182 ξ.
1020 4119 1103 4187 seq),
1117 4121 1192 4171 velut
1207 4117 1331 4183 precario
1345 4117 1410 4182 jure
1421 4127 1473 4164 con

236 4205 381 4252 cesserant.
393 4229 429 4238 -
441 4200 584 4254 Caeterum
605 4202 655 4253 hac
667 4205 762 4254 nostre
779 4205 866 4255 aetate
883 4201 980 4256 acriter
995 4202 1162 4268 disputatur:
1180 4218 1246 4254 num
1258 4197 1473 4253 ademarianis

238 4300 330 4338 rorum
349 4284 428 4338 bonis
449 4284 493 4351 (h.
513 4300 536 4336 e.
554 4282 603 4347 iis,
621 4299 692 4350 quac
709 4301 759 4338 nec
776 4300 792 4336 a
809 4290 886 4350 patre
909 4286 1046 4350 prolecta,
1063 4287 1272 4350 mumditiam,
1290 4291 1339 4336 aut
1356 4287 1473 4336 erronum

196 4435 199 4441 Ι
237 4374 286 4422 aut
303 4372 436 4434 togatam,
454 4367 591 4420 exerendo
618 4368 740 4436 quaesita
765 4369 843 4434 sunt)
863 4369 974 4424 omnino
1000 4370 1143 4424 conveniat
1167 4369 1266 4436 peculii
1282 4361 1473 4422 comesturi

238 4469 309 4519 quac
326 4451 472 4506 novissime
489 4452 540 4504 hac
557 4451 597 4504 de
615 4469 645 4504 re
667 4454 767 4520 scripta
792 4459 855 4506 sunt
878 4452 907 4506 in
926 4453 1147 4507 Mentenbruohii
1165 4456 1258 4506 Doctr.
1278 4453 1368 4505 Paad.
1386 4452 1417 4501 Τ.
1433 4445 1473 4503 ΙΙΙ.

239 4536 259 4600 ἑ.
277 4540 337 4588 564.
356 4542 411 4588 not.
429 4541 454 4588 4.
472 4537 512 4588 ed.
531 4537 582 4588 IV.
602 4535 687 4589 Meet.
