3056 5154
323 423 377 492 Da
402 421 575 494 Osnmsr.
601 423 706 508 Quae
732 425 845 510 ansr
867 425 921 494 Ex
947 437 1014 495 etc.
1225 435 1293 500 581

9 673 14 682 ‚
31 602 201 664 observat
215 599 365 664 laudatus
381 600 533 685 Cujacius
553 600 727 664 Otrercntt.
746 601 786 664 X.
799 601 851 664 25.
875 601 907 666 A
923 603 1017 688 quasi
1033 609 1203 666 contractu
1223 605 1297 682 (seu

32 711 115 773 sola
140 707 375 794 obligatione)
394 717 503 771 autem
525 706 580 771 vel
602 706 681 770 ideo
697 708 824 771 diversa
847 719 915 792 est,
930 711 1019 794 quod
1039 710 1088 774 rei
1112 713 1297 774 communio

32 827 88 880 cst
99 817 160 902 jus
175 816 210 880 in
225 836 274 896 re,
287 815 320 879 id
339 823 398 897 est,
417 833 588 879 commune
605 815 794 879 dominium.
816 817 863 880 At
878 837 985 880 rerum
1003 819 1220 882 communium
1237 835 1298 882 An-

32 939 278 999 mrursunsmo,
294 921 455 987 fructuum
470 923 653 1007 perceptio,
670 922 780 986 damni
800 923 920 1006 illatio,
937 934 971 989 et
986 927 1103 990 similia
1118 925 1300 1010 obligatio-

32 1055 116 1097 nem
135 1033 230 1117 quasi
254 1052 297 1093 ex
319 1039 491 1096 contractu
506 1030 710 1114 producunt:
733 1030 958 1116 Schultingius
974 1035 1018 1096 od
1032 1011 1132 1098 Pauli
1145 1035 1299 1101 Sententt.

34 1143 184 1222 Recepit.
201 1141 225 1201 I.
240 1137 290 1201 18.
305 1141 334 1200 5.
344 1161 378 1221 p.
393 1138 464 1202 258.

630 1286 658 1368 s.
680 1287 711 1350 o.

380 1401 439 1454 Lea
460 1401 528 1455 XII
546 1401 611 1455 Tot.
630 1403 662 1454 dc
671 1401 783 1470 familia
801 1404 963 1458 erciscsmdn.

126 1517 224 1582 Idem
252 1517 458 1581 sentiendum
481 1517 523 1582 de
541 1536 771 1584 nannnrrsms
789 1537 1030 1604 conuuurons,
1054 1542 1097 1584 ex
1121 1545 1186 1609 qua
1210 1525 1298 1589 actio

37 1627 192 1691 familiae
223 1625 435 1690 erciscundae
462 1628 666 1691 nascebatur.
695 1627 775 1710 Ejus
800 1626 1046 1693 fundamentum
1074 1631 1137 1694 fuit
1166 1631 1199 1694 in
1224 1633 1299 1697 XII

38 1733 203 1816 Tabulis,
218 1735 252 1798 in
270 1733 387 1819 quibus
403 1741 530 1797 cautum
547 1735 672 1798 fuerat:
693 1752 828 1799 nonnus
846 1753 1121 1803 mansuescens
1138 1758 1202 1803 nno
1218 1759 1299 1805 ron-

38 1859 206 1907 rlomnus
239 1855 481 1905 uununrnsnus
505 1859 615 1905 uncus
642 1859 720 1906 crus
752 1859 881 1926 ευΝτο,
907 1863 1111 1910 ceramum
1136 1865 1299 1912 utrumme

39 1967 164 2014 nanum
192 1967 301 2012 nnoro
319 1965 390 2012 Nou
416 1966 510 2030 c1r0,
534 1965 565 2013 sl
589 1965 722 2013 tonnus
746 1968 918 2033 nununus,
945 1969 1082 2017 unonuu
1111 1970 1216 2018 clrun
1240 1974 1299 2019 rs-

40 2075 184 2121 cruNTO.
216 2073 372 2120 PRAETOR
399 2073 446 2120 An
473 2073 611 2120 uncruu
636 2073 789 2120 cmuoun
813 2073 980 2124 Annianus
1007 2077 1084 2125 rsus
1112 2077 1213 2125 nuno
1246 2063 1300 2127 Ita

42 2166 137 2227 enim
159 2163 253 2250 leges
275 2163 333 2226 has
355 2185 397 2226 ex
418 2163 538 2245 Festo,
554 2163 691 2227 Donato
715 2152 877 2249 ¹variisque
891 2167 975 2251 juris
998 2168 1125 2253 antiqui
1149 2170 1298 2254 reliquiis

41 2273 191 2336 restituit
205 2273 321 2338 Jacob.
335 2269 560 2335 Gothofrcdus
572 2273 701 2353 Fragm.
714 2273 751 2333 X
750 2273 788 2333 ΙΙ.
806 2274 865 2334 tob.
883 2275 918 2336 V.
938 2273 1006 2354 (cf.
1017 2274 1161 2338 Dirksen
1174 2275 1299 2340 Zwiils-

41 2379 294 2464 Tafel-Fragm.
310 2401 341 2463 p.
356 2377 563 2459 388-397.)

631 2529 660 2611 ς.
682 2528 719 2596 7..

589 2643 754 2714 displicatur.

41 2823 45 2829 .
128 2762 203 2824 Lex
218 2760 318 2844 plana
334 2783 372 2826 ac
388 2761 561 2846 perspicua
580 2762 653 2843 erit,
671 2763 860 2846 dummodo,
876 2764 955 2847 quid
972 2781 1109 2830 unorum
1125 2767 1299 2849 circuiit,

44 2869 281 2954 intelligamus.
303 2868 371 2934 Sed
392 2869 445 2933 hic
472 2869 606 2952 quidem
635 2868 822 2934 indiverso
849 2870 973 2936 abeunt
999 2881 1158 2936 auctores.
1182 2871 1298 2936 Claud.

45 2978 223 3040 Salmasius
237 2977 272 3038 in
283 2979 423 3040 Pttntnn.
436 2979 623 3054 Ecercs'tatt.
637 2980 670 3036 tn
688 2977 760 3059 oajs
770 2979 850 3040 Jntt's'
858 2979 960 3041 Sotim'
967 2981 1165 3061 Polytu'storn
1176 2979 1299 3068 [Whm.

45 3083 291 3167 11.p.891.sq.
316 3105 358 3146 ex
392 3086 464 3147 edit.
489 3103 574 3168 quae
604 3082 729 3166 prodiit
754 3085 892 3167 lhnjectr'
915 3087 959 3147 nrt
975 3087 1076 3148 Rhen.
1102 3086 1194 3149 1689.
1215 3087 1299 3174 sot]

44 3203 164 3254 metum
181 3189 274 3253 'idem
292 3213 362 3254 esse
379 3191 490 3276 putdt,
506 3213 544 3254 ac
559 3190 796 3273 hereditatem,
813 3191 974 3276 simulque
993 3192 1206 3276 reprehendit
1223 3195 1300 3258 'l'ri-

47 3299 240 3381 bonianum,
257 3300 331 3382 qui,
349 3299 450 3362 seculi
465 3299 623 3383 deceptus
634 3301 797 3379 barbarie,
811 3298 940 3384 phrasin
952 3302 1113 3378 familiam
1128 3301 1300 3364 hamsocre

48 3405 259 3489 excogitarit.
290 3407 365 3470 Jan.
396 3424 476 3470 vero
498 3407 600 3472 'Vino
620 3407 766 3472 Gravina
795 3411 833 3470 de
855 3407 955 3490 Legg.
981 3407 1053 3468 XII
1071 3409 1152 3472 eant.
1172 3430 1206 3490 p.
1227 3407 1299 3472 327.

49 3524 174 3578 erctum
187 3514 274 3576 idem
292 3533 362 3577 esse
374 3513 545 3580 contendit
562 3506 599 3579 ac
611 3519 761 3589 horctnm,
775 3514 864 3600 quod
879 3515 1045 3579 veteribus
1060 3518 1182 3579 bonum
1197 3518 1300 3602 signi·
1327 3593 1330 3599 Ι
1399 3577 1409 3592 ,

48 3623 165 3686 ficarit.
184 3621 249 3684 Sed
264 3619 536 3706 quemadmodum
554 3631 671 3686 neuter
686 3625 907 3708 conjecturam
920 3645 1009 3687 suam
1026 3629 1172 3687 veterum
1186 3633 1300 3688 aucto-

48 3732 148 3795 ritate
170 3732 307 3814 probat:
332 3729 379 3794 ita
408 3730 486 3793 mihi
517 3730 667 3794 omnibus
697 3731 893 3814 conjecturis
914 3731 1148 3816 anteponenda
1168 3730 1300 3796 videtur

49 3839 141 3902 Festi
167 3838 360 3920 auctoritas,
385 3838 440 3923 qui
462 3860 494 3920 p.
513 3838 583 3901 130.
607 3860 651 3921 sq.
672 3841 730 3903 sub
754 3861 836 3903 voce
857 3849 993 3913 eretum,
1014 3841 1164 3914 Eretum,
1182 3839 1299 3925 inquit,

49 3949 206 4029 citumque
219 3951 266 4028 fit
286 3950 369 4008 inter
392 3955 564 4019 consortes,
586 3957 622 4010 ut
646 3952 677 4008 tn
700 3948 786 4010 ltdrr‘s
808 3950 913 4029 legum
937 3950 1153 4010 Romanorum
1174 3949 1299 4030 tegitur.

49 4054 185 4115 Eretum
210 4074 231 4112 a
254 4071 448 4116 oonncnnoo
475 4054 606 4128 dictum,
630 4056 713 4116 unde
735 4056 938 4116 erciscundae
959 4065 990 4117 et
1010 4059 1125 4118 moissi.
1154 4055 1301 4118 namon

51 4181 132 4245 ergo
151 4167 202 4221 est
218 4157 311 4244 quasi
326 4165 507 4236 coercitum,
523 4161 560 4224 id
575 4170 639 4243 est,
654 4161 832 4246 integrum,
848 4162 1041 4244 indivisum,
1056 4169 1092 4225 ut
1106 4168 1197 4225 recte
1208 4162 1301 4247 judi-

51 4276 102 4330 cat
117 4268 191 4330 Jac.
208 4267 435 4333 Gothofredus
450 4271 524 4332 Not.
541 4270 585 4330 orl
597 4269 669 4331 XII
681 4271 753 4332 Tot.
764 4293 798 4352 p.
812 4269 884 4332 207.
900 4279 934 4333 et
953 4278 1030 4332 ante
1047 4290 1120 4331 eum
1136 4269 1205 4333 Jos.
1221 4269 1300 4333 Sca-

50 4374 156 4460 liger,
177 4378 267 4461 cujua
291 4377 427 4460 egregia
445 4377 527 4440 haec
549 4385 598 4440 est
616 4398 649 4458 p.
663 4378 713 4438 55.
733 4377 775 4439 ad
795 4378 926 4440 Festum
950 4375 1139 4440 adnotatioz
1161 4397 1299 4440 necnon

52 4492 228 4546 cicumeat
245 4485 403 4547 hereditas
419 4486 528 4546 diviso.
552 4485 699 4546 Glossne:
714 4486 850 4548 Herctns
867 4488 948 4549 ottus
963 4483 1107 4565 διαίρεσις
1126 4487 1183 4547 τῶν
1203 4483 1299 4568 ὑπαρ-

51 4588 175 4673 χόντων.
199 4591 344 4653 Donatus
361 4592 448 4672 apud
466 4592 624 4669 Seruium:
641 4593 774 4657 Erctnm
792 4611 853 4653 non
872 4597 980 4684 ettam,
1000 4589 1055 4652 hoc
1074 4599 1137 4667 est,
1151 4593 1301 4674 pomino·
