3030 5160
281 412 387 495 Quia.
411 406 510 480 Mon.
535 413 591 480 Ra
618 410 801 484 &sunnia
829 412 1003 486 Oauruur.

297 621 340 632 --
381 619 424 632 -—
464 621 507 634 -
549 603 605 650 ur.
627 603 681 651 ax.
705 604 826 653 usums

298 705 508 755 cuurnsrurs.
530 709 618 757 uros.
642 709 874 769 Qusurrrnrrs

299 814 399 874 quau.
420 811 560 860 rrrrerr.
582 813 858 866 annuos-xmo.
880 819 937 865 ura

299 918 381 968 vnn.
403 919 480 967 anu.
503 919 643 969 ociosa.
665 921 795 970 aarum
818 925 888 971 nrvr

246 1085 250 1090 ¹
299 1026 692 1076 aucusr1.snoosurua.
714 1031 769 1077 nx.
791 1030 861 1078 nau

597 1177 626 1259 §.
648 1178 698 1240 20.

539 1294 612 1351 Quid
628 1294 758 1346 deuncos?

99 1391 280 1457 Proximae
297 1400 392 1454 erant
407 1411 527 1453 usurae
547 1409 718 1475 baudone,
735 1415 821 1478 quae
840 1402 906 1458 tres
921 1395 1120 1480 quadrantes
1142 1405 1176 1461 et
1192 1399 1272 1464 duas

29 1501 232 1564 duodecimas
253 1500 371 1562 unciae
395 1495 531 1582 singulis
556 1499 738 1581 mensibus,
759 1500 912 1564 undecim
935 1501 1046 1566 uncias
1069 1523 1270 1587 perannum

28 1609 214 1684 reddebant,
233 1605 342 1682 idest,
360 1607 504 1668 unden'm
514 1625 576 1687 pro
595 1609 742 1670 centenis.
765 1608 838 1670 Nec
853 1608 916 1671 hae
930 1609 1159 1695 infrequentes
1178 1623 1272 1679 erant

28 1715 195 1778 veteribus.
217 1712 371 1776 Meminit
385 1729 464 1775 saue
481 1733 590 1776 earum
609 1713 743 1776 Persius
760 1715 827 1777 Sat.
848 1715 883 1779 V.
898 1737 925 1778 u.
941 1715 1012 1778 149.
1028 1738 1073 1800 sq.

190 1837 275 1912 Quid
289 1840 381 1917 petri,
404 1844 441 1897 nt
461 1839 558 1906 numi,
581 1853 658 1916 quoe
678 1835 725 1897 bic
747 1841 897 1920 qm'cnnce
917 1840 1053 1902 modesto

186 1941 369 2014 Nutrieraa,
387 1949 528 2023 pergant
547 1941 654 2002 auidos
675 1943 794 2004 sudare
814 1948 998 2006 eunucus?

31 2061 308 2141 Quemadmodum
333 2084 414 2147 ergo
436 2083 548 2126 usuras
572 2084 658 2125 asses
673 2062 729 2125 vel
752 2066 946 2129 centesimas
966 2065 1122 2132 maximas
1148 2077 1182 2132 et
1197 2091 1273 2152 gra·
1310 2077 1313 2084 “

30 2172 167 2234 vissimas
182 2173 363 2234 vocabantz
385 2171 432 2234 ita
448 2169 591 2232 deunces
608 2170 713 2230 avidos
727 2180 826 2235 vocat
841 2171 984 2235 Persius.

593 2332 623 2414 §-
644 2331 695 2394 21.
993 2351 1008 2382 ι

423 2447 497 2506 Quid
512 2448 650 2500 dentientes
668 2445 711 2498 uel
728 2447 874 2500 decurrens?

103 2552 533 2635 Sequunturnuxrnurns,
552 2547 607 2610 vel
622 2563 810 2630 DEOUNOES,
826 2569 912 2631 quae
933 2557 999 2613 tres
1023 2549 1221 2634 quadrantes
1237 2561 1272 2618 et

32 2656 251 2721 duodecimam
267 2663 393 2739 partem
410 2654 527 2717 unciae
542 2653 576 2717 in
591 2674 747 2736 mensem,
759 2654 875 2719 decem
887 2658 998 2722 uncias
1014 2657 1047 2720 in
1064 2679 1182 2722 aunum
1195 2659 1272 2723 red-

32 2763 121 2846 dunt,
143 2764 178 2826 id
199 2770 265 2844 est,
281 2769 394 2825 nostro
413 2759 576 2844 loquendi
597 2781 689 2824 more
711 2763 816 2824 decem
832 2785 894 2845 pro
916 2768 1062 2826 centenis.
1085 2765 1215 2828 Mentio
1235 2749 1272 2831 dt

31 2892 186 2946 usurarum
215 2867 376 2954 ejusmodi
398 2867 432 2930 in
456 2889 617 2931 marmore
640 2865 729 2950 apud
753 2868 946 2933 Salmasium
971 2871 1012 2931 da
1032 2872 1121 2932 modo
1143 2893 1272 2934 neurar.

30 2997 50 3036 c.
62 2977 90 3039 7.
101 2999 134 3059 p.
148 2975 221 3040 276.

615 3134 623 3151 .
643 3087 695 3150 22.

522 3087 772 3259 Quid§dodranteet

104 3307 319 3370 Donnnurus
346 3321 463 3366 usurae
489 3293 555 3364 tres
580 3303 778 3387 quadrantes
803 3303 920 3367 unciae
947 3302 1084 3387 singulis
1109 3306 1274 3370 mensibus

30 3432 142 3475 novem
157 3413 269 3475 uncias
284 3411 318 3474 in
335 3429 454 3473 annum
469 3409 666 3490 reddebant,
682 3409 716 3472 id
732 3418 792 3490 est,
808 3429 915 3472 nouem
924 3429 985 3492 pro
1007 3417 1155 3475 centenis.
1176 3413 1273 3497 Ejus-

31 3519 235 3583 meditamen
248 3538 364 3581 usurae
377 3537 548 3599 nusquam,
561 3524 716 3600 quantum
729 3537 794 3602 ego
806 3518 885 3598 scio,
897 3516 1116 3582 meminerunt
1130 3527 1271 3584 veteres.

597 3679 626 3759 s.
647 3677 698 3741 ea.

539 3794 640 3846 Ururne
657 3791 760 3846 derret!

106 3893 287 3979 Excipiunt
301 3894 360 3958 has
375 3913 492 3956 usurae
511 3907 646 3974 Russus,
659 3915 745 3977 quae
767 3893 903 3980 singulis
922 3894 1085 3958 mensibus
1101 3893 1181 3958 duas
1205 3903 1272 3960 ter-

30 4003 88 4064 tias
101 4013 211 4086 partes
226 4001 362 4081 unciae,
379 3998 413 4061 in
428 4020 547 4061 annum
563 4009 641 4063 octo
656 4000 769 4063 uncias
784 3999 988 4081 reddebant,
1005 3999 1040 4062 id
1056 3993 1120 4080 est,
1135 4010 1201 4063 octo
1212 4021 1272 4083 pro

30 4114 169 4170 centenis.
190 4107 345 4169 Meminit
364 4104 525 4190 ejusmodi
546 4126 714 4174 usurarum
736 4107 854 4170 Cicero
871 4107 984 4188 prtt.
1006 4106 1049 4166 ad
1064 4107 1201 4184 Atticum
1216 4108 1272 4168 IV.

30 4211 77 4272 15.
92 4224 122 4277 et
137 4195 176 4278 L.
186 4235 261 4296 pen.
279 4214 312 4275 0.
328 4215 367 4275 de
387 4212 480 4274 Uaur.

513 4359 514 4364 κ
600 4328 629 4408 §.
645 4327 697 4390 24.

529 4443 602 4500 Quid
617 4444 774 4510 septunces?

110 4543 307 4606 Suuuuucus
331 4559 431 4624 porro
459 4541 655 4605 dicebantur
679 4559 814 4619 usurae,
838 4561 923 4622 quae
951 4537 1087 4623 singulis
1109 4537 1273 4605 mensibus
