3030 5160
189 361 263 430 m
654 329 972 420 mmmn

169 525 267 596 ¹ante
296 539 435 594 mortem
464 530 566 614 patris
595 530 715 593 iterum
744 529 882 592 fuissent
911 529 1120 612 emancipati.
1151 529 1249 592 Tunc
1274 527 1357 590 enim
1379 529 1432 612 jus

188 641 397 704 Praetorium
419 657 532 701 versus
554 657 644 700 suum
670 645 842 721 parentem
865 638 1125 720 recuperabant:
1149 635 1290 721 Ulpiani
1309 635 1432 718 Froguc

190 748 347 812 XXVIII.
361 746 392 810 8.
406 746 436 827 δ.
451 745 501 808 10.
516 744 566 807 11.
583 747 660 809 Inst.
676 747 705 806 ls.
720 753 743 808 t.

771 898 852 982 ss
1504 985 1505 1032 ,

222 1075 227 1079 ,
318 1015 370 1068 Ius
386 1016 525 1076 recentius,
544 1034 595 1085 quo
613 1015 753 1067 discrimen
770 1017 839 1068 inter
858 1034 919 1069 suos
936 985 962 1083 et
979 991 1158 1086 emanetpctos
1172 1015 1312 1069 sublatum.

272 1113 320 1181 At
335 1117 447 1180 omnia
466 1105 549 1178 haec
565 1115 621 1201 jus
643 1117 807 1179 recentius
830 1118 991 1198 correxit,
1008 1119 1133 1204 quippe
1155 1140 1222 1202 quo
1242 1124 1277 1180 et
1298 1116 1434 1178 emanci-

188 1203 258 1310 pati
273 1225 315 1288 ad
331 1233 504 1309 parentum
527 1225 765 1289 successionem
781 1233 957 1289 vocantur:
973 1226 1053 1290 Nos.
1075 1228 1223 1318 orfus.
1242 1223 1274 1288 1.
1296 1222 1434 1302 (collatis
1504 1251 1505 1298 r

188 1341 299 1397 tamen
324 1333 419 1396 bonis
442 1344 540 1396 antea
566 1333 732 1418 acceptis)
759 1342 793 1396 et
817 1333 899 1417 ipsi,
921 1335 978 1419 qui
1003 1356 1037 1398 se
1065 1335 1099 1398 in
1124 1333 1339 1418 adoptionem
1366 1331 1433 1396 aliis

189 1439 368 1526 dederunt,
384 1461 445 1526 per
458 1441 496 1504 L.
509 1463 580 1522 pen.
602 1441 634 1502 C.
654 1442 694 1503 sle
708 1443 821 1526 Adopt.
836 1441 881 1522 1ί).

675 1635 680 1642 ·
774 1617 803 1699 ς.
823 1617 853 1678 9.

401 1745 405 1760 ·
458 1732 572 1800 Nepotes
589 1731 742 1802 refiliabus
758 1735 830 1786 inter
847 1731 970 1802 copertos
987 1730 1166 1785 warewast.

273 1834 368 1912 Quae
392 1833 434 1897 de
457 1843 614 1918 nepotum
634 1833 849 1918 neptiumque
873 1834 1079 1897 successione
1103 1855 1200 1917 supra
1223 1833 1375 1896 diximus:
1392 1853 1424 1895 ea
1504 1849 1505 1922 ᾗ

122 2005 124 2009 .
190 1942 232 2006 ad
252 1963 309 2004 eos
332 1942 461 2004 demum
483 1963 581 2004 easve
603 1943 789 2025 pertinent,
805 1943 862 2028 qui
878 1963 1006 2026 quaeve
1030 1964 1073 2005 ex
1088 1941 1176 2006 virili
1199 1963 1283 2005 sexu
1306 1941 1426 2004 descen·
1504 1925 1505 1968 3

190 2049 324 2113 debant.
346 2049 431 2114 Nam
448 2051 563 2137 quiex
584 2049 713 2113 filiabus
730 2051 800 2114 nati
822 2053 953 2116 fuerant
968 2059 1126 2135 nepotes,
1143 2059 1200 2114 aut
1222 2072 1266 2113 ex
1290 2050 1428 2133 neptibus

191 2167 412 2243 pronepotes,
427 2158 451 2220 ii
467 2179 533 2222 non
557 2178 623 2222 una
647 2179 718 2222 cum
735 2149 820 2222 tiliis¹
833 2167 867 2222 et
888 2159 1018 2226 filiabus
1039 2161 1285 2246 nepotibusque
1309 2178 1353 2221 ex
1366 2156 1431 2219 filiis
1504 2237 1505 2256 Χ

190 2267 231 2331 ad
247 2267 485 2332 successionem
501 2267 715 2348 vocabantur,
731 2267 790 2330 sed
811 2276 887 2352 post
903 2267 1261 2352 adgnatorum'lineam
1285 2267 1373 2332 inter
1385 2285 1431 2327 co-
1504 2261 1505 2326 l

190 2385 308 2461 gnatos
329 2375 558 2440 connumerari
583 2385 837 2442 consueverant:
859 2378 889 2457 ὅ.
910 2376 960 2438 15.
975 2379 1053 2440 Inst.
1073 2381 1103 2440 lt.
1122 2387 1144 2439 t.
1169 2375 1268 2440 Pauli
1290 2375 1433 2438 Sentestt.

189 2484 329 2564 Receptt.
345 2484 402 2544 IV.
416 2484 510 2546 8.10.
530 2483 578 2546 At
599 2483 663 2546 boc
686 2495 819 2568 quoque
840 2485 1038 2558 mutandum.
1052 2490 1216 2568 putarunt
1230 2481 1433 2549 Valentinia-

189 2612 263 2665 nus,
280 2589 489 2652 Theodosius
510 2599 544 2652 et
558 2589 720 2654 Arcadius
735 2591 972 2674 Imperatores:
1000 2594 1034 2654 L.
1051 2593 1081 2658 9.
1105 2595 1137 2656 0.
1158 2594 1197 2654 de
1213 2591 1290 2654 Suus
1313 2601 1348 2652 et
1362 2593 1430 2671 legit

190 2698 238 2758 lib.
260 2697 316 2780 qui
332 2698 501 2782 jusserunt
522 2706 661 2783 nepotes
686 2718 729 2760 ex
749 2698 818 2762 filia
840 2721 902 2762 avo
926 2707 1075 2766 materno
1097 2701 1259 2784 aviaeque
1282 2719 1430 2762 unacum

190 2806 338 2869 defuncti
353 2805 428 2868 liliis
444 2827 482 2868 ac
497 2806 627 2870 filiabus
643 2806 838 2881 succedere;
860 2807 908 2870 ita
923 2818 1050 2890 tamen,
1067 2816 1103 2872 ut
1119 2808 1199 2872 duas
1222 2815 1352 2872 tantum
1368 2826 1431 2888 par-

190 2922 239 2976 tes
255 2922 422 2976 maternae
438 2914 599 2998 portionis
615 2915 814 3000 acciperent,
830 2916 929 2980 tertia
944 2937 1047 3001 penes
1064 2915 1150 2980 filios
1166 2913 1321 2999 filiasque
1333 2933 1430 2978 mane·

191 3032 251 3086 ret.
273 3021 341 3085 Sed
357 3030 392 3086 et
405 3021 441 3086 id
458 3016 602 3107 denique
619 3023 757 3087 mutavit
771 3023 805 3086 in
820 3025 954 3086 Nouello
972 3025 1121 3086 CXVIII
1134 3023 1163 3086 l:
1178 3023 1382 3088 Justiniauos
1393 3021 1430 3100 ¹).

762 3201 863 3284 w.

492 3320 614 3372 Heredes
630 3319 673 3371 sui
688 3316 862 3370 succedebant
879 3319 957 3370 etism
974 3319 1134 3386 ipsorcutes.

271 3409 312 3482 Id
328 3417 434 3482 adbuc
453 3420 584 3483 videtur
600 3420 817 3501 mouendum,
833 3439 907 3483 suos
920 3418 1072 3499 heredes,
1089 3417 1166 3503 quia
1180 3417 1253 3501 ipso
1263 3416 1344 3501 jure
1358 3413 1430 3478 tales
1504 3395 1505 3406 ἵ

192 3535 295 3609 erant,
312 3527 410 3590 etiam
428 3527 618 3612 ignorantes
642 3550 712 3591 esse
732 3527 951 3591 hereditatem
969 3533 1201 3611 consequutos‚
1216 3524 1324 3589 veluti
1340 3522 1432 3586 surio-

191 3655 259 3716 sos,
283 3635 444 3718 infantes,
469 3637 738 3721 peregrinantes,
763 3657 825 3699 nec
846 3636 962 3700 tutoris
985 3635 1181 3700 auctoritate
1205 3633 1353 3718 pupillo,
1378 3651 1433 3694 nec

259 3873 293 3938 k)
313 3873 416 3926 Verum
441 3875 496 3942 huj.
515 3877 532 3928 l.
557 3891 666 3928 sensum
690 3882 738 3929 aut
760 3893 815 3930 nou
842 3881 983 3930 assecutus
1010 3879 1051 3928 est
1073 3877 1185 3939 Auctor,
1205 3877 1252 3927 eut
1271 3875 1367 3925 saltem
1384 3887 1432 3924 noo

190 3957 315 4011 reddidit
334 3961 459 4012 Maxime
479 3977 515 4013 ex
533 3967 608 4028 parte
632 3963 666 4018 dc
684 3977 716 4014 eo
735 3963 856 4032 loquitur
879 3962 946 4029 Lex,
971 3979 1050 4030 quem
1070 3965 1146 4026 pater
1164 3969 1289 4012 extraneo
1308 3959 1337 4012 in
1354 3959 1435 4022 adop

190 4043 291 4098 tionem
310 4045 364 4108 dat,
384 4044 486 4112 quippe
504 4045 552 4114 qui
566 4048 631 4113 jura
648 4047 739 4100 omnia
756 4048 785 4100 iu
803 4047 933 4100 naturalis
951 4046 1036 4113 patris
1055 4045 1157 4098 familie
1175 4041 1299 4109 retineat,
1319 4041 1433 4110 adoptivi
1504 4045 1505 4110 l

190 4134 280 4181 autem
297 4130 382 4194 patris
405 4147 459 4183 non
482 4137 642 4199 aggregetur
667 4133 793 4186 familiae.
817 4135 861 4184 Dc
883 4133 992 4185 bomine
1017 4147 1082 4184 vero
1105 4131 1243 4198 suijuris,
1268 4128 1316 4198 qui
1335 4129 1434 4194 ipsese

190 4214 377 4280 adrogendum
396 4215 508 4280 dederit,
526 4215 554 4267 in
573 4222 694 4269 extrema
712 4219 778 4284 legis
796 4222 872 4284 parte
891 4218 990 4272 diserte
1008 4224 1116 4270 cautum
1135 4221 1184 4280 est,
1203 4214 1334 4267 intactum
1352 4211 1433 4266 illiba·
1504 4221 1505 4284 q

190 4303 302 4365 tumque
316 4299 363 4365 jus
382 4301 520 4368 antiquius
538 4299 566 4352 in
585 4303 644 4368 ejus
662 4319 779 4368 persona
796 4303 906 4356 servari.
925 4303 1012 4356 Ilsss'lsl.
1216 4297 1218 4304 ’

192 4392 195 4398 “
260 4387 284 4451 1)
306 4386 393 4437 Vocat
410 4386 439 4438 id
458 4387 506 4452 jus
529 4387 673 4439 barbarum
693 4389 825 4457 prs'ucr'pu'o
851 4389 976 4441 Novellae
993 4389 1081 4441 XXI.
1107 4403 1190 4456 quum
1209 4391 1299 4437 tamen
1319 4388 1346 4434 et
1362 4385 1432 4436 Deus

191 4470 261 4522 tilios
279 4469 385 4522 filiabus
403 4471 431 4524 in
449 4473 598 4524 hereditate
615 4473 807 4537 praeferendos
826 4475 962 4526 sanxerit:
991 4475 1069 4527 Num.
1096 4493 1117 4525 c.
1135 4477 1178 4526 27.
1196 4490 1218 4522 s.
1234 4473 1259 4522 8.
1278 4469 1320 4521 CI.
1342 4469 1432 4520 Jacob.

191 4555 351 4609 Perizonius
369 4559 404 4610 ad
420 4560 451 4611 L.
479 4558 571 4610 Vocon.
585 4576 615 4626 p.
635 4562 692 4612 109.
711 4561 844 4613 Seldenus
863 4560 894 4611 de
912 4576 1020 4612 success.
1038 4556 1122 4610 Hebr.
1138 4558 1161 4610 Ι.
1176 4574 1237 4626 pop.
1252 4559 1279 4607 2.
1297 4555 1376 4606 Heia.

198 4659 201 4668 ¹
1504 4641 1505 4704 l
