3056 5168
546 363 600 434 Dia
626 363 856 434 lsrnnnrcrrs.
1258 369 1331 437 tat

69 543 205 630 aliquid
217 541 372 608 adversus
382 541 552 606 Praetoris
567 540 709 606 edictum
721 540 777 605 vel
794 541 916 606 iactum
930 547 1027 623 esset,
1043 538 1098 604 vel
1113 559 1179 604 non
1194 538 1329 624 factum,

69 649 169 735 quod
184 650 244 714 ille
259 648 333 712 fieri
348 649 462 732 jussit3
483 667 558 712 narn
575 656 632 712 aut
647 649 851 730 prohibitoria
867 654 941 713 sunt
962 647 1151 730 interdicta,
1169 655 1225 711 aut
1241 653 1331 710 resti-

68 763 212 832 tatoris,
237 764 294 820 aut
313 757 499 818 exhibitorum
521 756 566 820 Et
588 755 688 818 modo
715 776 786 819 cum
809 776 918 839 poena
941 777 965 820 s.
986 754 1136 840 periculo
1159 754 1331 839 agebatur,

67 863 178 928 modo
197 862 267 928 siue
282 884 402 947 poena.
424 861 507 926 Cum
522 883 632 946 poena
648 863 735 946 apud
752 871 1002 947 recuperatores
1017 871 1118 948 atque
1134 861 1198 928 hoo
1215 863 1331 928 modo:

69 981 173 1036 actor
193 972 398 1054 provocabat
420 969 641 1034 adversarium
670 971 866 1054 sponsione,
894 970 928 1034 ni
958 971 1113 1035 adversus
1139 991 1181 1034 ea
1208 969 1330 1034 facturn

68 1081 138 1160 sit,
154 1080 244 1164 quod
262 1080 403 1142 Praetor
424 1086 481 1142 aut
501 1078 695 1163 imperavit,
719 1086 776 1142 aut
796 1079 919 1155 vetuit3
942 1087 976 1144 et
995 1099 1103 1143 rursus
1126 1078 1332 1142 adversarius

68 1189 109 1251 in
129 1188 328 1252 contrarium
350 1186 617 1270 restipulabatur.
639 1186 718 1250 Fuit
734 1194 842 1250 autem
857 1186 940 1250 baec
962 1187 1095 1271 sponsio
1111 1184 1332 1270 praejudicia·

68 1295 116 1358 lis
135 1303 170 1358 et
186 1293 337 1378 poenalis
356 1293 439 1373 (vid.
453 1314 549 1377 supra
565 1293 633 1356 Tit.
648 1293 709 1356 Vl.
725 1294 753 1374 ᾖ.
767 1294 819 1358 36.
834 1301 902 1357 not.
917 1298 985 1378 y.);
1007 1315 1081 1358 nam
1098 1294 1155 1379 qui
1176 1315 1238 1378 per
1259 1313 1332 1358 eam

69 1405 186 1468 victus
209 1411 299 1484 crat,
322 1411 356 1466 et
378 1402 563 1487 sponsionis
584 1401 641 1466 vel
661 1401 922 1486 restipulationis
945 1423 1100 1466 summam
1123 1400 1253 1465 solvere
1274 1401 1333 1465 ad-

71 1511 227 1576 versario
242 1529 377 1574 necesse
388 1509 546 1592 habebat,
564 1518 598 1574 et
608 1515 785 1593 praeterea
798 1530 841 1572 ex
856 1509 927 1593 ipsa
941 1508 1111 1573 interdicti
1128 1530 1224 1574 causa
1239 1509 1333 1594 quasi

75 1618 321 1684 condemnatus
334 1617 504 1682 conveniri
520 1625 661 1704 poterat.
684 1615 814 1693 Quodsi
838 1616 1001 1700 agebatur
1022 1617 1093 1680 sine
1108 1637 1228 1702 poena,
1245 1617 1335 1680 arbi·

73 1736 131 1791 ter
147 1726 243 1790 datus
258 1732 325 1807 est,
345 1726 441 1809 isque
464 1724 579 1809 quanti
602 1745 642 1788 ea
656 1744 708 1787 res
731 1732 818 1787 esset
837 1723 1057 1788 adversarium
1081 1724 1333 1806 condemnabat,

76 1834 138 1920 qui
163 1832 341 1896 interdicto
364 1832 473 1912 fuerat
493 1831 639 1896 inferior.
661 1832 736 1894 Jam
759 1851 838 1893 vero
862 1832 896 1894 in
919 1831 1128 1896 exhibitoriis
1145 1841 1179 1897 et
1200 1833 1335 1896 restitu-

77 1942 175 2005 toriis
201 1939 387 2006 interdictis
413 1939 547 2003 electio'
565 1938 760 2023 plerumque
775 1937 806 2020 f)
837 1938 900 2002 fuit
920 1960 1072 2022 reorum,
1098 1948 1204 2005 utrum
1236 1962 1334 2024 spon-

82 2049 190 2129 sione,
205 2048 339 2111 an‘sine
354 2067 463 2131 poena
485 2045 627 2110 formula
643 2046 816 2110 arbitraria
835 2055 962 2110 certare
985 2047 1134 2130 mallent,
1155 2048 1334 2112 dummodo

83 2164 260 2239 antequam
277 2175 295 2217 e
312 2157 389 2240 jure
408 2154 429 2216 i.
446 2175 474 2216 e.
493 2155 687 2218 aPraetore
704 2155 845 2235 exirent,
862 2156 1018 2218 arbitrum
1041 2163 1196 2239 peterent
1208 2158 1255 2238 κ).
1276 2155 1335 2218 Sin

79 2261 117 2327 id
136 2263 239 2326 minus
261 2263 382 2328 factum
399 2269 494 2343 esset,
517 2261 694 2345 sponsione
710 2267 780 2324 erat
801 2259 1010 2346 litigandum,
1026 2263 1125 2346 eique
1143 2270 1177 2325 et
1195 2261 1337 2324 arbitra·

76 2371 166 2434 rium
182 2371 343 2456 judicium
365 2370 407 2434 de
423 2390 461 2432 re
483 2367 673 2434 exbibenda
692 2367 750 2456 vel.
768 2368 972 2433 restituenda
995 2369 1266 2456 subjungebatur,
1288 2379 1336 2454 ut,

78 2479 107 2543 si
131 2477 445 2564 spo'nsione-vicerit
459 2485 562 2557 actor,
585 2476 646 2540 nisi
662 2497 713 2539 res
735 2475 767 2538 ei
783 2473 997 2541 exhiberetur
1018 2477 1073 2542 vel
1096 2477 1336 2562 restitueretur,

79 2586 201 2674 quanti
217 2607 258 2650 ea
279 2608 331 2651 res
347 2594 434 2650 esset
448 2584 652 2650 adversarius
674 2583 951 2672 condemnaretur
964 2585 1010 2668 ¹¹).
1032 2585 1080 2648 At
1101 2585 1135 2649 in
1150 2585 1338 2670 prohibito-

76 2695 139 2760 riis
163 2693 364 2775 interdictis,
385 2693 442 2760 ubi
464 2699 524 2756 os‘rn
539 2697 621 2776 fieri
641 2694 784 2758 Praetor
807 2693 959 2777 vetabat,
982 2713 1112 2777 semper
1134 2715 1205 2757 cum
1227 2715 1338 2778 poena

78 2803 249 2889 agebatur
261 2803 304 2882 i).
327 2801 416 2878 Quid
441 2809 549 2864 autem
571 2808 704 2884 praeter
724 2821 864 2884 poenam
888 2801 914 2864 is
932 2803 1086 2886 petebat,
1110 2802 1166 2886 qui
1189 2789 1339 2886 superior

77 2911 195 2974 fuerat
216 2910 406 2991 interdicte,
421 2907 509 2972 haud
531 2908 578 2970 ita
594 2915 730 2969 constat.
751 2907 806 2970 De
822 2930 888 2971 uno
909 2908 969 2972 illo
989 2916 1040 2972 uti
1053 2911 1219 2992 possidetis
1236 2911 1340 2975 inter-

80 3019 179 3094 dicto
201 3017 283 3080 haec
298 3017 394 3081 nobis
412 3022 541 3078 servata
563 3021 652 3076 sunt:
675 3022 849 3098 antequam
865 3015 967 3080 fiebat
988 3016 1121 3101 sponsio
1141 3024 1175 3079 et
1197 3017 1339 3101 restipu-

77 3125 189 3205 latio,
211 3145 271 3207 per
282 3129 454 3205 fructuum
475 3126 671 3186 licitationem
694 3142 862 3204 possessor
891 3122 1051 3186 alteruter
1078 3124 1341 3188 constituebatur

80 3235 106 3298 i.
118 3254 149 3295 e.
162 3231 204 3295 ad
217 3253 289 3294 eum
306 3230 564 3295 transferebatur
575 3231 749 3313 possessio,
763 3229 819 3314 qui
835 3229 1008 3313 plurimum
1024 3229 1183 3294 licitando
1199 3231 1338 3296 alterum

82 3347 285 3424 superasset.
306 3339 380 3401 Jam
397 3338 424 3401 si
446 3339 472 3402 is
488 3335 618 3423 judicio
638 3336 744 3400 victus
761 3344 846 3418 erat,
862 3357 928 3398 non
951 3335 1054 3419 solum
1070 3357 1138 3400 rem
1161 3338 1264 3421 ipsam
1281 3340 1340 3403 ad-

81 3446 236 3512 versario
255 3447 430 3510 restituere
448 3453 482 3509 et
497 3443 681 3529 sponsionis
697 3444 751 3508 vel
766 3443 1024 3528 restipulationis
1040 3465 1194 3508 summam
1211 3445 1341 3511 solvere

74 3556 276 3644 jubebatur,
291 3574 403 3618 verum
420 3563 454 3617 et
470 3553 592 3617 fructus
616 3552 808 3616 licitationis
825 3574 977 3617 summam
996 3561 1030 3615 et
1052 3562 1225 3637 praeterea
1241 3555 1340 3618 etiam

83 3667 180 3750 ipsos
201 3653 336 3746 fructus,
353 3683 435 3748 quos
456 3662 587 3726 interim
604 3671 814 3746 perceperat,
831 3662 938 3724 eidem
962 3660 1102 3736 inferre3
1124 3663 1246 3726 etenim
1267 3663 1342 3728 lici-

85 3772 229 3838 tationis
251 3792 374 3834 summa
389 3791 455 3834 non
477 3782 631 3856 tanquam
647 3771 786 3854 pretium
810 3770 987 3849 fructuum,
1004 3768 1062 3832 sed
1085 3770 1162 3834 item
1186 3779 1221 3834 ut
1243 3791 1340 3854 spon-

86 3879 194 3945 sionis
216 3899 339 3942 summa
361 3897 491 3962 poenae
506 3879 638 3942 nomine
661 3878 820 3944 solvenda
837 3886 926 3959 erat,
948 3878 1084 3961 idcirco,
1105 3878 1194 3963 quod
1214 3900 1340 3963 posses-

85 4039 389 4055 ——t—--t

163 4127 189 4192 Γ)
209 4125 281 4176 Nam
299 4122 353 4176 vid.
371 4125 503 4177 Huschke
522 4123 551 4175 in
568 4124 688 4178 Analect.
707 4125 819 4177 litterar.
837 4140 863 4190 p.
883 4128 940 4179 178.
959 4140 1000 4192 sq.
1018 4129 1074 4176 not.
1094 4123 1236 4176 Restitutio.

164 4210 197 4276 g)
218 4209 278 4275 Gaj.
297 4209 347 4261 IV.
365 4209 386 4275 ξ.
407 4214 465 4263 164.
485 4239 517 4247 -
535 4237 569 4246 -
586 4223 671 4272 „sero
690 4209 761 4264 euim
780 4209 932 4273 petentibus
951 4223 1007 4260 non
1026 4206 1235 4273 indulgebitur.“

165 4296 198 4362 h)
216 4294 281 4347 Vid.
298 4294 359 4360 Gaj.
378 4294 427 4346 lv.
445 4295 465 4360 t.
486 4297 543 4346 16³.
557 4293 649 4360 ibique
667 4293 701 4344 ab
716 4293 838 4344 Hefftero
854 4299 956 4346 notata.
975 4293 1107 4346 Huschke
1125 4293 1156 4343 de
1175 4309 1254 4344 causa
1273 4291 1342 4344 Sito-

88 4382 190 4439 niana‚
209 4379 238 4430 iu
256 4380 309 4432 den
330 4379 439 4434 Sistdten
458 4394 483 4444 p.
502 4383 526 4432 8.
545 4378 586 4430 Cf.
604 4377 668 4430 ibid.
686 4393 713 4443 p.
731 4383 791 4430 ³32.

166 4463 190 4530 i)
211 4464 298 4531 Cujus
314 4465 386 4532 juris
403 4463 571 4530 probabilem
594 4479 705 4516 causam
724 4464 814 4516 attuht
831 4462 962 4514 Huschke
987 4461 1018 4512 de
1044 4475 1122 4512 causa
1142 4457 1292 4518 Silaniano,
1314 4453 1352 4509 in¹

91 4552 150 4604 den
170 4549 281 4604 &sdico
299 4565 325 4615 p.
343 4553 367 4602 7.
384 4548 413 4601 in
431 4548 448 4600 l.
468 4563 495 4614 p.
513 4552 537 4601 8.
