3056 5154
207 400 278 468 aut
519 420 525 428 ·
599 447 603 454 .
659 391 749 460 iiim:
773 389 836 458 lv.
862 387 944 458 Trr.
970 387 1000 457 l.

207 571 283 650 sed,
305 568 353 632 uti
368 568 405 632 fit
420 569 453 632 in
470 588 506 630 re
521 567 676 648 obscura,
692 566 792 630 facile
816 585 929 627 omnes
949 563 1167 647 hypotheses,
1182 561 1263 626 solis
1276 571 1446 646 superstm-

187 673 281 741 *ctae
297 676 510 760 conjecturis,
527 683 562 737 et
583 673 695 738 fractis
710 695 730 736 e
752 672 927 756 naufragio
942 669 1082 752 tubulis,
1098 670 1266 734 vacillant.
1287 669 1390 733 Multa
1410 690 1449 732 ea

208 785 250 848 de
267 804 303 845 re
319 781 413 844 multi
430 782 603 861 dixerunt,
623 781 722 845 docte
738 799 816 844 sanc
832 787 867 842 et
881 777 1004 854 nitide3
1019 776 1079 840 sed
1094 778 1152 855 ita,
1169 785 1205 840 ut
1220 797 1348 859 semper
1360 778 1448 839 nobis

207 889 343 974 aliquod
360 889 494 952 dubium
509 890 660 972 supersit.
678 889 751 952 Nec
767 887 865 950 aliter
881 885 924 948 de
941 906 992 966 ca,
1008 905 1105 970 quam
1121 886 1192 969 ipse
1208 883 1310 967 elegi,
1326 893 1450 946 senten·

207 997 254 1060 tia
277 995 403 1075 sentio,
427 1017 524 1080 quam
549 1004 659 1060 tamen
681 1004 718 1059 ut
742 993 1011 1079 simplicissimam
1037 998 1071 1056 et
1098 991 1376 1056 verosimillimum
1401 991 1448 1053 liic

206 1103 323 1168 licebit
337 1103 485 1167 breviter
500 1103 677 1188 explicare.

785 1219 814 1299 5.
836 1215 885 1278 14.

620 1336 715 1388 Variae
733 1334 796 1402 lepis
813 1333 1052 1401 interpretationes.

156 1499 162 1522 ,
290 1438 414 1501 Licruu
427 1435 621 1499 Alexandro
635 1437 676 1498 ab
692 1433 893 1507 Alexandro¹
903 1433 1024 1514 Genetri.
1037 1429 1123 1494 Dier.
1141 1430 1192 1492 VI.
1201 1430 1251 1492 10.
1262 1437 1297 1493 et
1308 1429 1450 1493 Marcilio

209 1525 410 1628 Interpretdt.
433 1543 505 1604 XII
517 1543 606 1604 Tadi.
627 1563 653 1602 e.
668 1543 718 1604 59.
729 1565 763 1624 p.
778 1541 849 1604 210.
864 1537 936 1601 212.
959 1547 1008 1599 est
1030 1536 1118 1619 tela,
1141 1538 1194 1601 cui
1216 1559 1286 1620 rem
1309 1537 1450 1602 furtivam

210 1629 391 1736 adligarint
406 1651 510 1731 sures,
527 1650 583 1712 ubi
601 1648 700 1713 aedes
717 1648 936 1711 introiissenta
953 1647 1072 1707 lancem
1091 1666 1172 1709 vero
1188 1666 1245 1708 eos
1268 1656 1387 1730 putant
1400 1669 1452 1730 op

209 1761 356 1844 posuisse
376 1756 490 1838 oculis,
506 1777 548 1818 ne
565 1755 856 1841 adgnoscerentur.
872 1754 988 1817 Franc.
1002 1749 1170 1816 Balduino
1190 1753 1359 1815 Commeat.
1379 1757 1418 1815 od
1428 1756 1451 1834 §t

209 1867 239 1928 4.
255 1868 332 1927 Inst.
347 1867 375 1926 a.
396 1873 416 1926 t.
432 1865 520 1927 furta
537 1884 598 1948 per
616 1865 736 1924 lancem
759 1872 793 1925 et
814 1865 918 1923 ir'ciam
934 1866 1096 1944 concepta
1118 1881 1158 1922 ea
1180 1860 1279 1924 tuisse
1296 1861 1450 1940 videntur,

211 1995 292 2056 qnae
316 1973 473 2053 religionis
498 1971 623 2031 adtenta
645 1974 823 2052 inpostorea
846 1969 988 2050 quidam,
1011 1951 1170 2049 tamqnam
1195 1971 1374 2051 sacrificuli
1397 1971 1452 2029 licio

152 2113 154 2118 ·
210 2080 371 2150 succincti,
394 2086 424 2138 et
447 2080 566 2138 lancem
582 2078 625 2138 ad
644 2077 835 2158 colligendas
857 2081 951 2156 anites
974 2075 1227 2152 cricumferentes
1247 2080 1452 2150 commiserint,

211 2189 384 2268 sacrilegiis
401 2189 557 2267 proxima.
579 2182 647 2245 Sed
668 2184 759 2247 aliud
781 2175 936 2268 profecto
959 2188 1009 2243 est
1029 2186 1188 2264 concepere
1202 2182 1353 2262 sartum,
1375 2182 1452 2245 aliod

211 2296 415 2354 committere.-
441 2313 503 2354 nec
526 2292 695 2376 quisquam
717 2299 865 2354 veterum
889 2287 1048 2374 ejusmodi
1067 2288 1280 2373 impostorum
1308 2291 1453 2353 meminit

210 2399 337 2464 Frider.
356 2399 540 2462 Hotomani
555 2399 755 2482 conjectura,
771 2419 868 2482 quam
884 2396 918 2459 in
937 2397 1102 2459 Commeat.
1118 2399 1162 2459 ad
1175 2399 1204 2460 d.
1218 2399 1247 2479 §.
1262 2397 1293 2460 4.
1310 2398 1389 2461 Inet.
1399 2400 1425 2459 1.
1437 2407 1454 2458 t.

211 2507 349 2591 profert,
366 2507 491 2569 somnio
508 2528 615 2591 paene
632 2504 746 2567 similis
762 2503 902 2567 videtur.
924 2503 1014 2568 Illud
1030 2505 1115 2567 enim
1132 2504 1253 2568 furtum
1270 2526 1334 2589 per
1348 2509 1454 2568 lancem

148 2675 151 2680 .
212 2624 245 2678 et
271 2619 373 2677 licium
398 2603 593 2696 conceptum
622 2610 686 2673 dici
713 2620 826 2694 putat,
854 2613 937 2694 quod
954 2632 1016 2695 per
1044 2615 1272 2675 simulationem
1297 2615 1454 2696 religionis,

212 2723 321 2784 amicti
332 2722 400 2782 ir'cio
418 2720 595 2780 sacerdotes
614 2718 844 2800 deprehendere
862 2723 926 2781 siat
944 2722 1039 2792 soleti,
1059 2740 1154 2801 qaum
1168 2741 1287 2801 panem
1306 2726 1402 2783 aetr'te
1418 2723 1455 2781 ln-

207 2830 282 2912 pide
304 2829 461 2889 conditum
482 2846 594 2912 vorare
612 2828 793 2908 jussissent.
818 2826 1012 2906 Enimvero,
1036 2826 1117 2912 quid
1141 2848 1265 2912 quaeso
1290 2828 1411 2891 aetites
1429 2835 1456 2889 et

139 2987 144 2992 .
213 2935 306 3021 panis
323 2932 364 2996 ad
379 2933 527 2997 lancem?
542 2950 660 2997 trcwlu
671 2940 725 3008 ,cst
745 2954 971 3019 quaecumque
987 2933 1073 3013 tela,
1091 2942 1124 2996 et
1140 2932 1203 2996 filis
1218 2945 1397 3017 contexta,
1411 2933 1455 2999 rel

214 3049 374 3104 contorta.
403 3041 493 3104 Hinc
518 3040 605 3125 apud
627 3041 820 3104 Petronium
843 3041 980 3122 Satyric.
1001 3062 1028 3102 c.
1051 3039 1120 3104 131.
1143 3039 1184 3126 [*
1191 3063 1223 3124 p.
1245 3041 1346 3128 803]
1365 3047 1455 3106 liciam

212 3152 296 3210 varii
311 3149 418 3209 colaria
433 3152 502 3231 filis
524 3151 672 3210 intortam
696 3158 730 3212 et
751 3171 776 3210 c.
799 3147 868 3211 135.
886 3170 919 3230 p.
942 3147 1013 3212 833.
1028 3152 1146 3211 solome
1164 3151 1231 3210 licio
1246 3171 1406 3232 pannum.
1425 3150 1456 3213 ln

214 3254 326 3339 primis
351 3274 431 3317 vero
457 3277 497 3318 eo
523 3256 656 3319 nomine
677 3253 858 3320 veniebant
885 3255 1036 3342 cingula,
1063 3278 1130 3319 non
1157 3255 1256 3319 modo
1286 3278 1455 3332 servorun,

214 3361 302 3447 apud
322 3361 515 3426 Suetonium
536 3364 680 3446 Caligula
694 3385 718 3425 e.
735 3361 786 3425 26.
803 3364 860 3428 sed
882 3372 917 3427 et
937 3363 1100 3426 lictorum.
1122 3361 1222 3440 Quod
1243 3364 1334 3428 adeo
1354 3387 1455 3430 vernn

135 3485 137 3492 ’
215 3478 280 3551 est,
299 3477 334 3532 ut
353 3492 373 3532 a
393 3473 460 3532 li’ee'o
485 3473 601 3532 lectorii
619 3471 814 3534 vocabulum
840 3491 1005 3535 arcessere
1032 3491 1098 3534 non
1117 3470 1249 3534 dubitet
1270 3471 1357 3537 Tiro
1381 3471 1456 3558 apud

216 3575 360 3640 Gellium
375 3575 478 3638 Noett.
490 3581 557 3639 Aa.
568 3578 641 3639 XII.
657 3576 687 3639 3.
709 3578 748 3641 In
765 3580 978 3643 marmoribus
994 3595 1128 3665 quoque
1144 3585 1217 3640 sunt
1231 3594 1457 3644 aerumnam

215 3701 258 3748 ur
276 3699 473 3748 ermemirum
491 3684 578 3766 apud
593 3679 784 3748 Reinesium
802 3687 960 3768 Insortptt.
976 3688 1073 3749 aare.
1095 3687 1147 3746 VI.
1159 3708 1194 3768 p.
1206 3685 1279 3748 418.
1297 3709 1331 3750 n.
1349 3687 1457 3750 XLIV.

217 3789 273 3852 ubi
296 3790 515 3853 conferendus
537 3791 681 3855 Isidorus
704 3792 834 3877 Hispal.
861 3794 973 3876 Origg.
993 3792 1085 3858 I.33.
1105 3793 1266 3856 Proxime
1290 3815 1374 3879 ergo
1398 3815 1457 3858 ren

215 3918 275 3962 acu
291 3897 398 3981 tangit
412 3897 562 3963 Alciatus
581 3903 718 3982 Parerg.
733 3902 758 3961 Ι.
772 3899 801 3962 8.
820 3909 854 3964 et
877 3900 933 3984 qui
956 3901 1107 3964 eumdem
1128 3902 1288 3984 sequitur,
1304 3903 1458 3966 Pithoeus

217 4005 359 4066 Salaeca.
374 4006 399 4066 I.
414 4005 445 4069 2.
473 4005 520 4068 Ηί
536 4007 621 4068 enim
643 4008 842 4089 existimant,
857 4008 992 4071 lictores
1003 4009 1145 4094 jubente
1169 4009 1364 4092 magistratu
1387 4011 1458 4074 licio

215 4111 416 4193 succinctos,
439 4114 483 4176 ad
509 4114 747 4178 ostendendam
774 4117 1004 4180 auctoritatem
1025 4116 1207 4201 publicam,
1235 4118 1328 4201 cujus
1353 4117 1459 4180 licium

215 4219 314 4282 luerit
329 4218 468 4304 insigne,
491 4243 561 4284 cum
580 4223 648 4286 alio
666 4223 797 4302 comite,
815 4223 970 4288 indicium
987 4225 1022 4287 in
1037 4224 1133 4288 lance
1148 4224 1316 4310 fidemque
1333 4226 1458 4310 pracfe-

216 4333 321 4404 rente,
336 4327 455 4390 furtum
471 4331 650 4414 quaesitum
669 4331 783 4394 domos
794 4332 917 4396 intrare
933 4334 1150 4397 consuevisse.
1173 4332 1250 4409 Quo
1265 4333 1332 4395 ritu
1348 4333 1459 4397 inven-

216 4441 283 4494 tum
298 4428 417 4497 fuitum
428 4458 490 4519 per
508 4441 628 4504 lancem
647 4449 679 4500 et
696 4441 799 4502 la‘ciam
821 4439 999 4522 conceptam
1020 4441 1085 4506 dici
1101 4439 1231 4506 solitum
1247 4449 1376 4524 putant.
1399 4439 1458 4504 Sed

217 4559 314 4624 quum
330 4561 392 4606 nec
407 4544 441 4606 hi
457 4547 567 4610 omnia
581 4546 741 4612 viderint:
764 4568 815 4610 res
831 4548 894 4612 erit
911 4546 1025 4630 paullo
1042 4548 1139 4614 altius
1154 4547 1351 4634 repetenda.
