<?xml version="1.0" encoding="UTF-8"?>
<!DOCTYPE html PUBLIC "-//W3C//DTD XHTML 1.0 Transitional//EN"
    "http://www.w3.org/TR/xhtml1/DTD/xhtml1-transitional.dtd">
<html xmlns="http://www.w3.org/1999/xhtml" xml:lang="en" lang="en">
 <head>
  <title>
</title>
<meta http-equiv="Content-Type" content="text/html;charset=utf-8" />
  <meta name='ocr-system' content='tesseract 3.04.00' />
  <meta name='ocr-capabilities' content='ocr_page ocr_carea ocr_par ocr_line ocrx_word'/>
</head>
<body>
  <div class='ocr_page' id='page_1' title='image "./jogottliebheine00haubgoog_0073.png"; bbox 0 0 3130 5148; ppageno 0'>
   <div class='ocr_carea' id='block_1_1' title="bbox 682 349 1027 422">
    <p class='ocr_par' dir='ltr' id='par_1_1' title="bbox 682 349 1027 422">
     <span class='ocr_line' id='line_1_1' title="bbox 682 349 1027 422; baseline 0.006 -2"><span class='ocrx_word' id='word_1_1' title='bbox 682 349 1027 422; x_wconf 79' lang='lat' dir='ltr'><strong>rnoonmrum</strong></span> 
     </span>
    </p>
   </div>
   <div class='ocr_carea' id='block_1_2' title="bbox 139 527 1482 1693">
    <p class='ocr_par' dir='ltr' id='par_1_2' title="bbox 594 527 1161 711">
     <span class='ocr_line' id='line_1_2' title="bbox 801 527 904 610; baseline 0 -20"><span class='ocrx_word' id='word_1_2' title='bbox 801 529 831 610; x_wconf 66' lang='lat' dir='ltr'><strong>s.</strong></span> <span class='ocrx_word' id='word_1_3' title='bbox 852 527 904 590; x_wconf 75' lang='grc'><strong>44.</strong></span> 
     </span>
     <span class='ocr_line' id='line_1_3' title="bbox 594 641 1161 711; baseline -0.002 -15"><span class='ocrx_word' id='word_1_4' title='bbox 594 663 598 673; x_wconf 70' lang='grc'><strong>“</strong></span> <span class='ocrx_word' id='word_1_5' title='bbox 665 641 762 696; x_wconf 70' lang='lat' dir='ltr'><strong>&amp;hela</strong></span> <span class='ocrx_word' id='word_1_6' title='bbox 772 642 896 711; x_wconf 78' lang='lat' dir='ltr'><strong>juridica</strong></span> <span class='ocrx_word' id='word_1_7' title='bbox 914 643 1046 696; x_wconf 77' lang='lat' dir='ltr'><strong>Romana.</strong></span> <span class='ocrx_word' id='word_1_8' title='bbox 1154 673 1161 680; x_wconf 94' lang='lat'>·</span> 
     </span>
    </p>

    <p class='ocr_par' dir='ltr' id='par_1_3' title="bbox 227 742 1482 1368">
     <span class='ocr_line' id='line_1_4' title="bbox 311 742 1482 830; baseline 0 -20"><span class='ocrx_word' id='word_1_9' title='bbox 311 745 379 810; x_wconf 87' lang='lat' dir='ltr'><strong>Sub</strong></span> <span class='ocrx_word' id='word_1_10' title='bbox 395 745 655 830; x_wconf 88' lang='lat' dir='ltr'><strong>Imperatoribus</strong></span> <span class='ocrx_word' id='word_1_11' title='bbox 670 742 805 827; x_wconf 89' lang='lat' dir='ltr'><strong>publica</strong></span> <span class='ocrx_word' id='word_1_12' title='bbox 827 743 956 806; x_wconf 83' lang='lat' dir='ltr'><strong>Romae</strong></span> <span class='ocrx_word' id='word_1_13' title='bbox 976 743 1089 808; x_wconf 89' lang='lat' dir='ltr'><strong>schola</strong></span> <span class='ocrx_word' id='word_1_14' title='bbox 1113 744 1235 826; x_wconf 83' lang='lat' dir='ltr'><strong>floruit,</strong></span> <span class='ocrx_word' id='word_1_15' title='bbox 1251 745 1482 830; x_wconf 79' lang='lat' dir='ltr'><strong>jurispruden-</strong></span> 
     </span>
     <span class='ocr_line' id='line_1_5' title="bbox 227 851 1482 935; baseline -0.002 -15"><span class='ocrx_word' id='word_1_16' title='bbox 227 857 296 920; x_wconf 86' lang='lat' dir='ltr'><strong>tiae</strong></span> <span class='ocrx_word' id='word_1_17' title='bbox 316 856 417 918; x_wconf 89' lang='lat' dir='ltr'><strong>etiam</strong></span> <span class='ocrx_word' id='word_1_18' title='bbox 434 851 552 916; x_wconf 84' lang='lat' dir='ltr'><strong>studiis</strong></span> <span class='ocrx_word' id='word_1_19' title='bbox 568 859 769 932; x_wconf 86' lang='lat' dir='ltr'><strong>consecrata,</strong></span> <span class='ocrx_word' id='word_1_20' title='bbox 789 851 831 914; x_wconf 86' lang='lat' dir='ltr'><strong>de</strong></span> <span class='ocrx_word' id='word_1_21' title='bbox 851 873 918 935; x_wconf 91' lang='lat' dir='ltr'><strong>qua</strong></span> <span class='ocrx_word' id='word_1_22' title='bbox 935 853 1022 916; x_wconf 86' lang='lat' dir='ltr'><strong>infra</strong></span> <span class='ocrx_word' id='word_1_23' title='bbox 1036 851 1262 918; x_wconf 76' lang='lat' dir='ltr'><strong>dicemus-Lib.</strong></span> <span class='ocrx_word' id='word_1_24' title='bbox 1274 856 1299 914; x_wconf 92' lang='lat' dir='ltr'><strong>I.</strong></span> <span class='ocrx_word' id='word_1_25' title='bbox 1311 855 1448 917; x_wconf 61' lang='grc' dir='ltr'><strong>ΜΠ</strong></span> <span class='ocrx_word' id='word_1_26' title='bbox 1448 856 1482 917; x_wconf 87' lang='lat' dir='ltr'><strong>V.</strong></span> 
     </span>
     <span class='ocr_line' id='line_1_6' title="bbox 227 959 1480 1042; baseline -0.002 -16"><span class='ocrx_word' id='word_1_27' title='bbox 227 985 259 1026; x_wconf 81' lang='lat' dir='ltr'><strong>n.</strong></span> <span class='ocrx_word' id='word_1_28' title='bbox 273 963 325 1026; x_wconf 73' lang='lat'><strong>20.</strong></span> <span class='ocrx_word' id='word_1_29' title='bbox 340 983 385 1042; x_wconf 83' lang='lat' dir='ltr'><strong>sq.</strong></span> <span class='ocrx_word' id='word_1_30' title='bbox 398 963 594 1024; x_wconf 88' lang='lat' dir='ltr'><strong>Docuerunt</strong></span> <span class='ocrx_word' id='word_1_31' title='bbox 616 959 649 1021; x_wconf 93' lang='lat' dir='ltr'><strong>in</strong></span> <span class='ocrx_word' id='word_1_32' title='bbox 666 977 707 1020; x_wconf 87' lang='lat' dir='ltr'><strong>ea</strong></span> <span class='ocrx_word' id='word_1_33' title='bbox 724 959 837 1021; x_wconf 85' lang='lat' dir='ltr'><strong>schola</strong></span> <span class='ocrx_word' id='word_1_34' title='bbox 856 959 1078 1042; x_wconf 87' lang='lat' dir='ltr'><strong>jureconsulti</strong></span> <span class='ocrx_word' id='word_1_35' title='bbox 1097 961 1152 1024; x_wconf 83' lang='lat' dir='ltr'><strong>vel</strong></span> <span class='ocrx_word' id='word_1_36' title='bbox 1171 969 1398 1026; x_wconf 79' lang='lat' dir='ltr'><strong>antecessores</strong></span> <span class='ocrx_word' id='word_1_37' title='bbox 1416 961 1480 1024; x_wconf 88' lang='lat' dir='ltr'><strong>duo</strong></span> 
     </span>
     <span class='ocr_line' id='line_1_7' title="bbox 227 1065 1480 1155; baseline -0.006 -20"><span class='ocrx_word' id='word_1_38' title='bbox 227 1081 378 1155; x_wconf 89' lang='lat' dir='ltr'><strong>tempore</strong></span> <span class='ocrx_word' id='word_1_39' title='bbox 394 1066 578 1131; x_wconf 85' lang='lat' dir='ltr'><strong>Theodosii</strong></span> <span class='ocrx_word' id='word_1_40' title='bbox 589 1065 748 1150; x_wconf 84' lang='lat' dir='ltr'><strong>junioris:</strong></span> <span class='ocrx_word' id='word_1_41' title='bbox 771 1067 807 1127; x_wconf 78' lang='lat' dir='ltr'><strong>L.</strong></span> <span class='ocrx_word' id='word_1_42' title='bbox 828 1088 881 1128; x_wconf 83' lang='lat' dir='ltr'><strong>un.</strong></span> <span class='ocrx_word' id='word_1_43' title='bbox 900 1069 932 1128; x_wconf 82' lang='lat'><strong>0.</strong></span> <span class='ocrx_word' id='word_1_44' title='bbox 951 1069 1062 1129; x_wconf 77' lang='lat' dir='ltr'><strong>&#39;I&#39;heod</strong></span> <span class='ocrx_word' id='word_1_45' title='bbox 1078 1069 1117 1129; x_wconf 86' lang='lat' dir='ltr'><strong>de</strong></span> <span class='ocrx_word' id='word_1_46' title='bbox 1135 1069 1225 1130; x_wconf 85' lang='lat' dir='ltr'><strong>Stud.</strong></span> <span class='ocrx_word' id='word_1_47' title='bbox 1241 1071 1291 1131; x_wconf 76' lang='lat' dir='ltr'><strong>itt.</strong></span> <span class='ocrx_word' id='word_1_48' title='bbox 1309 1071 1378 1131; x_wconf 85' lang='lat' dir='ltr'><strong>urb.</strong></span> <span class='ocrx_word' id='word_1_49' title='bbox 1393 1070 1480 1130; x_wconf 84' lang='lat' dir='ltr'><strong>Rom.</strong></span> 
     </span>
     <span class='ocr_line' id='line_1_8' title="bbox 228 1173 1481 1260; baseline -0.002 -20"><span class='ocrx_word' id='word_1_50' title='bbox 228 1189 261 1241; x_wconf 83' lang='lat' dir='ltr'><strong>ct</strong></span> <span class='ocrx_word' id='word_1_51' title='bbox 276 1180 378 1240; x_wconf 68' lang='grc' dir='ltr'><strong>δοκεῖ.</strong></span> <span class='ocrx_word' id='word_1_52' title='bbox 395 1176 509 1254; x_wconf 82' lang='lat' dir='ltr'><strong>Antea</strong></span> <span class='ocrx_word' id='word_1_53' title='bbox 524 1183 634 1238; x_wconf 89' lang='lat' dir='ltr'><strong>tamen</strong></span> <span class='ocrx_word' id='word_1_54' title='bbox 651 1173 769 1237; x_wconf 90' lang='lat' dir='ltr'><strong>eodem</strong></span> <span class='ocrx_word' id='word_1_55' title='bbox 784 1174 947 1257; x_wconf 88' lang='lat' dir='ltr'><strong>instituto,</strong></span> <span class='ocrx_word' id='word_1_56' title='bbox 968 1198 1035 1259; x_wconf 92' lang='lat' dir='ltr'><strong>quo</strong></span> <span class='ocrx_word' id='word_1_57' title='bbox 1057 1184 1188 1239; x_wconf 84' lang='lat' dir='ltr'><strong>veteres</strong></span> <span class='ocrx_word' id='word_1_58' title='bbox 1206 1185 1301 1238; x_wconf 88' lang='lat' dir='ltr'><strong>erant</strong></span> <span class='ocrx_word' id='word_1_59' title='bbox 1316 1176 1481 1260; x_wconf 85' lang='lat' dir='ltr'><strong>usi,juve-</strong></span> 
     </span>
     <span class='ocr_line' id='line_1_9' title="bbox 227 1279 1481 1368; baseline -0.004 -20"><span class='ocrx_word' id='word_1_60' title='bbox 227 1307 287 1348; x_wconf 90' lang='lat' dir='ltr'><strong>nes</strong></span> <span class='ocrx_word' id='word_1_61' title='bbox 302 1279 392 1350; x_wconf 91' lang='lat' dir='ltr'><strong>domi</strong></span> <span class='ocrx_word' id='word_1_62' title='bbox 409 1282 563 1346; x_wconf 85' lang='lat' dir='ltr'><strong>habuisse</strong></span> <span class='ocrx_word' id='word_1_63' title='bbox 582 1280 738 1344; x_wconf 86' lang='lat' dir='ltr'><strong>videntur</strong></span> <span class='ocrx_word' id='word_1_64' title='bbox 750 1282 963 1365; x_wconf 90' lang='lat' dir='ltr'><strong>Papinianus,</strong></span> <span class='ocrx_word' id='word_1_65' title='bbox 976 1282 1019 1345; x_wconf 94' lang='lat' dir='ltr'><strong>de</strong></span> <span class='ocrx_word' id='word_1_66' title='bbox 1030 1283 1121 1367; x_wconf 89' lang='lat' dir='ltr'><strong>cujus</strong></span> <span class='ocrx_word' id='word_1_67' title='bbox 1139 1282 1307 1368; x_wconf 89' lang='lat' dir='ltr'><strong>discipulis</strong></span> <span class='ocrx_word' id='word_1_68' title='bbox 1315 1283 1481 1367; x_wconf 89' lang='lat' dir='ltr'><strong>Lamprid.</strong></span> 
     </span>
    </p>

    <p class='ocr_par' dir='ltr' id='par_1_4' title="bbox 139 1389 1481 1693">
     <span class='ocr_line' id='line_1_10' title="bbox 139 1389 1481 1474; baseline -0.003 -18"><span class='ocrx_word' id='word_1_69' title='bbox 139 1429 140 1434; x_wconf 20' lang='grc' dir='ltr'><strong>κ</strong></span> <span class='ocrx_word' id='word_1_70' title='bbox 228 1398 261 1456; x_wconf 74' lang='lat' dir='ltr'><strong>tn</strong></span> <span class='ocrx_word' id='word_1_71' title='bbox 277 1395 368 1455; x_wconf 76' lang='lat' dir='ltr'><strong>Alos.</strong></span> <span class='ocrx_word' id='word_1_72' title='bbox 388 1393 459 1452; x_wconf 83' lang='lat' dir='ltr'><strong>Sao.</strong></span> <span class='ocrx_word' id='word_1_73' title='bbox 483 1412 508 1452; x_wconf 84' lang='lat' dir='ltr'><strong>e.</strong></span> <span class='ocrx_word' id='word_1_74' title='bbox 523 1389 574 1452; x_wconf 87' lang='grc'><strong>68.</strong></span> <span class='ocrx_word' id='word_1_75' title='bbox 597 1390 744 1473; x_wconf 89' lang='lat' dir='ltr'><strong>quamvis</strong></span> <span class='ocrx_word' id='word_1_76' title='bbox 768 1391 802 1451; x_wconf 92' lang='lat' dir='ltr'><strong>in</strong></span> <span class='ocrx_word' id='word_1_77' title='bbox 821 1390 1014 1474; x_wconf 89' lang='lat' dir='ltr'><strong>quibusdam</strong></span> <span class='ocrx_word' id='word_1_78' title='bbox 1039 1390 1207 1454; x_wconf 88' lang='lat' dir='ltr'><strong>codicibus</strong></span> <span class='ocrx_word' id='word_1_79' title='bbox 1231 1391 1389 1454; x_wconf 85' lang='lat' dir='ltr'><strong>multi.ab</strong></span> <span class='ocrx_word' id='word_1_80' title='bbox 1418 1391 1481 1454; x_wconf 89' lang='lat' dir='ltr'><strong>illis</strong></span> 
     </span>
     <span class='ocr_line' id='line_1_11' title="bbox 228 1497 1480 1584; baseline -0.002 -21"><span class='ocrx_word' id='word_1_81' title='bbox 228 1500 432 1583; x_wconf 85' lang='lat' dir='ltr'><strong>temporibus</strong></span> <span class='ocrx_word' id='word_1_82' title='bbox 447 1499 642 1561; x_wconf 85' lang='lat' dir='ltr'><strong>remotiores</strong></span> <span class='ocrx_word' id='word_1_83' title='bbox 659 1497 913 1580; x_wconf 79' lang='lat' dir='ltr'><strong>immisceamur,</strong></span> <span class='ocrx_word' id='word_1_84' title='bbox 932 1497 1095 1583; x_wconf 83' lang='lat' dir='ltr'><strong>Ulpianus</strong></span> <span class='ocrx_word' id='word_1_85' title='bbox 1117 1498 1242 1584; x_wconf 90' lang='lat' dir='ltr'><strong>aliique</strong></span> <span class='ocrx_word' id='word_1_86' title='bbox 1260 1499 1480 1582; x_wconf 85' lang='lat' dir='ltr'><strong>jureconsulti</strong></span> 
     </span>
     <span class='ocr_line' id='line_1_12' title="bbox 229 1605 1104 1693; baseline -0.006 -22"><span class='ocrx_word' id='word_1_87' title='bbox 229 1609 370 1693; x_wconf 81' lang='lat' dir='ltr'><strong>egregii,</strong></span> <span class='ocrx_word' id='word_1_88' title='bbox 390 1627 527 1693; x_wconf 90' lang='lat' dir='ltr'><strong>quorum</strong></span> <span class='ocrx_word' id='word_1_89' title='bbox 545 1607 580 1668; x_wconf 92' lang='lat' dir='ltr'><strong>in</strong></span> <span class='ocrx_word' id='word_1_90' title='bbox 594 1605 744 1688; x_wconf 77' lang='lat' dir='ltr'><strong>Digestis</strong></span> <span class='ocrx_word' id='word_1_91' title='bbox 762 1605 946 1689; x_wconf 84' lang='lat' dir='ltr'><strong>fragmenta</strong></span> <span class='ocrx_word' id='word_1_92' title='bbox 964 1613 1104 1669; x_wconf 86' lang='lat' dir='ltr'><strong>exstant.</strong></span> 
     </span>
    </p>
   </div>
   <div class='ocr_carea' id='block_1_3' title="bbox 807 1753 909 1836">
    <p class='ocr_par' dir='ltr' id='par_1_5' title="bbox 807 1753 909 1836">
     <span class='ocr_line' id='line_1_13' title="bbox 807 1753 909 1836; baseline 0.02 -22"><span class='ocrx_word' id='word_1_93' title='bbox 807 1753 836 1836; x_wconf 72' lang='lat' dir='ltr'><strong>g.</strong></span> <span class='ocrx_word' id='word_1_94' title='bbox 857 1753 909 1816; x_wconf 76' lang='lat'><strong>45.</strong></span> 
     </span>
    </p>
   </div>
   <div class='ocr_carea' id='block_1_4' title="bbox 148 1840 1486 4592">
    <p class='ocr_par' dir='ltr' id='par_1_6' title="bbox 375 1840 1348 1941">
     <span class='ocr_line' id='line_1_14' title="bbox 375 1840 1348 1941; baseline 0.001 -17"><span class='ocrx_word' id='word_1_95' title='bbox 375 1871 517 1925; x_wconf 62' lang='lat' dir='ltr'><strong>Methodici</strong></span> <span class='ocrx_word' id='word_1_96' title='bbox 535 1869 646 1922; x_wconf 75' lang='lat' dir='ltr'><strong>docendi</strong></span> <span class='ocrx_word' id='word_1_97' title='bbox 662 1873 690 1922; x_wconf 81' lang='lat' dir='ltr'><strong>in</strong></span> <span class='ocrx_word' id='word_1_98' title='bbox 707 1870 802 1923; x_wconf 76' lang='lat' dir='ltr'><strong>scholis</strong></span> <span class='ocrx_word' id='word_1_99' title='bbox 810 1871 938 1941; x_wconf 79' lang='lat' dir='ltr'><strong>juridicia</strong></span> <span class='ocrx_word' id='word_1_100' title='bbox 956 1879 1016 1922; x_wconf 82' lang='lat' dir='ltr'><strong>ante</strong></span> <span class='ocrx_word' id='word_1_101' title='bbox 1035 1879 1060 1922; x_wconf 85' lang='lat' dir='ltr'><strong>ct</strong></span> <span class='ocrx_word' id='word_1_102' title='bbox 1073 1881 1136 1940; x_wconf 84' lang='lat' dir='ltr'><strong>post</strong></span> <span class='ocrx_word' id='word_1_103' title='bbox 1152 1840 1348 1924; x_wconf 52' lang='lat' dir='ltr'><strong>Justtnianums</strong></span> 
     </span>
    </p>

    <p class='ocr_par' dir='ltr' id='par_1_7' title="bbox 161 1967 1484 3353">
     <span class='ocr_line' id='line_1_15' title="bbox 312 1967 1482 2058; baseline 0.001 -23"><span class='ocrx_word' id='word_1_104' title='bbox 312 1971 470 2057; x_wconf 88' lang='lat' dir='ltr'><strong>Denique</strong></span> <span class='ocrx_word' id='word_1_105' title='bbox 489 1993 509 2034; x_wconf 90' lang='lat' dir='ltr'><strong>a</strong></span> <span class='ocrx_word' id='word_1_106' title='bbox 527 1971 628 2034; x_wconf 90' lang='lat' dir='ltr'><strong>tertio</strong></span> <span class='ocrx_word' id='word_1_107' title='bbox 647 1969 759 2033; x_wconf 89' lang='lat' dir='ltr'><strong>seculo</strong></span> <span class='ocrx_word' id='word_1_108' title='bbox 777 1978 844 2034; x_wconf 87' lang='lat' dir='ltr'><strong>tres</strong></span> <span class='ocrx_word' id='word_1_109' title='bbox 864 1973 1042 2056; x_wconf 88' lang='lat' dir='ltr'><strong>praecipue</strong></span> <span class='ocrx_word' id='word_1_110' title='bbox 1062 1967 1196 2036; x_wconf 89' lang='lat' dir='ltr'><strong>scholae</strong></span> <span class='ocrx_word' id='word_1_111' title='bbox 1210 1973 1395 2037; x_wconf 87' lang='lat' dir='ltr'><strong>floruerunt</strong></span> <span class='ocrx_word' id='word_1_112' title='bbox 1399 1973 1482 2058; x_wconf 89' lang='lat' dir='ltr'><strong>juri-</strong></span> 
     </span>
     <span class='ocr_line' id='line_1_16' title="bbox 231 2080 1481 2165; baseline 0 -21"><span class='ocrx_word' id='word_1_113' title='bbox 231 2081 336 2163; x_wconf 86' lang='lat' dir='ltr'><strong>dicae,</strong></span> <span class='ocrx_word' id='word_1_114' title='bbox 353 2098 481 2162; x_wconf 81' lang='lat' dir='ltr'><strong>nonna,</strong></span> <span class='ocrx_word' id='word_1_115' title='bbox 500 2095 818 2143; x_wconf 76' lang='lat' dir='ltr'><strong>consanurmorour</strong></span> <span class='ocrx_word' id='word_1_116' title='bbox 833 2083 876 2161; x_wconf 76' lang='lat'><strong>³),</strong></span> <span class='ocrx_word' id='word_1_117' title='bbox 895 2086 929 2141; x_wconf 87' lang='lat' dir='ltr'><strong>et</strong></span> <span class='ocrx_word' id='word_1_118' title='bbox 947 2080 1164 2162; x_wconf 81' lang='lat' dir='ltr'><strong>annrr1,hoc</strong></span> <span class='ocrx_word' id='word_1_119' title='bbox 1182 2081 1360 2165; x_wconf 88' lang='lat' dir='ltr'><strong>privilegio</strong></span> <span class='ocrx_word' id='word_1_120' title='bbox 1380 2081 1481 2144; x_wconf 91' lang='lat' dir='ltr'><strong>muni-</strong></span> 
     </span>
     <span class='ocr_line' id='line_1_17' title="bbox 230 2184 1482 2271; baseline 0.001 -21"><span class='ocrx_word' id='word_1_121' title='bbox 230 2195 296 2267; x_wconf 87' lang='lat' dir='ltr'><strong>tae,</strong></span> <span class='ocrx_word' id='word_1_122' title='bbox 317 2195 431 2251; x_wconf 85' lang='lat' dir='ltr'><strong>utnon</strong></span> <span class='ocrx_word' id='word_1_123' title='bbox 445 2187 565 2270; x_wconf 74' lang='lat' dir='ltr'><strong>liceret</strong></span> <span class='ocrx_word' id='word_1_124' title='bbox 580 2184 661 2248; x_wconf 90' lang='lat' dir='ltr'><strong>alibi</strong></span> <span class='ocrx_word' id='word_1_125' title='bbox 673 2185 824 2271; x_wconf 91' lang='lat' dir='ltr'><strong>cuiquam</strong></span> <span class='ocrx_word' id='word_1_126' title='bbox 835 2185 891 2270; x_wconf 91' lang='lat' dir='ltr'><strong>jus</strong></span> <span class='ocrx_word' id='word_1_127' title='bbox 908 2186 1040 2269; x_wconf 88' lang='lat' dir='ltr'><strong>docere,</strong></span> <span class='ocrx_word' id='word_1_128' title='bbox 1057 2195 1093 2250; x_wconf 87' lang='lat' dir='ltr'><strong>ut</strong></span> <span class='ocrx_word' id='word_1_129' title='bbox 1108 2187 1194 2250; x_wconf 87' lang='lat' dir='ltr'><strong>infra</strong></span> <span class='ocrx_word' id='word_1_130' title='bbox 1205 2188 1375 2253; x_wconf 91' lang='lat' dir='ltr'><strong>docuimus</strong></span> <span class='ocrx_word' id='word_1_131' title='bbox 1385 2189 1482 2252; x_wconf 71' lang='lat' dir='ltr'><strong>nial.</strong></span> 
     </span>
     <span class='ocr_line' id='line_1_18' title="bbox 234 2294 1481 2381; baseline -0.002 -21"><span class='ocrx_word' id='word_1_132' title='bbox 234 2299 291 2360; x_wconf 77' lang='lat' dir='ltr'><strong>Tit.</strong></span> <span class='ocrx_word' id='word_1_133' title='bbox 299 2297 404 2358; x_wconf 82' lang='lat' dir='ltr'><em>XXV.</em></span> <span class='ocrx_word' id='word_1_134' title='bbox 416 2318 447 2358; x_wconf 82' lang='lat' dir='ltr'><strong>n.</strong></span> <span class='ocrx_word' id='word_1_135' title='bbox 459 2295 510 2358; x_wconf 80' lang='lat'><strong>20.</strong></span> <span class='ocrx_word' id='word_1_136' title='bbox 520 2316 564 2376; x_wconf 86' lang='lat' dir='ltr'><strong>sq.</strong></span> <span class='ocrx_word' id='word_1_137' title='bbox 582 2295 621 2356; x_wconf 93' lang='lat' dir='ltr'><strong>ln</strong></span> <span class='ocrx_word' id='word_1_138' title='bbox 632 2294 682 2357; x_wconf 89' lang='lat' dir='ltr'><strong>his</strong></span> <span class='ocrx_word' id='word_1_139' title='bbox 700 2294 819 2357; x_wconf 88' lang='lat' dir='ltr'><strong>scholis</strong></span> <span class='ocrx_word' id='word_1_140' title='bbox 833 2317 873 2358; x_wconf 89' lang='lat' dir='ltr'><strong>ea</strong></span> <span class='ocrx_word' id='word_1_141' title='bbox 890 2303 1020 2358; x_wconf 80' lang='lat' dir='ltr'><strong>serrata</strong></span> <span class='ocrx_word' id='word_1_142' title='bbox 1034 2295 1219 2378; x_wconf 90' lang='lat' dir='ltr'><strong>methodus,</strong></span> <span class='ocrx_word' id='word_1_143' title='bbox 1234 2305 1271 2359; x_wconf 94' lang='lat' dir='ltr'><strong>ut</strong></span> <span class='ocrx_word' id='word_1_144' title='bbox 1281 2296 1390 2381; x_wconf 91' lang='lat' dir='ltr'><strong>primo</strong></span> <span class='ocrx_word' id='word_1_145' title='bbox 1399 2318 1481 2358; x_wconf 89' lang='lat' dir='ltr'><strong>anno</strong></span> 
     </span>
     <span class='ocr_line' id='line_1_19' title="bbox 230 2401 1482 2486; baseline -0.001 -18"><span class='ocrx_word' id='word_1_146' title='bbox 230 2405 361 2468; x_wconf 89' lang='lat' dir='ltr'><strong>nonnisi</strong></span> <span class='ocrx_word' id='word_1_147' title='bbox 370 2404 412 2467; x_wconf 90' lang='lat' dir='ltr'><strong>ad</strong></span> <span class='ocrx_word' id='word_1_148' title='bbox 425 2401 718 2486; x_wconf 85' lang='lat' dir='ltr'><strong>liminalegitimae</strong></span> <span class='ocrx_word' id='word_1_149' title='bbox 730 2403 889 2465; x_wconf 90' lang='lat' dir='ltr'><strong>scientiae</strong></span> <span class='ocrx_word' id='word_1_150' title='bbox 902 2403 1166 2485; x_wconf 82' lang='lat' dir='ltr'><strong>admitterentur,</strong></span> <span class='ocrx_word' id='word_1_151' title='bbox 1176 2403 1255 2468; x_wconf 90' lang='lat' dir='ltr'><strong>dicti</strong></span> <span class='ocrx_word' id='word_1_152' title='bbox 1265 2404 1343 2467; x_wconf 90' lang='lat' dir='ltr'><strong>ideo</strong></span> <span class='ocrx_word' id='word_1_153' title='bbox 1352 2421 1482 2468; x_wconf 76' lang='lat' dir='ltr'><strong>noron-</strong></span> 
     </span>
     <span class='ocr_line' id='line_1_20' title="bbox 230 2491 1483 2597; baseline -0.002 -21"><span class='ocrx_word' id='word_1_154' title='bbox 230 2531 296 2597; x_wconf 74' lang='grc' dir='ltr'><strong>ΒΗ,</strong></span> <span class='ocrx_word' id='word_1_155' title='bbox 310 2512 403 2597; x_wconf 89' lang='lat' dir='ltr'><strong>quasi</strong></span> <span class='ocrx_word' id='word_1_156' title='bbox 422 2509 543 2574; x_wconf 90' lang='lat' dir='ltr'><strong>nullius</strong></span> <span class='ocrx_word' id='word_1_157' title='bbox 558 2510 657 2594; x_wconf 88' lang='lat' dir='ltr'><strong>pretii</strong></span> <span class='ocrx_word' id='word_1_158' title='bbox 673 2510 823 2572; x_wconf 90' lang='lat' dir='ltr'><strong>homines</strong></span> <span class='ocrx_word' id='word_1_159' title='bbox 839 2514 882 2590; x_wconf 74' lang='lat' dir='ltr'><strong>a).</strong></span> <span class='ocrx_word' id='word_1_160' title='bbox 899 2508 1053 2574; x_wconf 89' lang='lat' dir='ltr'><strong>Secundo</strong></span> <span class='ocrx_word' id='word_1_161' title='bbox 1073 2532 1160 2574; x_wconf 92' lang='lat' dir='ltr'><strong>anno</strong></span> <span class='ocrx_word' id='word_1_162' title='bbox 1176 2510 1289 2574; x_wconf 91' lang='lat' dir='ltr'><strong>Edicti</strong></span> <span class='ocrx_word' id='word_1_163' title='bbox 1303 2491 1483 2576; x_wconf 85' lang='lat' dir='ltr'><strong>audiebant</strong></span> 
     </span>
     <span class='ocr_line' id='line_1_21' title="bbox 230 2599 1481 2702; baseline 0 -21"><span class='ocrx_word' id='word_1_164' title='bbox 230 2599 552 2702; x_wconf 86' lang='lat' dir='ltr'><strong>interpretationem,</strong></span> <span class='ocrx_word' id='word_1_165' title='bbox 567 2617 654 2679; x_wconf 91' lang='lat' dir='ltr'><strong>unde</strong></span> <span class='ocrx_word' id='word_1_166' title='bbox 674 2625 708 2680; x_wconf 89' lang='lat' dir='ltr'><strong>et</strong></span> <span class='ocrx_word' id='word_1_167' title='bbox 730 2633 917 2682; x_wconf 78' lang='lat' dir='ltr'><strong>uuiurnuas</strong></span> <span class='ocrx_word' id='word_1_168' title='bbox 936 2617 1169 2702; x_wconf 84' lang='lat' dir='ltr'><strong>cognominati.</strong></span> <span class='ocrx_word' id='word_1_169' title='bbox 1197 2617 1316 2682; x_wconf 86' lang='lat' dir='ltr'><strong>Tertio</strong></span> <span class='ocrx_word' id='word_1_170' title='bbox 1333 2642 1423 2683; x_wconf 92' lang='lat' dir='ltr'><strong>anno</strong></span> <span class='ocrx_word' id='word_1_171' title='bbox 1443 2618 1481 2683; x_wconf 90' lang='lat' dir='ltr'><strong>ad</strong></span> 
     </span>
     <span class='ocr_line' id='line_1_22' title="bbox 230 2724 1483 2812; baseline -0.001 -21"><span class='ocrx_word' id='word_1_172' title='bbox 230 2727 474 2812; x_wconf 87' lang='lat' dir='ltr'><strong>praelectiones</strong></span> <span class='ocrx_word' id='word_1_173' title='bbox 489 2725 523 2788; x_wconf 90' lang='lat' dir='ltr'><strong>in</strong></span> <span class='ocrx_word' id='word_1_174' title='bbox 543 2725 669 2807; x_wconf 90' lang='lat' dir='ltr'><strong>priores</strong></span> <span class='ocrx_word' id='word_1_175' title='bbox 689 2731 765 2786; x_wconf 90' lang='lat' dir='ltr'><strong>octo</strong></span> <span class='ocrx_word' id='word_1_176' title='bbox 783 2724 886 2788; x_wconf 89' lang='lat' dir='ltr'><strong>libros</strong></span> <span class='ocrx_word' id='word_1_177' title='bbox 905 2725 1152 2811; x_wconf 89' lang='lat' dir='ltr'><strong>Responsorum</strong></span> <span class='ocrx_word' id='word_1_178' title='bbox 1167 2726 1344 2811; x_wconf 88' lang='lat' dir='ltr'><strong>Papiniani</strong></span> <span class='ocrx_word' id='word_1_179' title='bbox 1365 2727 1483 2790; x_wconf 88' lang='lat' dir='ltr'><strong>admit-</strong></span> 
     </span>
     <span class='ocr_line' id='line_1_23' title="bbox 230 2831 1482 2919; baseline 0 -20"><span class='ocrx_word' id='word_1_180' title='bbox 230 2837 397 2916; x_wconf 78' lang='lat' dir='ltr'><strong>tebantur,</strong></span> <span class='ocrx_word' id='word_1_181' title='bbox 419 2841 519 2919; x_wconf 89' lang='lat' dir='ltr'><strong>atque</strong></span> <span class='ocrx_word' id='word_1_182' title='bbox 537 2831 615 2907; x_wconf 86' lang='lat' dir='ltr'><strong>inde</strong></span> <span class='ocrx_word' id='word_1_183' title='bbox 643 2831 840 2896; x_wconf 92' lang='lat' dir='ltr'><strong>dicebantur</strong></span> <span class='ocrx_word' id='word_1_184' title='bbox 855 2851 1133 2898; x_wconf 74' lang='lat' dir='ltr'><strong>PAPINIANJSTAE:</strong></span> <span class='ocrx_word' id='word_1_185' title='bbox 1158 2856 1224 2918; x_wconf 93' lang='lat' dir='ltr'><strong>quo</strong></span> <span class='ocrx_word' id='word_1_186' title='bbox 1246 2835 1380 2898; x_wconf 91' lang='lat' dir='ltr'><strong>nomine</strong></span> <span class='ocrx_word' id='word_1_187' title='bbox 1400 2836 1482 2899; x_wconf 90' lang='lat' dir='ltr'><strong>adeo</strong></span> 
     </span>
     <span class='ocr_line' id='line_1_24' title="bbox 187 2939 1482 3028; baseline -0.001 -23"><span class='ocrx_word' id='word_1_188' title='bbox 187 2940 192 2956; x_wconf 87' lang='lat'>&#39;</span> <span class='ocrx_word' id='word_1_189' title='bbox 231 2942 293 3006; x_wconf 87' lang='lat' dir='ltr'><strong>sibi</strong></span> <span class='ocrx_word' id='word_1_190' title='bbox 307 2940 486 3026; x_wconf 84' lang='lat' dir='ltr'><strong>placebant</strong></span> <span class='ocrx_word' id='word_1_191' title='bbox 496 2941 619 3026; x_wconf 86' lang='lat' dir='ltr'><strong>jurium</strong></span> <span class='ocrx_word' id='word_1_192' title='bbox 638 2939 787 3023; x_wconf 85' lang='lat' dir='ltr'><strong>studiosi,</strong></span> <span class='ocrx_word' id='word_1_193' title='bbox 806 2949 843 3004; x_wconf 90' lang='lat' dir='ltr'><strong>ut</strong></span> <span class='ocrx_word' id='word_1_194' title='bbox 869 2941 968 3024; x_wconf 89' lang='lat' dir='ltr'><strong>diem,</strong></span> <span class='ocrx_word' id='word_1_195' title='bbox 987 2964 1053 3028; x_wconf 93' lang='lat' dir='ltr'><strong>quo</strong></span> <span class='ocrx_word' id='word_1_196' title='bbox 1079 2945 1148 3027; x_wconf 91' lang='lat' dir='ltr'><strong>ejus</strong></span> <span class='ocrx_word' id='word_1_197' title='bbox 1172 2943 1323 3006; x_wconf 89' lang='lat' dir='ltr'><strong>doctrina</strong></span> <span class='ocrx_word' id='word_1_198' title='bbox 1344 2945 1482 3027; x_wconf 91' lang='lat' dir='ltr'><strong>primum</strong></span> 
     </span>
     <span class='ocr_line' id='line_1_25' title="bbox 161 3048 1483 3134; baseline -0.001 -21"><span class='ocrx_word' id='word_1_199' title='bbox 161 3057 169 3076; x_wconf 90' lang='lat'><strong><em>‘</em></strong></span> <span class='ocrx_word' id='word_1_200' title='bbox 231 3049 363 3113; x_wconf 83' lang='lat' dir='ltr'><strong>fuerant</strong></span> <span class='ocrx_word' id='word_1_201' title='bbox 379 3048 512 3130; x_wconf 85' lang='lat' dir='ltr'><strong>initiati,</strong></span> <span class='ocrx_word' id='word_1_202' title='bbox 528 3049 645 3111; x_wconf 87' lang='lat' dir='ltr'><strong>festum</strong></span> <span class='ocrx_word' id='word_1_203' title='bbox 667 3049 928 3134; x_wconf 88' lang='lat' dir='ltr'><strong>sollemnemque</strong></span> <span class='ocrx_word' id='word_1_204' title='bbox 943 3050 1114 3114; x_wconf 90' lang='lat' dir='ltr'><strong>haberent.</strong></span> <span class='ocrx_word' id='word_1_205' title='bbox 1135 3050 1309 3114; x_wconf 87' lang='lat' dir='ltr'><strong>Bertrand.</strong></span> <span class='ocrx_word' id='word_1_206' title='bbox 1325 3052 1364 3113; x_wconf 86' lang='lat' dir='ltr'><strong>da</strong></span> <span class='ocrx_word' id='word_1_207' title='bbox 1381 3053 1483 3114; x_wconf 77' lang='lat' dir='ltr'><strong>Iuris-</strong></span> 
     </span>
     <span class='ocr_line' id='line_1_26' title="bbox 225 3155 1482 3244; baseline -0.001 -24"><span class='ocrx_word' id='word_1_208' title='bbox 225 3159 355 3241; x_wconf 69' lang='lat' dir='ltr'><strong>portal.</strong></span> <span class='ocrx_word' id='word_1_209' title='bbox 370 3156 400 3219; x_wconf 79' lang='lat'><strong>2.</strong></span> <span class='ocrx_word' id='word_1_210' title='bbox 410 3179 442 3239; x_wconf 83' lang='lat' dir='ltr'><strong>p.</strong></span> <span class='ocrx_word' id='word_1_211' title='bbox 454 3155 505 3220; x_wconf 80' lang='lat'><strong>38.</strong></span> <span class='ocrx_word' id='word_1_212' title='bbox 520 3155 648 3233; x_wconf 84' lang='lat' dir='ltr'><strong>Quarto</strong></span> <span class='ocrx_word' id='word_1_213' title='bbox 664 3178 750 3219; x_wconf 88' lang='lat' dir='ltr'><strong>anno</strong></span> <span class='ocrx_word' id='word_1_214' title='bbox 763 3155 938 3240; x_wconf 90' lang='lat' dir='ltr'><strong>Responsa</strong></span> <span class='ocrx_word' id='word_1_215' title='bbox 953 3157 1050 3220; x_wconf 92' lang='lat' dir='ltr'><strong>Pauli</strong></span> <span class='ocrx_word' id='word_1_216' title='bbox 1063 3158 1095 3220; x_wconf 90' lang='lat' dir='ltr'><strong>in</strong></span> <span class='ocrx_word' id='word_1_217' title='bbox 1105 3159 1252 3224; x_wconf 87' lang='lat' dir='ltr'><strong>manibus</strong></span> <span class='ocrx_word' id='word_1_218' title='bbox 1263 3167 1367 3241; x_wconf 83' lang='lat' dir='ltr'><strong>erant,</strong></span> <span class='ocrx_word' id='word_1_219' title='bbox 1377 3180 1482 3244; x_wconf 90' lang='lat' dir='ltr'><strong>eaque</strong></span> 
     </span>
     <span class='ocr_line' id='line_1_27' title="bbox 231 3264 1484 3353; baseline -0.001 -22"><span class='ocrx_word' id='word_1_220' title='bbox 231 3275 309 3331; x_wconf 95' lang='lat' dir='ltr'><strong>tunc</strong></span> <span class='ocrx_word' id='word_1_221' title='bbox 323 3267 385 3353; x_wconf 91' lang='lat' dir='ltr'><strong>ipsi</strong></span> <span class='ocrx_word' id='word_1_222' title='bbox 403 3265 600 3346; x_wconf 84' lang='lat' dir='ltr'><strong>recitabant,</strong></span> <span class='ocrx_word' id='word_1_223' title='bbox 617 3273 652 3327; x_wconf 92' lang='lat' dir='ltr'><strong>et</strong></span> <span class='ocrx_word' id='word_1_224' title='bbox 666 3273 733 3327; x_wconf 93' lang='lat' dir='ltr'><strong>tum</strong></span> <span class='ocrx_word' id='word_1_225' title='bbox 747 3264 942 3328; x_wconf 88' lang='lat' dir='ltr'><strong>dicebantur</strong></span> <span class='ocrx_word' id='word_1_226' title='bbox 956 3264 1065 3344; x_wconf 68' lang='grc' dir='ltr'><strong><em>λύπαι,</em></strong></span> <span class='ocrx_word' id='word_1_227' title='bbox 1084 3269 1176 3352; x_wconf 90' lang='lat' dir='ltr'><strong>quasi</strong></span> <span class='ocrx_word' id='word_1_228' title='bbox 1196 3266 1363 3330; x_wconf 88' lang='lat' dir='ltr'><strong>solvendis</strong></span> <span class='ocrx_word' id='word_1_229' title='bbox 1383 3289 1484 3352; x_wconf 90' lang='lat' dir='ltr'><strong>quae-</strong></span> 
     </span>
    </p>

    <p class='ocr_par' dir='ltr' id='par_1_8' title="bbox 232 3371 1211 3468">
     <span class='ocr_line' id='line_1_28' title="bbox 232 3371 1211 3468; baseline -0.003 -30"><span class='ocrx_word' id='word_1_230' title='bbox 232 3374 392 3468; x_wconf 74' lang='lat' dir='ltr'><strong>stionibus</strong></span> <span class='ocrx_word' id='word_1_231' title='bbox 408 3373 533 3454; x_wconf 85' lang='lat' dir='ltr'><strong>idonei,</strong></span> <span class='ocrx_word' id='word_1_232' title='bbox 552 3371 606 3434; x_wconf 94' lang='lat' dir='ltr'><strong>vel</strong></span> <span class='ocrx_word' id='word_1_233' title='bbox 629 3381 664 3436; x_wconf 92' lang='lat' dir='ltr'><strong>ut</strong></span> <span class='ocrx_word' id='word_1_234' title='bbox 682 3373 729 3437; x_wconf 90' lang='lat' dir='ltr'><strong>ait</strong></span> <span class='ocrx_word' id='word_1_235' title='bbox 741 3373 913 3436; x_wconf 87' lang='lat' dir='ltr'><strong>Juvenalis</strong></span> <span class='ocrx_word' id='word_1_236' title='bbox 929 3375 997 3436; x_wconf 85' lang='lat' dir='ltr'><strong>Sat.</strong></span> <span class='ocrx_word' id='word_1_237' title='bbox 1019 3374 1107 3436; x_wconf 88' lang='lat' dir='ltr'><em>VIII.</em></span> <span class='ocrx_word' id='word_1_238' title='bbox 1121 3396 1149 3436; x_wconf 85' lang='lat' dir='ltr'><strong>a.</strong></span> <span class='ocrx_word' id='word_1_239' title='bbox 1161 3375 1211 3436; x_wconf 83' lang='lat'><strong>50.</strong></span> 
     </span>
    </p>

    <p class='ocr_par' dir='ltr' id='par_1_9' title="bbox 183 3461 1485 3784">
     <span class='ocr_line' id='line_1_29' title="bbox 432 3461 1222 3567; baseline 0.004 -26"><span class='ocrx_word' id='word_1_240' title='bbox 432 3481 496 3557; x_wconf 75' lang='lat' dir='ltr'><strong>Qut</strong></span> <span class='ocrx_word' id='word_1_241' title='bbox 504 3483 592 3562; x_wconf 76' lang='lat' dir='ltr'><strong>juris</strong></span> <span class='ocrx_word' id='word_1_242' title='bbox 603 3481 698 3542; x_wconf 81' lang='lat' dir='ltr'><strong>nodos</strong></span> <span class='ocrx_word' id='word_1_243' title='bbox 717 3483 881 3567; x_wconf 80' lang='lat' dir='ltr'><strong>legumque</strong></span> <span class='ocrx_word' id='word_1_244' title='bbox 897 3461 1079 3566; x_wconf 76' lang='lat' dir='ltr'><strong>oenigmata</strong></span> <span class='ocrx_word' id='word_1_245' title='bbox 1091 3485 1222 3545; x_wconf 80' lang='lat' dir='ltr'><strong>solvunt.</strong></span> 
     </span>
     <span class='ocr_line' id='line_1_30' title="bbox 183 3585 1485 3678; baseline 0.001 -26"><span class='ocrx_word' id='word_1_246' title='bbox 183 3585 185 3594; x_wconf 74' lang='grc'>’</span> <span class='ocrx_word' id='word_1_247' title='bbox 232 3587 331 3652; x_wconf 90' lang='lat' dir='ltr'><strong>Unde</strong></span> <span class='ocrx_word' id='word_1_248' title='bbox 360 3596 482 3670; x_wconf 89' lang='lat' dir='ltr'><strong>errant,</strong></span> <span class='ocrx_word' id='word_1_249' title='bbox 504 3588 561 3678; x_wconf 81' lang='lat' dir='ltr'><strong>qui</strong></span> <span class='ocrx_word' id='word_1_250' title='bbox 585 3585 678 3663; x_wconf 81' lang='grc' dir='ltr'><em>λύτας</em></span> <span class='ocrx_word' id='word_1_251' title='bbox 694 3598 827 3653; x_wconf 85' lang='lat' dir='ltr'><strong>vertunt</strong></span> <span class='ocrx_word' id='word_1_252' title='bbox 853 3589 996 3654; x_wconf 89' lang='lat' dir='ltr'><strong>solutos:</strong></span> <span class='ocrx_word' id='word_1_253' title='bbox 1026 3591 1071 3653; x_wconf 91' lang='lat' dir='ltr'><strong>sic</strong></span> <span class='ocrx_word' id='word_1_254' title='bbox 1098 3589 1185 3652; x_wconf 93' lang='lat' dir='ltr'><strong>enim</strong></span> <span class='ocrx_word' id='word_1_255' title='bbox 1211 3589 1277 3654; x_wconf 92' lang='lat' dir='ltr'><strong>dici</strong></span> <span class='ocrx_word' id='word_1_256' title='bbox 1292 3590 1485 3655; x_wconf 90' lang='lat' dir='ltr'><strong>debuissent</strong></span> 
     </span>
     <span class='ocr_line' id='line_1_31' title="bbox 232 3694 1484 3784; baseline -0.002 -22"><span class='ocrx_word' id='word_1_257' title='bbox 232 3696 332 3776; x_wconf 76' lang='grc' dir='ltr'><strong><em>λύτοι,</em></strong></span> <span class='ocrx_word' id='word_1_258' title='bbox 351 3703 386 3760; x_wconf 91' lang='lat' dir='ltr'><strong>ut</strong></span> <span class='ocrx_word' id='word_1_259' title='bbox 399 3704 489 3758; x_wconf 88' lang='lat' dir='ltr'><strong>recte</strong></span> <span class='ocrx_word' id='word_1_260' title='bbox 505 3697 659 3760; x_wconf 90' lang='lat' dir='ltr'><strong>observat</strong></span> <span class='ocrx_word' id='word_1_261' title='bbox 677 3694 822 3769; x_wconf 86' lang='lat' dir='ltr'><strong>Turneb.</strong></span> <span class='ocrx_word' id='word_1_262' title='bbox 841 3700 975 3760; x_wconf 79' lang='lat' dir='ltr'><strong>Advers.</strong></span> <span class='ocrx_word' id='word_1_263' title='bbox 989 3698 1077 3759; x_wconf 89' lang='lat' dir='ltr'><em>VIII.</em></span> <span class='ocrx_word' id='word_1_264' title='bbox 1089 3697 1139 3759; x_wconf 88' lang='lat'><strong>19.</strong></span> <span class='ocrx_word' id='word_1_265' title='bbox 1165 3697 1292 3778; x_wconf 86' lang='lat' dir='ltr'><strong>Quinto</strong></span> <span class='ocrx_word' id='word_1_266' title='bbox 1310 3721 1409 3783; x_wconf 91' lang='lat' dir='ltr'><strong>anno,</strong></span> <span class='ocrx_word' id='word_1_267' title='bbox 1420 3721 1484 3784; x_wconf 91' lang='lat' dir='ltr'><strong>quo</strong></span> 
     </span>
    </p>

    <p class='ocr_par' dir='ltr' id='par_1_10' title="bbox 148 3835 1485 4097">
     <span class='ocr_line' id='line_1_32' title="bbox 148 3835 524 3882; baseline 0 -17"><span class='ocrx_word' id='word_1_268' title='bbox 148 3850 150 3854; x_wconf 91' lang='lat'><em>-</em></span> <span class='ocrx_word' id='word_1_269' title='bbox 227 3835 524 3882; x_wconf 56' lang='lat'><strong>,........-.-.·-</strong></span> 
     </span>
     <span class='ocr_line' id='line_1_33' title="bbox 302 3939 1485 4013; baseline 0.002 -17"><span class='ocrx_word' id='word_1_270' title='bbox 302 3946 333 4011; x_wconf 85' lang='lat' dir='ltr'><strong>a)</strong></span> <span class='ocrx_word' id='word_1_271' title='bbox 354 3946 490 4008; x_wconf 82' lang='lat' dir='ltr'><strong>Tempora</strong></span> <span class='ocrx_word' id='word_1_272' title='bbox 503 3943 598 3995; x_wconf 85' lang='lat' dir='ltr'><strong>miscet</strong></span> <span class='ocrx_word' id='word_1_273' title='bbox 607 3944 724 4006; x_wconf 68' lang='lat' dir='ltr'><strong>Aucton</strong></span> <span class='ocrx_word' id='word_1_274' title='bbox 742 3942 799 3996; x_wconf 85' lang='lat' dir='ltr'><strong>vid.</strong></span> <span class='ocrx_word' id='word_1_275' title='bbox 811 3960 881 4013; x_wconf 89' lang='lat' dir='ltr'><strong>quac</strong></span> <span class='ocrx_word' id='word_1_276' title='bbox 893 3946 976 4010; x_wconf 88' lang='lat' dir='ltr'><strong>paulo</strong></span> <span class='ocrx_word' id='word_1_277' title='bbox 993 3942 1146 3997; x_wconf 83' lang='lat' dir='ltr'><strong>accuratius</strong></span> <span class='ocrx_word' id='word_1_278' title='bbox 1159 3942 1217 4012; x_wconf 89' lang='lat' dir='ltr'><strong>ipse</strong></span> <span class='ocrx_word' id='word_1_279' title='bbox 1230 3943 1312 3998; x_wconf 83' lang='lat' dir='ltr'><strong>tradit</strong></span> <span class='ocrx_word' id='word_1_280' title='bbox 1322 3945 1384 3998; x_wconf 84' lang='lat' dir='ltr'><strong>Lib.</strong></span> <span class='ocrx_word' id='word_1_281' title='bbox 1397 3947 1419 3999; x_wconf 92' lang='lat'><strong>1.</strong></span> <span class='ocrx_word' id='word_1_282' title='bbox 1433 3939 1485 4000; x_wconf 75' lang='lat' dir='ltr'><strong>ma</strong></span> 
     </span>
     <span class='ocr_line' id='line_1_34' title="bbox 233 4025 723 4097; baseline -0.014 -14"><span class='ocrx_word' id='word_1_283' title='bbox 233 4031 331 4084; x_wconf 87' lang='lat' dir='ltr'><strong>xxv.</strong></span> <span class='ocrx_word' id='word_1_284' title='bbox 349 4031 371 4097; x_wconf 58' lang='lat' dir='ltr'><strong>a.</strong></span> <span class='ocrx_word' id='word_1_285' title='bbox 390 4028 489 4081; x_wconf 86' lang='lat' dir='ltr'><strong>xxu.</strong></span> <span class='ocrx_word' id='word_1_286' title='bbox 509 4025 596 4080; x_wconf 77' lang='lat' dir='ltr'><strong>Mali.</strong></span> <span class='ocrx_word' id='word_1_287' title='bbox 720 4028 723 4033; x_wconf 93' lang='lat'>·</span> 
     </span>
    </p>

    <p class='ocr_par' dir='ltr' id='par_1_11' title="bbox 231 4113 1486 4592">
     <span class='ocr_line' id='line_1_35' title="bbox 256 4113 1485 4186; baseline -0.001 -18"><span class='ocrx_word' id='word_1_288' title='bbox 256 4181 259 4186; x_wconf 24' lang='grc' dir='ltr'>Ι</span> <span class='ocrx_word' id='word_1_289' title='bbox 302 4117 334 4182; x_wconf 87' lang='lat' dir='ltr'><strong>a)</strong></span> <span class='ocrx_word' id='word_1_290' title='bbox 354 4115 458 4170; x_wconf 80' lang='lat' dir='ltr'><strong>Seneca</strong></span> <span class='ocrx_word' id='word_1_291' title='bbox 479 4113 602 4166; x_wconf 80' lang='lat' dir='ltr'><strong>Controo.</strong></span> <span class='ocrx_word' id='word_1_292' title='bbox 624 4115 663 4168; x_wconf 89' lang='grc' dir='ltr'><strong>Χ.</strong></span> <span class='ocrx_word' id='word_1_293' title='bbox 685 4119 708 4166; x_wconf 89' lang='lat' dir='ltr'><strong>l.</strong></span> <span class='ocrx_word' id='word_1_294' title='bbox 727 4113 805 4168; x_wconf 78' lang='lat' dir='ltr'><strong>Itane</strong></span> <span class='ocrx_word' id='word_1_295' title='bbox 823 4113 950 4182; x_wconf 77' lang='lat' dir='ltr'><strong>peribunt</strong></span> <span class='ocrx_word' id='word_1_296' title='bbox 971 4115 1062 4168; x_wconf 80' lang='lat' dir='ltr'><strong>decem</strong></span> <span class='ocrx_word' id='word_1_297' title='bbox 1074 4114 1189 4184; x_wconf 78' lang='lat' dir='ltr'><strong>juvenes</strong></span> <span class='ocrx_word' id='word_1_298' title='bbox 1208 4125 1322 4184; x_wconf 81' lang='lat' dir='ltr'><strong>propter</strong></span> <span class='ocrx_word' id='word_1_299' title='bbox 1340 4119 1485 4186; x_wconf 76' lang='lat' dir='ltr'><strong>dupondius</strong></span> 
     </span>
     <span class='ocr_line' id='line_1_36' title="bbox 234 4197 1486 4270; baseline 0.001 -18"><span class='ocrx_word' id='word_1_300' title='bbox 234 4201 318 4252; x_wconf 74' lang='lat' dir='ltr'><strong>duos!</strong></span> <span class='ocrx_word' id='word_1_301' title='bbox 335 4199 495 4266; x_wconf 82' lang='lat' dir='ltr'><strong>Hieronym.</strong></span> <span class='ocrx_word' id='word_1_302' title='bbox 514 4200 551 4252; x_wconf 87' lang='lat' dir='ltr'><strong>ad</strong></span> <span class='ocrx_word' id='word_1_303' title='bbox 561 4199 669 4252; x_wconf 78' lang='lat' dir='ltr'><strong>Heluid.</strong></span> <span class='ocrx_word' id='word_1_304' title='bbox 684 4217 715 4267; x_wconf 85' lang='lat' dir='ltr'><strong>p.</strong></span> <span class='ocrx_word' id='word_1_305' title='bbox 731 4204 771 4251; x_wconf 82' lang='lat'><strong>12.</strong></span> <span class='ocrx_word' id='word_1_306' title='bbox 798 4199 872 4252; x_wconf 83' lang='lat' dir='ltr'><strong>Tem.</strong></span> <span class='ocrx_word' id='word_1_307' title='bbox 898 4197 943 4250; x_wconf 86' lang='lat' dir='ltr'><strong>VI.</strong></span> <span class='ocrx_word' id='word_1_308' title='bbox 967 4199 1036 4268; x_wconf 75' lang='lat' dir='ltr'><strong>opp.</strong></span> <span class='ocrx_word' id='word_1_309' title='bbox 1059 4200 1126 4258; x_wconf 68' lang='lat' dir='ltr'><strong>Quis</strong></span> <span class='ocrx_word' id='word_1_310' title='bbox 1143 4208 1183 4264; x_wconf 81' lang='lat' dir='ltr'><strong>tc,</strong></span> <span class='ocrx_word' id='word_1_311' title='bbox 1200 4217 1257 4264; x_wconf 86' lang='lat' dir='ltr'><strong>oro,</strong></span> <span class='ocrx_word' id='word_1_312' title='bbox 1275 4202 1408 4270; x_wconf 64' lang='lat' dir='ltr'><strong>dupondio</strong></span> <span class='ocrx_word' id='word_1_313' title='bbox 1424 4217 1486 4268; x_wconf 77' lang='lat' dir='ltr'><strong>eup-</strong></span> 
     </span>
     <span class='ocr_line' id='line_1_37' title="bbox 231 4281 1486 4352; baseline 0.002 -18"><span class='ocrx_word' id='word_1_314' title='bbox 231 4281 360 4351; x_wconf 77' lang='lat' dir='ltr'><strong>putabat?</strong></span> <span class='ocrx_word' id='word_1_315' title='bbox 378 4284 413 4334; x_wconf 82' lang='lat' dir='ltr'><strong>Et</strong></span> <span class='ocrx_word' id='word_1_316' title='bbox 430 4285 541 4338; x_wconf 88' lang='lat' dir='ltr'><strong>Petron.</strong></span> <span class='ocrx_word' id='word_1_317' title='bbox 550 4301 578 4352; x_wconf 84' lang='lat' dir='ltr'><strong>p.</strong></span> <span class='ocrx_word' id='word_1_318' title='bbox 596 4287 637 4335; x_wconf 82' lang='lat'><strong>13.</strong></span> <span class='ocrx_word' id='word_1_319' title='bbox 655 4283 816 4351; x_wconf 77' lang='lat' dir='ltr'><strong>dupondium</strong></span> <span class='ocrx_word' id='word_1_320' title='bbox 834 4300 884 4349; x_wconf 91' lang='lat' dir='ltr'><strong>pro</strong></span> <span class='ocrx_word' id='word_1_321' title='bbox 902 4283 990 4350; x_wconf 86' lang='lat' dir='ltr'><strong>pretio</strong></span> <span class='ocrx_word' id='word_1_322' title='bbox 1006 4283 1138 4338; x_wconf 84' lang='lat' dir='ltr'><strong>vilissimo</strong></span> <span class='ocrx_word' id='word_1_323' title='bbox 1156 4283 1262 4352; x_wconf 83' lang='lat' dir='ltr'><strong>accipit,</strong></span> <span class='ocrx_word' id='word_1_324' title='bbox 1280 4286 1328 4338; x_wconf 91' lang='lat' dir='ltr'><strong>ubi</strong></span> <span class='ocrx_word' id='word_1_325' title='bbox 1345 4287 1486 4338; x_wconf 83' lang='lat' dir='ltr'><strong>addendae</strong></span> 
     </span>
     <span class='ocr_line' id='line_1_38' title="bbox 233 4367 1484 4436; baseline 0 -16"><span class='ocrx_word' id='word_1_326' title='bbox 233 4367 354 4420; x_wconf 88' lang='lat' dir='ltr'><strong>virorum</strong></span> <span class='ocrx_word' id='word_1_327' title='bbox 373 4369 515 4420; x_wconf 89' lang='lat' dir='ltr'><strong>doctorum</strong></span> <span class='ocrx_word' id='word_1_328' title='bbox 534 4368 745 4431; x_wconf 81' lang='lat' dir='ltr'><strong>observationes,</strong></span> <span class='ocrx_word' id='word_1_329' title='bbox 764 4375 791 4419; x_wconf 90' lang='lat' dir='ltr'><strong>et</strong></span> <span class='ocrx_word' id='word_1_330' title='bbox 803 4369 897 4436; x_wconf 86' lang='lat' dir='ltr'><strong>Cujac.</strong></span> <span class='ocrx_word' id='word_1_331' title='bbox 921 4368 1044 4422; x_wconf 78' lang='lat' dir='ltr'><strong>Observa.</strong></span> <span class='ocrx_word' id='word_1_332' title='bbox 1060 4371 1132 4422; x_wconf 86' lang='grc' dir='ltr'><strong>ΧΗ.</strong></span> <span class='ocrx_word' id='word_1_333' title='bbox 1144 4374 1187 4424; x_wconf 87' lang='grc'><strong>40.</strong></span> <span class='ocrx_word' id='word_1_334' title='bbox 1205 4371 1294 4426; x_wconf 83' lang='lat' dir='ltr'><strong>Nemo</strong></span> <span class='ocrx_word' id='word_1_335' title='bbox 1307 4387 1364 4424; x_wconf 87' lang='lat' dir='ltr'><strong>nou</strong></span> <span class='ocrx_word' id='word_1_336' title='bbox 1384 4369 1427 4422; x_wconf 88' lang='lat' dir='ltr'><strong>hic</strong></span> <span class='ocrx_word' id='word_1_337' title='bbox 1439 4369 1484 4420; x_wconf 83' lang='lat' dir='ltr'><strong>do·</strong></span> 
     </span>
     <span class='ocr_line' id='line_1_39' title="bbox 233 4452 1484 4526; baseline 0.002 -24"><span class='ocrx_word' id='word_1_338' title='bbox 233 4453 382 4519; x_wconf 75' lang='lat' dir='ltr'><strong>prehendet</strong></span> <span class='ocrx_word' id='word_1_339' title='bbox 405 4453 522 4518; x_wconf 87' lang='lat' dir='ltr'><strong>speciem</strong></span> <span class='ocrx_word' id='word_1_340' title='bbox 548 4454 695 4526; x_wconf 81' lang='lat' dir='ltr'><strong>quamdam</strong></span> <span class='ocrx_word' id='word_1_341' title='bbox 719 4453 834 4504; x_wconf 89' lang='lat' dir='ltr'><strong>monstri</strong></span> <span class='ocrx_word' id='word_1_342' title='bbox 858 4452 930 4508; x_wconf 87' lang='lat' dir='ltr'><strong>illius</strong></span> <span class='ocrx_word' id='word_1_343' title='bbox 955 4454 1123 4520; x_wconf 85' lang='lat' dir='ltr'><strong>scholastici,</strong></span> <span class='ocrx_word' id='word_1_344' title='bbox 1142 4457 1218 4524; x_wconf 89' lang='lat' dir='ltr'><strong>quod</strong></span> <span class='ocrx_word' id='word_1_345' title='bbox 1238 4456 1484 4509; x_wconf 81' lang='lat' dir='ltr'><strong>recentiorcactate</strong></span> 
     </span>
     <span class='ocr_line' id='line_1_40' title="bbox 235 4537 973 4592; baseline -0.001 -2"><span class='ocrx_word' id='word_1_346' title='bbox 235 4537 400 4592; x_wconf 86' lang='lat' dir='ltr'><strong>Pcnnalismi</strong></span> <span class='ocrx_word' id='word_1_347' title='bbox 418 4538 529 4590; x_wconf 90' lang='lat' dir='ltr'><strong>nominc</strong></span> <span class='ocrx_word' id='word_1_348' title='bbox 547 4537 699 4590; x_wconf 73' lang='lat' dir='ltr'><strong>academias</strong></span> <span class='ocrx_word' id='word_1_349' title='bbox 718 4537 861 4590; x_wconf 83' lang='lat' dir='ltr'><strong>invaserat.</strong></span> <span class='ocrx_word' id='word_1_350' title='bbox 894 4541 973 4592; x_wconf 83' lang='lat' dir='ltr'><strong>Heia.</strong></span> 
     </span>
    </p>
   </div>
   <div class='ocr_carea' id='block_1_5' title="bbox 0 0 1578 5148">
    <p class='ocr_par' dir='ltr' id='par_1_12' title="bbox 0 0 1578 5148">
     <span class='ocr_line' id='line_1_41' title="bbox 0 0 1578 5148; baseline 0 0"><span class='ocrx_word' id='word_1_351' title='bbox 0 0 1578 5148; x_wconf 95' lang='lat' dir='ltr'><strong> </strong></span> 
     </span>
    </p>
   </div>
  </div>
 </body>
</html>
