3062 5164
461 397 515 468 Da
532 399 627 467 duna
648 399 926 468 Pnormcmsun.
1247 403 1318 476 als

55 576 154 640 mani
171 575 276 660 enim,
292 595 390 660 quum
406 574 499 638 bello
514 574 659 659 aliquem
677 575 833 660 populum
849 576 1019 658 vicissent,
1035 574 1161 639 duabus
1177 575 1319 639 maxime

54 685 251 748 rationibus
266 705 338 746 cum
360 705 402 746 eo
426 683 580 766 agebant.
601 684 672 748 Aut
694 684 782 746 enirn
798 685 957 748 victoriae
982 683 1161 770 praemium
1177 705 1319 746 annuum

58 794 94 854 ei
119 791 324 875 stipendium
346 792 402 856 vel
427 792 585 856 tributum
611 793 837 876 imperabant,
860 793 948 856 unde
970 813 1083 856 census
1104 795 1232 874 cepitis:
1263 801 1320 856 aut

58 900 170 964 victos
186 902 357 965 exuebant
372 901 476 986 agris,
493 920 617 985 eosque
632 899 687 963 vel
709 902 743 963 in
759 901 926 985 publicum
942 899 1147 985 reipublicae
1162 901 1320 983 patrimo-

58 1010 152 1071 nium
168 1009 387 1092 redigebant,
403 1009 458 1072 vel
473 1008 611 1071 colonos
628 1029 671 1071 ex
687 1009 768 1072 urbe
784 1029 827 1072 eo
843 1009 1064 1091 deducebant,
1081 1008 1136 1072 vel
1152 1029 1210 1070 eos
1226 1007 1320 1071 victis

60 1116 267 1199 reddebant,
284 1125 319 1180 et
334 1137 377 1180 ex
388 1137 501 1180 eorum
518 1124 681 1200 proventu
697 1116 838 1202 aliquam
855 1127 983 1202 partem
997 1116 1204 1200 reipublicae
1219 1117 1320 1180 tribui

56 1224 248 1309 jubebant:
268 1226 325 1310 qni
347 1247 458 1288 census
482 1226 542 1288 soli
562 1224 749 1288 dicebatur:
774 1225 842 1288 Cic.
864 1227 986 1289 Verria.
1004 1227 1064 1288 III.
1078 1225 1107 1288 6.
1129 1226 1203 1287 Vs.
1230 1225 1320 1287 Petr.

64 1335 245 1396 Burmann.
261 1335 299 1396 de
312 1339 421 1416 vestig.
432 1355 504 1415 pop.
519 1335 607 1395 Iiom.
621 1333 650 1395 1.
670 1333 795 1396 Prioris
814 1334 945 1418 generis
960 1332 1077 1418 populi
1093 1334 1254 1395 tributarii
1265 1331 1320 1396 vel

63 1443 267 1524 stipendiarii
277 1443 495 1504 vocabantur:
506 1442 707 1525 posteriores
718 1445 893 1522 vectigales,
905 1442 1052 1528 quamvis
1064 1461 1131 1505 non
1143 1449 1208 1504 tam
1222 1441 1320 1504 anxie

65 1570 197 1634 semper
219 1549 395 1613 discrimen
419 1549 505 1612 inter
528 1551 684 1614 tributum
711 1558 746 1612 et
766 1550 912 1635 vectigal
940 1551 1042 1614 fuerit
1068 1552 1109 1613 ab
1133 1549 1321 1613 auctoribus

70 1661 295 1722 observatum:
317 1643 427 1743 Cujac.
445 1658 533 1720 Obss.
553 1660 621 1721 VII.
636 1658 666 1720 4.
691 1659 915 1745 Stipendiaria
935 1659 1106 1745 provincia
1129 1658 1191 1720 fuit
1208 1656 1321 1720 Gallia

70 1777 213 1846 comata,
231 1768 274 1829 de
292 1787 356 1851 qua
372 1765 508 1830 Sueton.
521 1766 582 1828 Jul.
601 1768 688 1830 Caes.
704 1789 729 1830 c.
740 1767 791 1830 25.
823 1770 951 1830 Omnem
969 1769 1122 1840 Gelliam,
1138 1787 1219 1849 quae
1237 1767 1321 1828 scite
1410 1810 1413 1816 -

71 1879 235 1956 Pyrenaeo
255 1875 448 1958 Aspidusque
462 1884 492 1936 et
506 1885 610 1937 mente
627 1876 791 1950 Cebenna,
800 1878 1045 1956 fluminibusque
1063 1876 1173 1938 liberto
1191 1883 1220 1937 et
1236 1876 1322 1937 Iibe-

67 1985 148 2044 deno
158 1988 346 2056 couniretur,
353 1993 504 2066 patetque
514 1987 645 2046 circuite
657 1985 701 2046 ed
710 1985 755 2046 dis
766 1995 798 2046 et
807 1989 910 2048 tricies
918 1993 1041 2048 centron:
1054 1985 1150 2044 millia
1155 2001 1321 2064 passuum,

64 2102 196 2172 praeter
210 2096 310 2154 soerias
332 2111 370 2153 ee
384 2092 461 2152 dene
474 2097 603 2154 meritas
626 2097 765 2154 esbr'tews
786 2097 819 2154 in
834 2097 1015 2174 prouinciae
1027 2093 1167 2171 sormam
1190 2090 1321 2172 redegit,

66 2203 156 2280 er'que
171 2201 426 2281 quadringenties
444 2204 478 2262 in
491 2203 631 2282 singulos
647 2221 746 2262 onnes
766 2200 913 2282 stipendii
926 2203 1047 2262 omnine
1066 2201 1209 2280 imposuit
1222 2200 1265 2278 ⁸).

636 2375 665 2457 ς.
685 2376 757 2441 115.

414 2493 446 2546 Ut
463 2502 489 2546 et
505 2492 642 2561 vectigalia
660 2501 686 2544 et
701 2493 835 2562 speciatim
855 2495 985 2548 decumae.

149 2593 252 2657 Aliae
275 2593 467 2677 prouinciae
488 2604 581 2658 erant
596 2593 799 2679 vectigales,
825 2615 952 2680 eaeque
974 2592 1017 2657 ex
1039 2593 1126 2678 agris
1149 2593 1212 2657 suis
1228 2593 1322 2655 deeu—
1446 2675 1449 2682 .

72 2725 145 2779 mas,
160 2725 205 2766 ex
222 2701 350 2787 pascuis
366 2707 566 2784 arrepturum,
582 2709 616 2766 et
632 2723 674 2765 ex
690 2703 859 2788 portubus,
877 2705 933 2789 qui
949 2705 1111 2768 mercibus
1127 2699 1322 2765 invehendis

78 2820 108 2874 et
128 2809 308 2876 evehendis
330 2809 506 2895 patebant,
523 2816 695 2892 portorium
711 2810 920 2896 pendebant,
938 2811 979 2875 de
1004 2813 1122 2899 quibus
1139 2811 1209 2894 jam
1226 2829 1323 2893 supra

73 2919 210 2982 diximus
226 2941 312 2981 num.
326 2917 414 2980 LIII.
430 2941 472 3000 sq.
502 2919 556 2981 Sic
572 2921 718 2982 decumas
735 2921 857 2984 dabant
873 2919 1003 2984 Sicilia:
1020 2920 1089 2984 Cic.
1111 2919 1200 2981 Verr.
1220 2919 1277 2980 III.
1293 2915 1324 2980 6.

73 3027 237 3091 Sardinia:
260 3027 333 3090 Liv.
356 3027 510 3089 XXXVI
525 3027 556 3089 2.
581 3026 709 3090 Africa:
733 3027 867 3092 Gruteri
889 3029 1048 3109 Inscripti.
1066 3043 1199 3109 p.nx11.
1225 3025 1323 3090 Asia:

38 3185 42 3190 .
77 3135 175 3198 Cicer.
195 3136 298 3217 Epist.
319 3135 362 3195 ud
382 3137 477 3198 Anio.
505 3135 540 3195 V.
557 3133 608 3196 13.
634 3133 743 3218 Syria:
767 3135 835 3199 Cic.
859 3138 978 3219 Agrar.
995 3135 1037 3196 II.
1052 3133 1103 3196 29.
1132 3133 1323 3218 Aegyptus:

71 3242 154 3306 Pliu.
164 3244 290 3326 Paneg.
299 3263 324 3304 e.
331 3241 382 3306 31.
398 3240 653 3328 Nonnumquam
668 3241 744 3305 loco
759 3243 928 3326 decumae,
943 3245 969 3308 si
985 3243 1089 3306 minus
1105 3240 1222 3303 fertilis
1239 3248 1324 3303 esset

70 3351 258 3436 provincia,
278 3349 433 3414 vicesima
453 3351 667 3436 exigebatur,
691 3349 794 3414 veluti
816 3352 856 3415 ab
873 3351 1049 3439 Hispanis:
1071 3339 1143 3414 Liv.
1159 3348 1278 3410 Xnnl.
1293 3347 1323 3409 2.

70 3461 178 3545 Saepe
204 3457 321 3542 etiam,
339 3459 514 3545 siquando
537 3458 671 3544 publica
691 3463 868 3525 necessitas
892 3468 926 3523 et
945 3461 1117 3546 angustiae
1139 3466 1323 3542 temporum

69 3571 100 3633 id
118 3569 309 3654 exigerent,
321 3567 499 3650 provinciis
515 3568 640 3632 alterae
657 3569 903 3654 imperabantur
914 3569 1072 3632 decumae
1087 3567 1173 3631 ultra
1184 3565 1324 3647 debitas,

71 3701 135 3764 quo
152 3699 232 3742 casu
248 3684 358 3739 tamen
373 3677 516 3760 pecunia
531 3698 591 3761 pro
608 3677 674 3741 illis
690 3676 880 3741 solvebatur
896 3676 1096 3741 aratoribus:
1113 3675 1181 3739 Cic.
1202 3675 1324 3738 Verrio.

70 3789 127 3848 III.
143 3785 197 3852 31.
212 3783 301 3850 unde
319 3785 418 3848 etiam
430 3787 633 3864 frumentum
652 3796 781 3861 emtum,
795 3785 874 3874 item
891 3788 1098 3848 decumanum
1114 3779 1167 3846 vel
1190 3785 1325 3864 impere-

72 3905 136 3957 tum
154 3895 339 3958 dicebatur.
355 3893 448 3957 Inter
464 3915 549 3979 quae
566 3893 646 3980 quid
660 3895 800 3976 intersit,
816 3894 915 3958 docet
930 3893 1083 3958 laudatus
1096 3891 1270 3954 Burmann.
1287 3889 1326 3950 de

75 4006 213 4086 vectigal.
229 4001 260 4062 2.
281 4001 447 4086 Exempla
460 4001 555 4087 hujus
574 4003 625 4065 rei
640 4002 735 4088 plura
751 4009 925 4066 occurrunt
941 4001 1029 4086 apud
1044 4000 1116 4063 Liv.
1132 3997 1287 4060 XXXVI.
1295 3996 1325 4058 2.

74 4111 174 4174 XXX
176 4113 248 4174 VII.
263 4110 293 4172 2.
313 4118 347 4172 et
364 4111 414 4171 50.
431 4111 535 4175 XLII.
555 4111 606 4176 31.
630 4110 738 4189 Quum
763 4132 860 4193 vero,
882 4111 991 4174 libera
1013 4108 1119 4173 adbuc
1143 4103 1325 4188 republica,

71 4217 131 4282 hae
148 4207 310 4282 decumae
326 4217 443 4282 nonin
459 4219 610 4303 pecunia,
627 4220 734 4286 sedin
751 4221 916 4285 frumento
934 4244 958 4310 a,
968 4216 1103 4303 singulis
1119 4213 1327 4278 solverentur
1413 4241 1417 4246 ·
1522 4223 1523 4283 ἶ

139 4399 177 4493 η’
191 4428 237 4478 ne
255 4395 374 4492 Savigny
392 4425 458 4477 aser
477 4427 518 4478 aa
537 4427 616 4479 nam.
637 4427 890 4498 stenemffamnq
907 4427 935 4480 sn
953 4428 980 4480 a.
999 4425 1127 4478 aaran.
1138 4423 1168 4490 s.
1186 4421 1273 4490 φησι..
1289 4421 1325 4473 n.

77 4511 115 4564 W.
133 4514 166 4565 Τ.
185 4513 235 4564 VI.
255 4528 281 4577 p.
299 4513 359 4563 348.
377 4525 437 4580 sqq.
456 4511 564 4564 Walter
577 4513 612 4566 n.
628 4513 661 4566 G.
681 4528 707 4579 p.
725 4517 885 4567 aas-228.
905 4514 945 4566 Gi.
959 4513 1070 4566 Schultz
1090 4505 1324 4563 &autonomon
1355 4524 1359 4532 ·

74 4593 97 4646 d.
116 4595 220 4648 Riimer
236 4596 257 4662 ξ.
276 4597 317 4648 70.
337 4593 423 4650 Mitt
747 4597 750 4604 '
1131 4611 1136 4638 ι
1195 4628 1199 4636 .
