3062 5156
347 351 403 422 Du
429 353 584 422 Turnus
608 353 771 423 Taenari.
796 353 1036 426 Lauinum.
1250 357 1321 428 rer

71 533 103 594 b.
121 530 150 592 4.
170 530 212 593 1).
234 529 276 592 da
296 530 384 611 legit.
402 536 461 592 tut.
486 531 546 609 (et
569 527 790 610 Justinianus,
813 527 847 592 iu
871 527 920 592 tit.
938 527 979 590 de
991 531 1168 610 fiduciaria
1188 533 1320 612 tutela).

71 637 139 704 vid.
157 637 239 702 Ans
263 633 447 718 Schulting.
468 636 513 700 ud
535 633 1075 718 vepsan.s¹ragm.11.5.p.59n
1106 637 1235 702 Huber.
1264 640 1321 701 Dt-

71 743 356 828 mmLL4Q

652 879 681 961 ς.
701 879 732 941 9.

301 995 352 1050 nrt.
373 995 444 1049 xx.
462 997 522 1048 ι..
538 995 622 1047 Astra
641 996 673 1046 aa
691 1003 778 1047 urm
796 976 882 1047 uuio
901 997 1006 1066 quanm
1024 995 1087 1051 aaa.

141 1097 337 1176 Enimvero,
361 1117 459 1181 quum
480 1116 548 1159 uon
569 1095 724 1159 deessent
749 1117 858 1175 casus,
881 1098 998 1180 quibus
1024 1105 1059 1161 et
1080 1099 1321 1166 testamentarii

73 1213 101 1268 et
112 1205 253 1289 legitimi
269 1211 394 1267 tutores
411 1202 609 1266 delicerent:
626 1203 729 1266 visum
746 1211 795 1266 est
808 1201 978 1286 Romanis,
994 1224 1081 1268 nova
1096 1205 1175 1288 lege
1190 1227 1321 1291 cavere,

73 1320 102 1373 ut
121 1311 348 1395 impuberibus
381 1318 459 1374 tunc
489 1317 615 1374 tutores
644 1333 662 1373 a
687 1310 932 1393 magistratibus
960 1329 1155 1375 mansurus.
1184 1314 1322 1378 Factum

74 1439 141 1502 ergo
158 1439 200 1482 ea
221 1418 266 1481 ‹le
291 1439 329 1482 re
349 1418 577 1503 plebiscitum,
600 1417 690 1502 quod
716 1435 812 1482 euers
832 1435 971 1481 animan
985 1418 1018 1498 ¹¹)
1045 1419 1178 1482 nomine
1199 1405 1322 1506 injure

73 1525 221 1587 laudatur.
246 1525 395 1610 Tempus
419 1525 515 1611 hujus
536 1526 622 1610 legis
644 1524 734 1590 latae
757 1525 917 1588 incertum
940 1533 1006 1607 est,
1032 1525 1095 1588 uisi
1116 1526 1225 1610 quod,
1248 1547 1322 1590 eam

77 1642 142 1695 ante
171 1653 297 1695 annum
321 1635 363 1696 ab
389 1632 431 1696 U.
455 1632 641 1699 C.1>val1·
670 1631 854 1714 conditam,
881 1631 995 1694 doceri
1022 1632 1126 1716 possit
1154 1655 1197 1696 ex
1224 1635 1322 1698 Livio

131 1887 162 1954 g)
179 1887 226 1940 De
245 1884 389 1938 fiduciaria
404 1887 505 1940 mula:
524 1884 660 1942 Gebaueri
677 1883 774 1938 Exere.
800 1884 828 1937 V.
845 1883 883 1936 ad
903 1882 971 1937 orit
989 1884 1088 1939 Institt.
1105 1901 1132 1953 p.
1150 1891 1203 1941 ³04
1218 1913 1247 1928 ·-
1260 1888 1322 1943 nasi

75 1975 97 2022 et
111 1970 245 2024 Zimuaern
264 1967 331 2021 iiber
338 1969 486 2038 fiduciaria
505 1969 605 2028 tutela,-
622 1967 651 2020 in
667 1969 775 2022 Dessen
793 1985 819 2020 u.
833 1967 973 2022 Naustetel
992 1968 1071 2023 R'o'rs.
1089 1971 1251 2024 racktlialen
1268 1973 1323 2026 Ua·

76 2056 258 2124 termeluuyen
267 2053 324 2120 fu'r
347 2052 502 2106 Wrremet.
519 2071 545 2104 a.
563 2051 664 2104 Aucti.
683 2053 761 2104 Num.
776 2055 802 2104 8.
815 2067 842 2117 p.
860 2057 1016 2106 142-154.
1035 2053 1125 2108 Haut.
1153 2056 1195 2110 Cf.
1207 2057 1327 2114 Rudorff

76 2141 112 2192 tl
126 2141 145 2206 t.
155 2145 196 2192 ³1.
215 2167 250 2176 -
269 2137 438 2191 Fiduciariae
463 2138 562 2189 tutelae
579 2151 678 2188 nomen
702 2153 738 2187 ex
756 2152 789 2188 eo
807 2151 867 2187 esse
885 2139 1045 2203 profectum,
1065 2141 1142 2208 quod
1159 2146 1186 2193 et
1204 2139 1323 2194 emanci-

76 2223 184 2291 pationes
199 2229 232 2275 et
245 2223 414 2277 eoemtiones
425 2237 488 2275 enm
499 2229 631 2274 extraneo
642 2223 781 2272 eontracta
792 2219 891 2272 tidueia
900 2223 1003 2285 tierent,
1018 2223 1080 2290 quis
1092 2223 1212 2276 dubitet!
1227 2225 1324 2293 Neque

76 2309 242 2376 repugnabo,
260 2308 382 2374 parentis
405 2323 517 2376 quoque
542 2308 654 2362 tutelam
677 2306 730 2358 boo
750 2304 860 2358 nomine
883 2319 944 2358 asse
961 2309 1125 2373 appellatam
1143 2324 1160 2360 a
1177 2310 1323 2364 veteribus.

78 2394 145 2462 (vid.
162 2394 227 2460 an.
245 2394 268 2444 Ι.
288 2393 364 2458 172).
382 2394 418 2444 At
436 2391 548 2458 proprio
567 2391 687 2461 quodam
705 2389 836 2458 loquendi
852 2405 952 2456 genere
966 2396 1109 2456 parentum
1128 2395 1213 2447 tutela
1230 2394 1324 2462 sejun-

77 2478 137 2544 gitur
154 2495 170 2531 a
187 2474 341 2530 fiduciariis
360 2474 460 2538 tutelis,
478 2475 496 2528 i.
510 2492 533 2528 e.
552 2475 586 2526 ab
604 2475 647 2538 iis,
666 2489 735 2541 quae
747 2480 887 2538 praeterea
901 2474 1052 2528 efficiuntur
1064 2483 1202 2530 eontracta
1216 2479 1324 2534 lidneia.

79 2564 108 2614 lit
122 2565 217 2614 harum
235 2561 266 2613 in
285 2575 399 2613 numero
417 2559 541 2625 inprimis
554 2562 631 2611 erant
643 2574 728 2626 quum
741 2557 865 2611 extranei
879 2560 1095 2624 manumissoris,
1113 2567 1171 2615 tum
1185 2580 1250 2617 vero
1263 2563 1324 2632 ejus

80 2651 157 2711 tutela,
173 2646 223 2700 eui
241 2661 258 2698 a
276 2643 490 2697 ootmtiomtore
507 2643 730 2696 manumissionis
743 2659 826 2696 eausa
837 2645 1021 2712 remancipata
1035 2652 1077 2700 est
1088 2648 1193 2702 muter.
1214 2650 1291 2718 (Gaj.
1304 2651 1327 2703 Ι.

84 2736 132 2784 rm
145 2733 207 2798 Uip.
225 2730 337 2798 Frnpm.
356 2729 408 2782 Xl.
420 2734 445 2782 5.
464 2729 542 2793 „Qui
559 2727 674 2780 liberum
692 2732 782 2793 eaput,
799 2729 983 2794 mancipatum
1001 2731 1054 2784 sibi
1072 2735 1114 2786 vel
1129 2739 1268 2799 aparente
1282 2736 1325 2788 vei

80 2815 327 2877 aenimtionatore,
345 2814 518 2878 manumisit,
537 2829 585 2878 per
602 2813 808 2866 similitudinem
826 2815 932 2879 patroni
950 2821 1025 2867 tutor
1043 2817 1169 2882 eliieitur,
1188 2817 1236 2886 qui
1254 2819 1325 2871 lidu-

79 2899 163 2954 eiarius
180 2906 260 2954 tutor
278 2898 457 2966 appellatur.''
484 2899 573 2961 Quem
598 2900 689 2952 locum
711 2899 781 2950 falso
799 2899 897 2964 aliegat
918 2900 1022 2956 ituatur
1039 2915 1106 2958 suae
1123 2903 1326 2958 confirmandae

79 2987 217 3038 sententiae
236 2999 330 3048 eausa,
348 2983 477 3036 nimirum
491 2983 526 3036 ab
538 2983 659 3050 Ulpiano
672 2988 814 3050 parentum
827 2984 938 3034 tutelam
953 2983 1007 3035 diei
1015 2985 1198 3052 ,fiduciariam
1211 2989 1325 3044 Frustra

79 3071 148 3123 etiam
164 3069 321 3135 Theophilo
338 3069 523 3121 testimonium
541 3068 715 3134 denuntiant,
735 3067 814 3137 quasi
832 3068 855 3120 is
871 3066 1099 3134 emancipautium
1117 3079 1263 3137 parentum
1280 3080 1325 3128 tu·

79 3157 137 3207 telae
152 3171 256 3208 nomeu
274 3155 377 3206 tribuat
393 3152 563 3216 fiduciariae,
581 3153 610 3205 iu
628 3169 668 3219 pr.
687 3153 710 3207 I.
730 3154 762 3205 de
780 3151 922 3206 curator-ib.
940 3151 996 3215 Qui
1014 3152 1124 3219 quidem
1136 3171 1212 3208 error
1227 3173 1242 3208 e
1257 3159 1326 3210 laisa

80 3241 213 3294 verbomm
241 3237 415 3292 distinctione
434 3238 584 3301 emanavit,
599 3238 658 3304 jam
687 3237 802 3304 abipso
825 3237 935 3292 Reitaio
957 3241 1092 3300 eumenia,
1110 3239 1139 3291 in
1164 3240 1281 3295 addend.
1300 3247 1327 3294 et

80 3325 219 3392 corrigend.
245 3325 278 3377 P.
295 3325 317 3378 1.
335 3331 436 3391 praem.
454 3339 482 3390 p.
500 3324 612 3378 LXIX.
649 3323 713 3376 Vid.
735 3325 893 3378 Miiblenbr.
917 3323 1049 3376 Doctrina
1069 3323 1153 3391 pand.
1184 3323 1247 3377 Vol.
1273 3325 1324 3379 111.

80 3411 97 3476 l.
112 3416 166 3465 583.
184 3415 245 3462 not.
263 3414 289 3464 7.
324 3411 412 3461 Porro
430 3407 508 3461 liberi
531 3424 642 3478 quoque
665 3409 874 3475 emancipatoris
894 3407 1029 3462 fiduciarii
1046 3410 1143 3462 tutoris
1160 3411 1222 3462 loeo
1240 3409 1327 3464 babiti

82 3496 148 3562 (Gaj.
166 3497 189 3548 l.
210 3495 284 3560 175.)
306 3510 394 3562 eoque
412 3493 473 3560 ipso
491 3494 600 3547 nomine
618 3492 742 3559 insigniti
761 3495 825 3546 sunt
852 3493 931 3560 (Vid.
950 3493 981 3546 L.
999 3498 1024 3546 4.
1042 3493 1077 3547 D.
1096 3495 1128 3545 de
1147 3493 1215 3564 lapsi.
1234 3503 1282 3548 tut.
1300 3501 1328 3548 et

81 3578 125 3631 nir.
142 3581 204 3633 inst.
224 3580 257 3630 de
267 3580 353 3648 fidae.
371 3581 433 3646 nat.)
454 3579 517 3631 Jam
534 3593 599 3631 vero
618 3584 672 3630 tres
692 3577 755 3631 illae
773 3578 930 3632 fiduciariae
948 3580 1048 3632 tutelae
1065 3579 1184 3645 species,
1202 3579 1327 3649 quamvis

82 3664 141 3718 inter
152 3681 181 3718 se
193 3680 251 3717 non
264 3679 377 3730 prorsus
389 3664 501 3728 similes,
515 3671 605 3716 mmen
617 3679 712 3716 omnes
728 3664 756 3715 in
769 3677 802 3714 eo
814 3662 1018 3727 conveniebant,
1034 3664 1108 3732 quod
1120 3667 1208 3717 multo
1220 3669 1328 3716 uteren-

83 3755 119 3803 tur
136 3753 243 3806 minore
264 3749 329 3815 jure
354 3748 629 3813 fiduciariirmtores,
647 3765 730 3818 qnam
748 3748 869 3814 legitimi.
899 3749 1011 3812 Contra
1030 3765 1129 3815 parens
1146 3745 1329 3802 manumissor

84 3838 153 3900 pleno
173 3835 314 3903 gaudebat
336 3833 520 3898 legitimorum
543 3841 664 3888 tutorum
678 3835 760 3901 jure,
779 3835 850 3886 unde
867 3839 896 3886 et
913 3849 1013 3888 nomen
1031 3834 1085 3901 ipsi
1102 3833 1269 3899 impertitum
1286 3839 1329 3886 eat

83 3921 185 3985 legioni
206 3919 316 3975 tutoris.
340 3919 382 3972 cf.
401 3920 462 3987 st.
480 3921 501 3974 L
524 3925 581 3976 172
601 3925 658 3976 176.
678 3921 710 3975 Ι..
729 3923 754 3974 ³.
772 3920 794 3986 ς.
815 3923 854 3974 ιο.
873 3920 908 3973 Ι).
926 3921 958 3973 de
981 3920 1052 3988 lepte.
1074 3927 1120 3970 tar.
1146 3918 1169 3984 ς.
1187 3933 1234 3970 un.
1254 3917 1279 3970 Ι.
1298 3918 1330 3970 de

84 4004 145 4072 lauit.
159 4013 268 4074 parent.
287 4012 335 4056 tut.
353 4006 384 4060 Ι..
402 4012 429 4060 b.
448 4006 478 4060 C.
497 4007 528 4058 de
547 4007 607 4058 dola
624 4005 702 4058 mulo.
714 4035 750 4046 -
761 4005 881 4060 Rudorn
896 4007 912 4057 l.
930 4007 948 4058 Ι.
966 4019 993 4070 p.
1009 4007 1069 4058 2³8.
1087 4017 1129 4070 sq.
1151 4000 1239 4054 Mitt.

144 4091 176 4158 b)
196 4091 311 4154 Aruns,
328 4103 384 4142 non
402 4103 522 4152 sartari,
540 4090 639 4143 dieitm
655 4091 723 4144 baec
739 4105 807 4156 gens
825 4090 899 4156 apud
917 4088 1042 4153 Livium,
1061 4087 1203 4150 Tanitum,
1222 4085 1332 4140 Cineror

83 4189 146 4240 nem,
163 4182 190 4228 et
207 4173 329 4228 maxime
347 4175 376 4230 in
393 4174 485 4230 numis
502 4179 530 4226 et
547 4175 737 4231 marmoribus.
756 4175 819 4228 vid.
834 4176 911 4228 Fulr.
929 4173 1021 4228 Ursin.
1040 4174 1072 4226 de
1082 4172 1177 4239 famil.
1193 4171 1331 4224 Romana-

84 4275 137 4312 rma
162 4279 194 4312 ex
217 4260 339 4313 numiam.
354 4275 382 4326 p.
400 4263 443 4314 42.
461 4259 522 4312 adit.
542 4260 643 4320 Pataui.
667 4262 734 4313 Erat
756 4276 788 4312 ea
811 4276 880 4326 gens
900 4261 1008 4316 Romae
1032 4256 1203 4312 nobilissima
1228 4255 1258 4308 in
1275 4261 1331 4308 tres
1386 4253 1389 4258 '

85 4345 250 4408 potissimum
269 4343 357 4396 divisa
374 4344 506 4407 lanulias,
525 4361 641 4412 quarum
660 4361 714 4397 una
732 4346 914 4412 Repetam,
938 4347 1023 4399 altera
1042 4344 1236 4404 Serranorum,
1254 4339 1333 4398 tertia

89 4427 263 4486 cabarerum
281 4443 434 4494 eognomen
451 4427 562 4483 ferebat
580 4429 676 4484 Gentis
695 4429 778 4485 totius
791 4431 889 4486 seriem
903 4429 1032 4484 adcurate
1050 4427 1125 4483 dedit
1135 4426 1194 4482 Jae.
1207 4425 1334 4480 Perizon.

88 4515 235 4568 Animadna.
254 4514 324 4568 Hirt.
342 4533 365 4568 e.
386 4520 408 4568 l.
423 4532 452 4583 p.
471 4518 513 4568 26.
531 4515 612 4568 Heln.
