3062 5164
136 407 146 426 .
226 363 299 432 8⁰⁰
344 455 346 458 Ι
390 359 572 426 naemu
596 359 672 426 Lus
696 358 724 426 Ι.
748 356 834 428 Gar.
860 359 922 426 lll.
947 359 1002 428 Dr
1026 361 1122 430 Junn
1150 361 1314 427 lrnnrco.

155 547 161 556 '
225 532 366 596 militiae
374 532 452 616 jure
468 533 619 598 obstricti
633 533 768 598 fuerunt
780 533 959 618 Romanis,
976 544 1138 620 tantaque
1164 535 1315 599 subinde
1334 534 1467 597 misemnt

226 639 369 721 auxilia,
384 649 421 704 ut
440 643 476 702 L.
491 641 640 705 Aemilio
656 642 763 725 Papo,
779 641 816 705 G.
834 643 943 706 Atilio
958 642 1094 728 Regulo
1110 643 1210 707 Gon.
1232 644 1389 706 nunciato
1403 642 1468 706 Gal·

226 748 293 811 lico
309 748 460 829 tumultu,
476 750 624 832 equitum
639 750 771 812 LXXX
780 749 895 832 millia,
917 749 1133 836 peditumque
1149 752 1255 812 1100
1266 770 1403 814 armasse
1416 771 1467 831 cos,

226 855 336 920 tradat
351 855 481 919 Plinius
496 857 581 920 Hs'rt.
593 858 671 918 Nat.
691 858 751 918 ΙΠ.
760 855 813 918 20.
833 857 991 942 Denique
1006 859 1040 920 in
1057 879 1099 920 eo
1115 879 1262 942 quoqne
1277 880 1339 943 par
1351 858 1409 920 fuit
1418 859 1467 920 la-
1501 885 1502 924 ι

226 963 370 1026 tinorum
391 963 618 1048 Italorumque
637 965 796 1045 conditio,
812 966 904 1048 quod
918 968 1051 1050 utrique
1065 987 1133 1028 nou
1152 965 1326 1029 Romanis
1342 966 1466 1027 Procon-
1501 1007 1502 1044 ,

227 1071 350 1134 sulibus
371 1080 428 1134 aut
448 1072 679 1154 Praetoribus,
703 1073 761 1136 sed
784 1073 849 1136 suis
870 1069 1113 1157 ma'gistratibus
1127 1075 1159 1154 ¹)
1186 1080 1360 1158 parerent
1384 1073 1424 1133 nt
1440 1071 1463 1132 in

226 1178 291 1242 hoc
305 1179 482 1242 inferiores
497 1179 592 1242 fuere
610 1181 755 1262 Latinis,
771 1180 861 1264 quod
877 1203 944 1245 non
964 1182 1150 1266 gauderent
1163 1168 1250 1264 jure
1267 1178 1462 1262 sull‘ragii,ad
1501 1211 1502 1264 ι

227 1287 318 1371 quod
333 1295 401 1350 tum
417 1286 547 1351 demum
562 1287 788 1372 adspirarunt,
804 1310 912 1372 quum
926 1289 1005 1373 lege
1018 1289 1111 1353 Julia
1128 1289 1299 1372 primum,
1315 1310 1355 1350 ac
1367 1285 1463 1349 deinde
1501 1287 1502 1296 ’

226 1389 354 1476 Plotia,
377 1395 511 1458 civitate
530 1395 684 1458 Romana
706 1404 817 1459 esseut
837 1397 963 1460 donati.
984 1396 1061 1473 Qua
1083 1398 1126 1461 de
1147 1419 1189 1461 re
1213 1417 1317 1480 supra
1330 1396 1358 1477 5
1371 1394 1399 1456 9.
1411 1394 1462 1475 egi-

227 1523 306 1564 mus.
320 1502 429 1566 Porro
443 1524 559 1566 nec-ea
572 1505 806 1589 praerogativa
822 1505 926 1589 gavisi
942 1514 1018 1568 sunt
1032 1504 1123 1586 ltali,
1140 1513 1190 1586 ut,
1208 1505 1271 1589 qui
1285 1502 1343 1566 vel
1355 1501 1460 1583 stirpem
1501 1561 1502 1566 ,

227 1632 271 1673 ex
286 1631 321 1672 se
344 1610 434 1674 domi
452 1611 681 1696 reliquissent,
695 1613 752 1676 vel
773 1614 981 1699 magistratus
1003 1612 1185 1697 gessissent
1205 1613 1244 1674 in
1259 1611 1382 1695 patria,
1396 1607 1460 1669 cives
1501 1697 1502 1704 ἵ

226 1717 371 1781 Romani
394 1718 524 1782 fierent.
557 1721 731 1783 Postremo
751 1741 861 1805 neque
878 1721 1063 1784 communia
1079 1742 1171 1784 sacra
1191 1719 1380 1782 babuerunt
1393 1714 1459 1791 Itali,

227 1825 381 1910 adeoque
397 1826 449 1888 bis
468 1827 566 1890 rebus
589 1827 741 1891 omnibus
759 1829 887 1892 Latinis
905 1831 1039 1893 luerunt
1057 1828 1266 1892 deteriores:
1283 1825 1355 1888 Gar.
1372 1822 1458 1905 Sigon.

228 1933 268 1994 de
282 1942 347 1994 ant.
355 1937 435 2016 jure
451 1937 523 1997 Ital.
538 1935 628 1999 122.
646 1935 826 2019 Speciatim
846 1939 1007 2022 quaedam
1024 1939 1066 2001 de
1085 1935 1254 2000 Italorum
1261 1926 1456 2018 juribusdixi-

230 2061 298 2102 mus
323 2039 391 2102 Lib.
408 2043 433 2101 Ι.
457 2044 513 2107 mr.
534 2044 639 2105 XXV.
653 2043 682 2124 5.
702 2043 731 2105 1.
753 2066 797 2126 sq.
819 2045 887 2107 Lab.
901 2048 945 2108 ΙΙ.
962 2047 1018 2109 stt.
1033 2048 1059 2108 I.
1074 2047 1102 2128 5.
1122 2045 1174 2108 15.
1199 2045 1273 2105 Lu.
1292 2042 1335 2101 Il.
1353 2038 1401 2102 ru.
1420 2033 1458 2094 Vl.

229 2148 259 2228 §.
277 2149 308 2211 2.
319 2148 386 2212 Lu.
401 2151 444 2214 II.
462 2151 519 2214 ru.
540 2151 626 2213 VIII.
641 2153 670 2234 §.
684 2151 716 2216 9.

803 2264 832 2344 5.
853 2262 906 2324 98.

420 2375 502 2428 Italia
520 2377 622 2429 ciuitate
640 2377 746 2439 donata,
764 2378 853 2431 ιιιιιὶιίι
870 2379 968 2430 eaterr's
985 2379 1074 2430 άαιιιιιι
1083 2377 1134 2446 jur
1151 2375 1293 2428 Italicum.

314 2475 599 2554 Quemadmodum
622 2499 714 2560 vero,
739 2480 978 2541 communicata
998 2499 1069 2540 cum
1089 2475 1222 2539 Latinis
1248 2475 1394 2549 civitate,
1408 2484 1455 2527 11⁰ss

230 2582 309 2646 ideo
330 2585 438 2647 statim
464 2585 645 2668 exspiravit
657 2587 713 2670 jus
735 2587 841 2649 Latii:
864 2587 913 2648 ita
938 2593 973 2647 et
988 2586 1043 2669 jus
1062 2583 1239 2666 Italicum,
1262 2583 1359 2646 etiam
1380 2591 1451 2638 creo

230 2698 397 2775 tempore,
419 2713 486 2775 quo
509 2691 588 2756 Itali
608 2692 742 2757 civitate
766 2693 881 2756 donati
897 2701 987 2775 suut,
1008 2713 1076 2755 non
1093 2692 1210 2774 desiit,
1228 2692 1289 2754 sed
1309 2688 1349 2752 ad
1366 2679 1455 2747 multas

189 2841 194 2849 -
231 2800 314 2864 alias
336 2799 488 2863 civitates
513 2802 734 2884 provinciales
761 2806 946 2886 porrectum
975 2809 1033 2862 est.
1066 2799 1120 2862 Sic
1142 2789 1414 2883 Foroaugustanis
1431 2784 1452 2844 iu

230 2907 393 2991 Hispania
401 2909 455 2992 jus
472 2907 592 2972 ltaliae
609 2909 738 2990 datum,
754 2909 867 2972 scribit
879 2907 966 2971 Plin.
983 2907 1066 2968 Har.
1082 2908 1160 2969 Nat.
1176 2910 1237 2970 ΙΙΙ.
1251 2907 1283 2968 4.
1299 2902 1386 2967 Alias
1392 2890 1453 2979 juris

230 3013 342 3078 Italici
356 3015 504 3079 colonias
516 3027 692 3082 recensent
708 3016 882 3102 Ulpianus,
898 3013 1024 3096 Celsus,
1036 3014 1150 3098 Gajus,
1163 3013 1305 3078 Paullus
1320 3011 1343 3074 J
1344 3019 1454 3070 urecon·
1501 3071 1502 3086 χ

232 3123 310 3186 sulti
326 3123 360 3187 in
375 3124 412 3184 L.
426 3125 456 3185 1.
469 3122 506 3186 L.
520 3123 550 3187 6.
565 3127 602 3188 L.
617 3126 647 3189 7.
664 3128 701 3187 L.
716 3124 745 3187 8.
762 3125 804 3186 Ι).
822 3125 862 3185 de
881 3124 1016 3196 sensis,
1033 3122 1075 3184 de
1092 3123 1211 3207 quibus
1227 3143 1289 3185 nos
1304 3115 1383 3180 infra
1395 3124 1452 3190 age·
1501 3117 1502 3148 ¹

231 3253 301 3294 mus
317 3230 511 3295 adcuratius.
537 3233 692 3298 Ceterum
709 3232 765 3296 vel
780 3233 858 3295 ideo
873 3229 937 3292 hoc
957 3230 1198 3294 observandum
1221 3237 1291 3309 est,
1307 3233 1342 3286 ut
1355 3209 1451 3284 intelli·

231 3360 362 3425 gamus,
380 3339 461 3425 quid
478 3340 513 3403 iu
525 3342 603 3424 jure
619 3348 731 3404 nostro
749 3341 792 3404 sit
805 3355 919 3404 sonum
938 3355 1121 3419 mamonis,
1145 3340 1238 3422 cujus
1255 3335 1333 3398 binc
1348 3323 1412 3392 iude
1425 3315 1451 3378 fil
1501 3337 1502 3342 ’

231 3447 369 3526 mentio,
388 3447 494 3512 veluti
510 3470 563 3530 pr.
580 3450 657 3511 Inst.
676 3449 715 3510 de
734 3448 868 3529 Usucap.
889 3453 924 3508 et
941 3445 1031 3530 apud
1045 3443 1180 3529 Ulpian.
1194 3447 1327 3525 Ftagm.
1345 3423 1452 3498 Xle·
1501 3519 1502 3532 χ

237 3552 329 3638 (Gaj.
345 3553 373 3616 Ι.
388 3552 489 3634 lm).
511 3555 588 3618 Non
610 3555 697 3617 enim
718 3555 752 3617 iu
777 3555 847 3618 sola
864 3552 963 3617 ltalia
983 3553 1019 3616 id
1040 3551 1265 3638 quaerendum
1286 3554 1350 3624 est,
1368 3534 1452 3601 sedet

233 3661 266 3724 iu
282 3661 459 3744 provinciis
476 3663 641 3745 omnibus,
660 3671 694 3726 et
712 3662 898 3728 civitatibus
916 3683 955 3725 ac
974 3661 1120 3740 coloniis¹
1133 3661 1216 3743 illis,
1234 3657 1349 3744 quibus
1366 3646 1451 3710 datum

301 3869 326 3936 l)
346 3870 473 3923 Attamen
490 3866 572 3920 etiam
589 3871 640 3920 hac
657 3868 686 3921 in
703 3887 733 3921 re
746 3868 842 3922 melior
853 3866 995 3935 aliquanto
1006 3866 1059 3920 fuit
1071 3865 1230 3919 Latinorum
1245 3856 1367 3916 conditio·
1383 3848 1452 3941 ΟΨ
1501 3899 1502 3904 .

233 3952 305 4006 enim
324 3952 416 4006 Latini
433 3968 584 4020 numquam
603 3945 748 4008 subessent
763 3951 896 4006 Romanis
913 3951 1130 4018 magistratibus:
1157 3950 1237 4002 Italia
1258 3949 1287 4001 iu
1311 3928 1450 4024 Βτιιιίιιιιψῑε

233 4038 312 4092 bellis
337 4044 415 4090 extra
441 4037 565 4092 ordinem
589 4055 796 4108 nonnumquam
820 4038 1036 4091 Proconsulibus
1058 4037 1166 4089 decreta
1193 4041 1241 4088 est.
1268 4036 1354 4097 Atque
1373 4019 1405 4116 5¹¹}
1422 4023 1451 4100 ¹⁰

233 4124 395 4190 telligendtlss
418 4124 562 4190 APP¹³¹J¹18
589 4127 620 4177 de
645 4124 719 4178 bellis
742 4125 809 4178 civil.
833 4125 857 4176 I.
880 4128 924 4176 38.
952 4113 1020 4188 ἦσαν
1043 4122 1104 4188 γάρ,
1129 4115 1164 4178 ὥς
1182 4119 1262 4179 ἔοικε,
1286 4115 1339 4165 τότε
1360 4119 1399 4156 ’‘t“
1418 4105 1450 4155 qt

233 4205 350 4267 Ἰταλίας
368 4203 497 4274 ἄρχοντες
514 4206 671 4262 ἀνθύπατοι
689 4210 758 4260 κατά
775 4211 852 4274 μέρη.
871 4209 994 4278 Adparet
1011 4208 1088 4270 suin,
1104 4215 1283 4273 tuneqaoqae
1297 4178 1450 4286 reffl'du'

235 4294 286 4346 liae
305 4292 457 4346 distributas
465 4294 554 4364 fuisse
577 4293 800 4348 Proconsulibus:
824 4297 902 4346 extra
919 4294 1042 4346 ordinem
1066 4291 1182 4354 scilicet,
1208 4289 1232 4340 si
1249 4280 1379 4340 sedifi⁰¹1¹³
1397 4259 1449 4316 ‘⁰⁵⁶¹

234 4378 393 4442 aesculum.
425 4380 471 4432 Sic
489 4380 553 4434 belli
570 4380 684 4433 Marsici
701 4385 823 4443 tempore
841 4375 1000 4429 Picentibus
1018 4391 1080 4427 cum
1097 4374 1213 4440 imperio
1230 4364 1341 4438 praefuit
1363 4356 1391 4418 Q·
1406 4347 1449 4475 ⁰2⁰

235 4462 325 4526 vilius,
342 4465 516 4533 legatumque
539 4465 563 4516 is
581 4464 676 4518 habuit
693 4462 852 4529 smmum,
876 4479 926 4514 ceu
946 4477 982 4512 cx
998 4460 1094 4514 eodem
1112 4456 1242 4511 discimus
1264 4431 1405 4517 Applfflwl
1438 4437 1450 4472 ⁰
1501 4499 1502 4528 ,

236 4545 310 4600 setta
323 4549 390 4602 civil
408 4548 433 4604 L
450 4551 504 4614 aa]
524 4550 604 4602 nee..
1501 4551 1502 4564 ι
