3062 5156
223 372 293 438 no
500 365 739 438 1111111.
767 367 865 434 xm.
891 367 1013 455 nsque
1040 371 1094 438 nn
1119 369 1198 439 xx.

223 551 257 606 et
272 541 396 619 disdraus,
408 549 443 605 et
459 543 603 606 Vindices
613 542 786 627 adpellati,
798 544 921 608 similes
934 544 1091 609 Tribunis
1103 543 1212 629 plebis
1222 543 1331 623 Rom,
1348 551 1474 608 eorum·

223 657 382 735 que-erat
406 648 515 732 plebis
534 651 611 734 jura
636 649 792 715 adversus
815 653 1023 736 magistratus
1042 653 1148 717 tueri:
1170 652 1208 714 I..
1227 673 1281 714 un.
1302 651 1335 713 0.
1357 653 1398 714 de
1419 653 1474 734 Off.

214 758 315 840 jurtd.
326 759 416 818 Alea.
435 757 535 820 Unde
549 778 606 820 eos
624 779 696 820 cum
711 771 941 844 superoperuit,
956 762 1167 840 sanatoribus
1184 762 1331 841 locorum,
1342 762 1475 821 locorum
1526 791 1527 802 .

214 863 389 946 judicibus,
411 868 551 936 arteriis,
571 864 628 948 qui
640 865 723 948 juris
743 867 877 930 dicundi
896 887 1042 930 caussae
1061 867 1247 930 Praefectis
1269 866 1383 929 Praet.
1403 865 1474 928 mit·

222 971 388 1052 tebantur,
404 991 471 1034 non
486 971 738 1038 confundendos
752 984 865 1038 monet
878 975 990 1059 Cujac.
1011 977 1158 1037 Observa.
1172 976 1232 1035 III.
1243 972 1357 1054 14¹²).
1379 972 1473 1049 Quae

222 1077 298 1140 loca
317 1099 390 1140 cum
405 1078 444 1139 J..
464 1077 494 1142 8.
512 1081 554 1140 Ι).
570 1079 609 1140 de
628 1081 696 1143 tut.
713 1093 743 1144 et
762 1091 864 1144 curat.
881 1083 966 1144 dotis
982 1083 1021 1144 ad
1039 1084 1101 1161 liis,
1120 1080 1311 1170 diligenter,
1327 1088 1365 1144 ut
1380 1079 1474 1163 solet,
1526 1151 1527 1168 χ

223 1183 398 1248 contendit
412 1183 492 1248 Ger.
508 1185 540 1248 N
543 1185 634 1251 oodt.
649 1190 688 1250 de
701 1188 820 1251 Jurs'ad.
836 1191 878 1251 II.
892 1188 922 1251 8.
932 1210 967 1270 p.
982 1188 1054 1251 162.
1098 1243 1102 1250 .

802 1363 830 1444 ς.
853 1363 904 1424 15.

271 1535 275 1542 ,
647 1476 794 1530 lastiniani
809 1495 877 1530 novo
895 1479 1050 1531 constitutio.

307 1577 464 1661 Denique
472 1578 677 1642 Justinianus
689 1579 808 1660 sanxit,
824 1580 851 1640 si
862 1578 981 1662 pupilli
999 1579 1051 1642 vel
1064 1577 1168 1642 adulti
1183 1575 1359 1640 facultates
1374 1597 1473 1662 usque

224 1685 267 1750 ad
282 1686 324 1748 D.
342 1685 465 1748 solidos
485 1686 636 1768 valeant,
654 1693 690 1749 ut
705 1685 909 1750 Defensores
931 1688 1099 1750 civitatum
1124 1707 1190 1748 una
1213 1706 1284 1748 cum
1307 1685 1474 1770 episcopo,

224 1792 280 1858 vel
302 1793 360 1856 alii
375 1793 599 1876 magistratuS,
622 1795 722 1860 etiarn
741 1815 808 1858 non
827 1801 1021 1877 exspectata
1040 1793 1208 1878 Praesidis
1227 1793 1399 1878 jussione,
1424 1792 1474 1855 vel

224 1899 390 1964 Juridicus
404 1899 651 1964 Alexandrinus
666 1906 698 1982 ¹¹)
720 1908 848 1966 tutores
865 1901 921 1966 vel
937 1899 1105 1965 cirratores
1122 1902 1254 1965 darent:
1269 1902 1307 1963 1..
1320 1901 1373 1965 30.
1392 1903 1425 1963 0.
1441 1902 1475 1962 de

225 2009 331 2090 Epiro.
346 2009 421 2070 aad.
436 2008 464 2089 §.
480 2009 510 2070 ὅ.
525 2009 603 2070 Inst.
620 2009 658 2070 de
671 2011 747 2071 Atil.
765 2018 822 2071 tut.

801 2149 829 2231 g.
851 2148 902 2211 16.
934 2181 936 2187 ι

675 2261 784 2316 tiaratae
801 2263 941 2316 maltorum
959 2265 1041 2334 oripo.

310 2367 406 2430 Haec
422 2363 583 2430 tralatitia
598 2371 681 2426 sunt.
702 2363 948 2449 Antiquitatum
964 2386 1045 2428 vero
1065 2363 1218 2428 studiosis
1238 2383 1338 2447 porro
1358 2369 1410 2426 est
1423 2365 1478 2426 ob·
1526 2403 1527 2438 3

227 2474 441 2554 servandum,
459 2493 525 2536 non
549 2470 653 2534 solum
668 2475 806 2554 pupillos
829 2473 972 2554 tutelae,
984 2475 1060 2558 jure
1083 2473 1190 2536 veteri
1210 2471 1386 2556 Romano,
1409 2463 1478 2534 sirb-

227 2580 345 2660 fuisse,
368 2578 426 2641 sed
450 2588 485 2642 et
507 2595 654 2643 nummus
675 2583 719 2660 ⁰).
749 2581 794 2642 Et
815 2579 957 2643 Athenis
980 2579 1113 2666 quidem
1137 2571 1226 2643 idem
1246 2579 1319 2642 fieri
1344 2601 1478 2643 consue·
1526 2637 1527 2640 ,

229 2694 338 2768 verat,
368 2686 425 2749 ubi
445 2687 517 2750 noti
541 2686 712 2750 mulierum
733 2695 875 2770 tutores,
899 2708 983 2772 quos
1003 2695 1128 2772 κυρίους
1150 2687 1377 2772 adpellabant.
1405 2685 1478 2750 Vid.

229 2794 318 2860 Guil.
331 2792 461 2857 Budaei
477 2797 643 2856 Commeat.
658 2798 769 2858 Gracc.
781 2800 879 2878 lingo.
887 2818 922 2877 p.
932 2795 982 2858 44.
990 2795 1042 2860 45.
1055 2796 1204 2859 Pfeiffer.
1220 2800 1351 2877 Antt'qu.
1370 2797 1478 2858 Graec.

196 2887 204 2902 ⁶
228 2904 287 2966 IV.
302 2903 331 2964 5.
344 2925 378 2986 p.
394 2901 465 2965 616.
487 2900 623 2965 Salmas.
646 2905 685 2966 de
699 2905 778 2966 mod.
796 2924 925 2966 usuror.
939 2924 964 2964 e.
979 2902 1009 2963 4.
1020 2924 1054 2984 p.
1071 2903 1145 2978 165ι
1165 2903 1253 2966 Sane
1268 2901 1356 2964 enim
1373 2902 1410 2966 in
1427 2923 1479 2964 ne-

230 3010 329 3094 gotiis
345 3011 494 3074 omnibus
520 3011 684 3074 afeminis
703 2991 839 3076 Graecis
860 3008 1158 3092 adhibendi-erant
1177 3017 1320 3073 tutores:
1341 3009 1412 3073 Cic
1427 3031 1479 3092 pro

229 3120 334 3181 Haeo.
347 3117 397 3180 30.
410 3115 561 3202 [Πίσωνι.
576 3127 685 3180 nostra
700 3120 865 3181 demerito
883 3127 940 3182 tut.
956 3121 1013 3180 vel.
1029 3124 1130 3182 curat.
1148 3119 1232 3199 legit.
1247 3138 1273 3178 c.
1288 3114 1318 3177 l.
1333 3118 1363 3198 ἓ.
1378 3117 1410 3180 8.
1425 3115 1479 3200 sp]

231 3225 317 3289 adeo
334 3233 369 3288 ut
385 3224 579 3288 contrahere
592 3245 660 3288 non
675 3232 810 3308 possent
824 3225 894 3290 sine
911 3225 977 3288 illis
993 3230 1073 3308 πέρα
1087 3223 1233 3307 μεδίμνου
1249 3229 1383 3307 κριθῶν,
1399 3229 1480 3287 ultro

299 3431 342 3498 m)
363 3431 512 3484 Observata
528 3437 618 3486 tamen
637 3429 795 3492 differentia,
812 3435 851 3495 ut,
868 3431 893 3484 si
906 3419 1051 3484 Praesides
1063 3430 1117 3496 ipsi
1131 3434 1235 3482 tutores
1250 3429 1354 3494 darent,
1368 3428 1399 3482 id
1413 3431 1481 3482 fieret

231 3533 294 3570 eum
314 3515 499 3585 inquisitione:
524 3516 567 3570 sin
592 3515 768 3584 magistratus
790 3514 987 3583 municipales,
1008 3533 1071 3568 cum
1088 3513 1275 3570 satisdatione.
1306 3513 1371 3578 Qua
1399 3514 1434 3567 de
1457 3529 1481 3566 re

231 3603 311 3656 infra.
330 3601 411 3653 Heia.
458 3605 462 3611 ’

300 3687 343 3752 11)·
354 3685 471 3738 Suberat
487 3685 531 3737 hic
542 3681 685 3737 Praefecto
699 3685 844 3754 Augustali
856 3679 988 3754 Aegypti:
1007 3686 1106 3739 Strabo
1118 3682 1176 3738 Lib.
1195 3681 1294 3736 XVII.
1304 3699 1335 3750 p.
1350 3685 1428 3735 114⁷.
1441 3678 1482 3748 qui

231 3776 259 3823 et
276 3771 418 3834 observat,
436 3783 499 3820 eum
524 3783 580 3820 non
605 3770 806 3835 Alexandriae,
824 3771 874 3824 sed
898 3771 1042 3824 universae
1065 3773 1191 3836 Aegypto
1211 3767 1258 3835 jus
1283 3765 1483 3819 dixissemus

231 3855 372 3909 luridicus
388 3852 524 3920 Aegypti:
551 3854 659 3908 Gruter.
677 3855 764 3910 Inrer.
778 3875 809 3926 p.
828 3871 979 3908 eeerrrrrr.
997 3862 1022 3910 4.
1041 3855 1137 3910 habuit
1153 3853 1221 3922 legis
1241 3852 1395 3906 actionem:
1412 3853 1446 3904 1..
1465 3856 1484 3902 1.
1526 3841 1527 3852 ’

233 3941 269 3994 D.
288 3941 320 3992 da
343 3939 422 4008 offic.
437 3939 538 3992 ·Jurr’d.
561 3941 659 3992 tutoris
676 3942 828 4005 dationem,
847 3941 879 3993 L.
897 3945 922 3994 2.
941 3943 976 3994 D.
995 3943 1051 3994 rod
1070 3947 1098 3994 et
1115 3939 1227 3993 donatio
1245 3938 1321 4003 apud
1340 3953 1408 3990 cum
1425 3935 1484 3990 insi·

232 4025 312 4078 nuari
330 4029 450 4089 poterat:
469 4024 501 4074 L.
518 4041 563 4075 un.
585 4024 613 4076 Ο.
633 4027 689 4079 eod.
708 4029 745 4078 tit.
764 4027 842 4078 Conf.
860 4027 969 4080 Reines.
990 4029 1077 4080 Inser.
1097 4024 1153 4078 XI.
1172 4027 1214 4077 26.
1244 4023 1325 4074 Heia.

302 4111 334 4175 o)
354 4107 510 4160 Novissime
529 4109 600 4161 huno
618 4109 787 4177 antiquitatis
806 4113 906 4178 locum,
924 4113 968 4166 oui
988 4120 1015 4164 et
1031 4111 1113 4178 ipsie
1127 4110 1199 4176 Gajo
1213 4123 1285 4160 nova
1297 4109 1348 4158 lux
1365 4103 1485 4166 adfulsit,

234 4195 342 4262 egregie
360 4194 564 4256 illustraverunt
582 4211 636 4248 von
655 4196 774 4261 Savigny
792 4197 907 4266 Beitray
925 4217 979 4249 zar
999 4195 1155 4250 Gerelielta
1171 4195 1220 4244 der
1237 4187 1486 4255 Gerellcelrtstqfeh

235 4279 364 4335 Zoitrclrr.
373 4279 403 4347 s.
418 4281 503 4348 petel.
525 4280 561 4332 R.
586 4281 626 4334 W.
644 4283 675 4333 Τ.
693 4281 743 4334 ΙΙΙ.
761 4283 844 4336 Num.
863 4287 904 4336 10.
921 4299 948 4348 p.
965 4283 1131 4336 sas-348.
1142 4276 1340 4330 vonLiihrvon
1353 4276 1404 4328 der
1416 4268 1488 4324 duret

235 4363 301 4417 iiber
325 4363 442 4428 Weiler,
459 4365 690 4430 itremffZweete,
708 4366 783 4418 ihrer
805 4367 981 4434 Fortltldunp
1003 4367 1060 4418 aad
1080 4367 1138 4416 dem
1169 4361 1371 4416 Veratianum
1394 4355 1487 4412 derret·

117 4459 121 4472 ¹
236 4449 300 4510 dea:
323 4451 352 4504 in
375 4451 481 4504 Dessen
505 4449 615 4516 Manat.
638 4451 1054 4518 T.111.Num.12.p.407-
1067 4454 1127 4506 432
1148 4447 1239 4504 Haut.
1261 4446 1386 4500 Rudord
1399 4447 1418 4498 l.
1437 4445 1452 4495 Ι.
1469 4440 1487 4492 1.

236 4535 257 4604 s.
275 4539 300 4588 c.
321 4534 408 4590 Matr.
