3130 5148
504 347 707 420 Psamamo
731 349 930 424 Hessossr.
1220 365 1225 376 '
1289 379 1346 430 xv

84 527 119 592 In
141 527 320 613 utriusque
343 524 477 610 negem
494 523 688 619 moietttem
711 527 828 594 vocavi
849 527 965 594 Virum
986 527 1208 614 Clarissimum
1232 533 1344 618 deque

83 636 198 700 litteris
215 645 254 699 et
270 633 466 700 academica
486 651 554 698 uon
566 634 671 698 miuus
688 653 785 717 quam
799 633 1001 702 scholastica
1020 636 1229 704 institutione
1244 660 1344 725 egres

85 742 134 826 gie
156 743 337 824 meritum,
366 743 413 804 Jo.
437 740 635 804 anisacar.
663 741 810 815 Roaiam,
833 741 1072 828 Philosophiae
1093 745 1277 815 Doctorem
1308 759 1343 816 et

85 850 224 915 Scholae
241 849 497 928 Nicolaitanee,
521 867 607 931 quae
622 847 757 931 Lipsiae
780 847 887 931 floret,
904 850 1098 938 Collegam,
1119 855 1213 940 eujus
1233 856 1343 922 iucre-

84 957 217 1022 dibilem
247 959 285 1022 in
307 957 373 1020 hoc
395 975 530 1042 penere-
545 953 727 1020 sollertiam
753 964 853 1040 atque
883 979 1037 1024 summam
1058 960 1251 1028 industriam
1269 965 1342 1049 jans

83 1086 139 1150 per
153 1066 258 1130 aliam
273 1062 572 1150 opportunitatem,
587 1081 689 1146 quum
697 1061 848 1126 Manuali
861 1064 1077 1133 Basilicarum
1094 1091 1114 1132 a
1131 1088 1184 1132 me
1202 1071 1340 1156 ssslguto

83 1173 301 1259 praefandum
318 1179 416 1251 esset,
432 1170 565 1234 memini
580 1189 600 1234 a
614 1189 667 1234 me
679 1167 813 1253 publice
827 1170 1000 1238 celebrari.
1023 1175 1199 1261 Quumque
1216 1199 1342 1264 operae

83 1282 236 1366 scriptori
259 1289 376 1344 nostro
399 1280 557 1342 hacteuus
575 1275 820 1360 impendendae
842 1277 968 1362 duplex
990 1291 1080 1346 esset
1098 1283 1201 1350 ratior
1223 1286 1341 1370 altera,

83 1389 218 1475 quaein
242 1390 346 1473 ipsius
366 1391 590 1452 contextuset
605 1392 754 1450 notarum
777 1385 929 1452 eumdem
945 1390 1190 1473 respicientium
1207 1392 1341 1478 dispun-

83 1500 190 1562 ctione
209 1497 371 1561 adcurate
382 1501 590 1568 versaretur3
613 1491 841 1578 alternaeque
863 1494 966 1580 longe
981 1495 1170 1581 molestior,
1186 1519 1291 1586 quaa,
1313 1505 1341 1568 si

81 1625 145 1668 nou
160 1605 289 1685 omnia,
304 1601 465 1687 pleraque
487 1608 599 1667 tamen
613 1608 780 1665 aucturam
797 1603 837 1665 iu
854 1603 964 1686 primia
986 1611 1134 1670 setarum
1150 1607 1339 1674 stallorum

82 1711 292 1797 antiquitatis
311 1716 604 1774 monumentorum
628 1708 817 1774 testimonia
841 1710 883 1774 ab
906 1711 1340 1784 &inemendationem

82 1822 138 1885 snb
152 1819 311 1884 incudem
335 1825 481 1898 vocaret,
495 1823 530 1880 et
547 1814 728 1881 tralatitios
746 1833 877 1880 errores
892 1817 926 1882 iu
944 1819 985 1885 iis
997 1819 1174 1886 laudandis
1189 1826 1340 1893 commis·

81 1949 131 1993 sos
147 1926 337 1992 emendare·
347 1925 511 1990 studeret:
522 1931 671 1990 neutram
689 1923 822 2008 quidem
839 1924 970 2008 defugit
980 1927 1053 1993 Viri
1067 1928 1246 1997 Clarissimi
1260 1953 1340 2016 pro-

80 2057 200 2121 pensus
218 2035 263 2100 ad
280 2031 583 2120 juvandaelitteras
599 2032 742 2112 animus«
752 2030 811 2096 sed
827 2052 934 2115 paene
949 2041 1038 2100 totus
1051 2037 1085 2100 in
1100 2058 1145 2102 eo
1161 2038 1340 2106 adlabora-

80 2147 136 2225 rit,
150 2151 190 2207 nt
204 2143 339 2228 singula
352 2142 427 2206 loon
442 2141 476 2206 in
492 2139 557 2206 tuis
575 2138 707 2206 sedibus
723 2150 909 2224 quaereret,
926 2141 1007 2206 vitia
1023 2143 1205 2228 innumera,
1219 2150 1338 2232 quibus

82 2251 320 2337 adlegationes
330 2248 466 2314 inlibro
477 2257 591 2314 nostro
607 2247 739 2327 obviae,
751 2248 821 2314 sive
838 2257 872 2312 nt
894 2249 1031 2331 primum
1049 2268 1068 2314 e
1084 2251 1211 2318 calaum
1223 2263 1339 2320 aucto-

80 2361 119 2423 ris
141 2359 362 2445 prodierunt,
385 2364 576 2441 corruptae,
600 2356 689 2436 sive,
712 2357 843 2439 quoties
862 2364 1109 2439 repeterentur,
1130 2359 1339 2430 deformatae
1431 2411 1435 2418 -

80 2469 231 2548 fuerant,
245 2465 404 2548 tolleret,
420 2463 575 2530 meliores
587 2464 749 2528 lectiones
772 2463 983 2547 scriptoribus
1003 2467 1171 2535 ¹ueteribus
1188 2491 1207 2532 a
1222 2478 1338 2536 oosuo

79 2578 109 2640 iu
131 2575 295 2640 auxilium
319 2574 461 2654 voeatis,
477 2571 774 2656 praestantiorum,
794 2571 912 2655 quibus
932 2569 1096 2662 hodierna
1118 2586 1210 2641 setar
1231 2578 1340 2646 ahuue

79 2683 357 2768 dat,'editiouuor
380 2699 446 2764 ope
469 2671 680 2760 restitueret,
694 2686 749 2760 et,
771 2687 928 2764 quantum
949 2680 1022 2762 fieri
1045 2694 1174 2767 posset,
1191 2686 1337 2770 capitum

79 2794 236 2878 cujusque
260 2789 341 2853 libri
363 2787 563 2852 mentionem
581 2807 600 2850 e
616 2787 855 2852 reaentioribue
877 2787 1040 2872 exemplis
1054 2791 1234 2874 suppleret
1257 2793 1338 2874 Quo

77 2921 154 2963 sane
169 2899 307 2963 nomine
323 2914 376 2959 me
387 2895 473 2959 Viro
489 2895 626 2978 Optimo
640 2903 734 2958 tanto
749 2894 854 2978 magis
872 2894 1060 2963 devinctum
1076 2919 1148 2962 esse
1164 2901 1334 2985 profiteor,

77 3029 140 3092 qno
157 3007 269 3069 miuus
282 3005 348 3069 dici
369 3011 491 3088 potest,
507 3009 664 3087 ornatum
687 3002 789 3069 taedii
805 3012 907 3086 atque
924 3001 1125 3070 incommodi
1147 3008 1211 3091 ipsi
1231 3011 1335 3074 fuerit
1426 2995 1429 3002 ⁴

76 3115 107 3179 iu
129 3115 195 3178 hac
215 3133 254 3176 ra
276 3108 939 3196 utcumque‹perficiendadevoraudum,
962 3131 1096 3195 quoque
1111 3115 1231 3178 certius
1253 3137 1335 3181 con*

76 3223 153 3305 fido,
169 3223 266 3303 fore,
282 3228 342 3302 ut,
355 3219 383 3284 si
397 3217 476 3303 qnid
498 3217 578 3284 honi
593 3216 669 3282 huie
691 3235 800 3282 novae
814 3217 955 3284 editioni
973 3217 1081 3284 inesse
1104 3222 1280 3286 statuerint
1297 3225 1338 3301 ii,¹

76 3331 193 3416 quibus
217 3336 269 3394 est
283 3325 459 3412 judicandi
479 3325 522 3392 de
547 3346 597 3390 ea⁸
609 3324 762 3400 facultas,
778 3325 814 3388 id
834 3326 1013 3410 praecipue
1029 3336 1199 3412 acceptum
1219 3329 1333 3396 ferant

75 3437 293 3502 inexhaustae
319 3434 518 3518 diligentiae
540 3432 615 3500 Viri
638 3431 838 3514 Clarissimi,
866 3455 964 3518 quem
987 3434 1050 3500 etsi
1078 3435 1112 3499 iu
1139 3457 1180 3500 ee
1199 3440 1331 3523 negotii
1396 3501 1404 3524 ι

74 3555 169 3630 parte
184 3540 447 3609 administranda
468 3563 535 3606 uon
557 3561 690 3629 prorsus
705 3539 852 3622 deserui,
875 3548 983 3608 tamen
1007 3563 1074 3610 nou
1097 3563 1227 3628 possum
1250 3548 1329 3632 quin

74 3654 144 3739 ejus
155 3660 373 3738 sequestrem,
390 3652 459 3718 siue
475 3650 566 3735 cujus
581 3647 706 3714 auxilio
722 3667 836 3731 parum
847 3658 904 3714 ont
922 3649 1006 3716 nihil
1017 3652 1211 3735 profecisset
1225 3675 1330 3740 opera
1406 3707 1409 3712 .

74 3783 92 3824 a
107 3781 160 3826 me
181 3760 258 3845 ipso
271 3760 307 3822 iu
324 3759 525 3824 manemus
541 3759 809 3841 impensu-grata
824 3763 935 3820 urente
957 3759 1165 3843 adgnoscam.
1180 3762 1253 3828 Nec
1268 3764 1330 3828 mi-

74 3889 134 3930 nor
147 3870 243 3930 Ress's’
256 3867 322 3934 fait-
334 3867 369 3932 in
387 3863 703 3950 singulis-plagulis,
717 3863 795 3928 dum
814 3865 901 3949 typis
917 3868 1198 3952 exscriberentur,
1214 3889 1331 3936 emen·

73 3975 190 4039 dandis
211 3981 342 4040 cureat
363 3971 555 4056 vigilantia,
572 3988 669 4056 ¹quae
692 3971 823 4058 etipsa
845 3970 918 4055 plus
942 3974 1054 4039 attulit
1078 3976 1250 4042 molestiae
1273 3999 1327 4061 eo,

73 4083 162 4166 quod
176 4103 263 4167 opus
284 4093 352 4146 uon
364 4081 520 4166 ¹Lipsiae,
542 4078 602 4147 sed
616 4079 828 4146 Fraueofurti
849 4079 884 4142 iu
897 4080 1030 4148 officina
1049 4083 1246 4148 redemtoris
1263 4108 1327 4150 no-

71 4190 229 4255 bilissima
244 4189 342 4275 prelo
358 4189 618 4273 estsubjeotum3
640 4187 864 4272 magnolihri',
883 4189 974 4272 quod
989 4189 1135 4254 habitum
1153 4200 1325 4260 externum

71 4299 203 4381 attinet,
213 4297 401 4384 commodo,
417 4296 548 4378 minori,
558 4304 714 4390 quantum
730 4295 772 4360 ad
788 4315 917 4364 errores
934 4283 1202 4380 typographicos,
1216 4323 1236 4364 a
1249 4302 1326 4387 qui·

72 4406 129 4470 bus
144 4408 191 4470 ob
200 4406 352 4472 locorum
368 4405 568 4487 distantiam,
583 4403 672 4482 omni
688 4404 836 4489 quamvis
853 4403 1146 4485 circumspectione
1162 4407 1324 4490 adhibita,

70 4533 135 4576 uon
157 4535 288 4600 semper
303 4513 423 4578 caveri·
438 4513 556 4597 potuit.
579 4511 646 4578 Sed
663 4520 699 4576 ut
721 4511 820 4579 etium
838 4511 883 4576 de
904 4509 1004 4592 ipsius
1020 4521 1195 4578 contextus
1210 4537 1248 4580 ac
1262 4538 1335 4580 uo·.
