3040 5164
285 383 340 452 Du
365 386 521 454 Usucn.
547 384 602 452 Er
627 383 740 454 Lonar
765 383 883 454 Tuum.
911 385 1083 454 Pssuson.
1238 391 1309 460 383

644 563 674 644 5.
694 564 724 622 r.

342 664 401 716 Lex
418 662 510 716 Atinio
527 663 559 716 de
577 663 736 732 Μοιρέων
753 679 845 714 rernm
853 661 1032 728 surnbsrunr.
1053 647 1056 654 Δ

144 762 244 840 Quod
260 785 339 828 vero
361 763 418 826 lex
433 763 508 828 XII
530 763 713 828 tabularum
735 785 841 828 rerum
864 763 1056 828 furtivarum
1079 764 1310 848 usucapionem

65 872 219 954 inhibuit,
238 871 274 934 id
297 871 338 934 de
361 872 435 956 ipso
452 878 576 935 tantum
600 874 672 936 fure
688 873 820 936 videtur
840 871 1065 949 intellectum,
1085 887 1188 956 usque
1204 873 1246 936 ad
1261 872 1312 936 le-

66 1003 137 1065 gem
151 997 316 1062 aurursus,
336 1001 401 1064 qua
416 980 554 1064 primum
571 990 717 1060 cautum,
733 990 771 1042 ut
784 981 867 1062 qnod
882 982 1062 1061 subreptum
1077 989 1166 1052 esset,
1182 983 1251 1062 ejus
1265 984 1317 1043 rer·

67 1101 191 1152 aeterua
206 1097 289 1152 esset
301 1092 483 1161 auotoritas,
499 1092 564 1150 m'st
574 1094 605 1151 ri
617 1093 650 1152 in
665 1092 744 1171 ejece,
761 1093 815 1150 oui
830 1090 1010 1168 subreptum
1025 1097 1115 1160 esset,
1126 1097 1312 1168 potestatem

67 1201 249 1260 revertisset.
271 1196 324 1258 lta
341 1195 470 1258 Gellius
484 1195 589 1258 Nocet.
607 1199 674 1258 An.
691 1196 795 1257 XVII.
813 1195 843 1256 7.
866 1193 1001 1258 Paullus
1021 1194 1059 1255 L.
1076 1194 1107 1256 4.
1124 1195 1153 1276 §-
1168 1195 1199 1258 6.
1217 1198 1257 1257 D.
1274 1198 1313 1258 de

65 1307 179 1385 Ususp.
195 1312 227 1366 et
241 1325 371 1384 usucap.
388 1301 540 1366 Julianus
554 1303 592 1364 L.
608 1302 658 1366 33.
670 1324 722 1384 pr.
736 1303 778 1362 D.
793 1304 859 1365 eod.
880 1302 1013 1367 Incerta
1033 1309 1084 1364 est
1103 1300 1188 1386 legis
1210 1313 1312 1386 aetas,

68 1413 126 1474 nisi
141 1411 229 1496 quod
245 1419 323 1474 ante
339 1410 546 1492 Scaevolam,
564 1411 718 1490 Brutum,
735 1418 770 1476 et
785 1409 969 1490 Manilium,
985 1418 1022 1474 ut
1038 1418 1072 1473 et
1086 1409 1124 1472 P.
1141 1411 1311 1494 Nigidium

69 1521 161 1584 latam
185 1519 284 1582 fuisse
311 1540 354 1582 ox
378 1518 492 1582 Gellio
519 1526 656 1582 constat.
687 1519 868 1581 Praeterea
886 1519 957 1602 jaro
979 1517 1097 1582 Cicero
1120 1518 1154 1580 in
1176 1519 1266 1582 Verr.
1287 1521 1313 1581 1.

73 1627 148 1690 642.
163 1628 233 1712 ejus
249 1627 406 1690 meminit.
425 1626 525 1690 Unde
540 1647 607 1688 non
623 1625 797 1690 admodum
815 1650 834 1690 a
849 1626 989 1689 veritate
1007 1625 1166 1689 abludere
1183 1627 1314 1690 videtur

73 1739 251 1822 conjectura
275 1733 388 1818 Steph.
407 1733 485 1798 Vin.
507 1733 637 1817 Pighii,
653 1737 772 1796 Annal.
792 1734 823 1794 Τ.
846 1735 887 1795 ΙΙ.
898 1753 931 1814 p.
946 1733 1017 1795 255.
1041 1733 1151 1818 legem
1172 1733 1256 1798 bano
1271 1734 1313 1797 A.

75 1844 112 1906 U.
127 1843 157 1906 G.
172 1860 262 1908 uuvs.
286 1846 326 1921 (s.
341 1847 460 1923 uuvu.)
488 1840 571 1924 Cajo
597 1841 756 1905 Cornelio
779 1841 931 1928 Cethego
955 1849 989 1904 et
1005 1840 1045 1918 Q.
1061 1841 1206 1905 Miuutio
1221 1842 1312 1906 Ruso

52 1993 54 1997 -
73 1952 153 2016 Coss.
175 1976 195 2015 a
223 1952 260 2014 C.
281 1949 398 2013 Atinio
422 1949 581 2012 Labeone
609 1949 759 2014 Tribuuo
783 1950 891 2034 plebis
914 1949 1015 2012 latam
1039 1949 1255 2012 existimantis
1270 1951 1314 2030 i).

71 2062 179 2124 Exstat
198 2059 303 2122 Andr.
320 2058 461 2123 Pulvaei
477 2057 572 2120 Liber
592 2061 766 2139 sr'ngularis
786 2061 829 2120 ad
847 2061 947 2141 legem
960 2059 1117 2131 Atiniam,
1135 2080 1192 2120 seu
1212 2060 1252 2120 ds
1268 2063 1317 2120 rei

63 2170 198 2246 furtrbae
219 2169 377 2250 prolubtta
405 2170 608 2236 alienatione,
635 2165 690 2249 qui
713 2163 821 2227 editus
843 2167 948 2227 Paris.
971 2163 1001 2227 8.
1024 2163 1116 2226 1558.
1139 2173 1256 2248 postea
1279 2165 1313 2227 in

74 2278 190 2338 Oceano
209 2275 295 2338 Iuris
317 2274 372 2338 vel
400 2275 551 2336 tinctula
573 2282 767 2335 tractatuum
791 2273 823 2336 Τ.
846 2273 952 2334 XVII.
972 2273 1036 2333 Vol.
1053 2271 1176 2333 XXIV.
1195 2294 1227 2352 p.
1241 2271 1314 2336 216.

71 2405 107 2446 ae
123 2375 262 2467 denique
278 2383 312 2446 in
332 2383 491 2446 tnesauro
499 2384 568 2464 jnr'.
581 2385 637 2445 oio.
658 2383 747 2442 lbnro
764 2380 820 2441 IV.
834 2401 864 2462 p.
879 2377 951 2442 327.
966 2377 1075 2442 locum
1091 2379 1236 2442 obtinuit
1249 2379 1294 2460 ΙΙ).

645 2534 674 2615 g.
698 2536 728 2594 a.

220 2634 305 2702 Lepos
322 2633 397 2686 June
416 2642 441 2686 et
462 2633 571 2686 Plautio
590 2636 622 2686 de
639 2635 799 2702 unreopione
816 2651 909 2684 rerum
926 2634 953 2684 vi
965 2649 1156 2701 possessorum.

143 2737 314 2820 Sequutae
335 2717 409 2798 sunt
430 2735 523 2819 leges
537 2751 636 2797 tuuis
653 2745 686 2798 et
702 2751 850 2797 nusum
864 2735 895 2814 ¹)
915 2733 957 2796 de
974 2735 1243 2818 usucapionibus,
1260 2743 1316 2798 aut

76 2846 170 2926 potius
186 2845 230 2908 de
245 2843 280 2908 vi
294 2841 427 2926 publica
443 2850 477 2905 et
497 2843 641 2927 privata,
658 2843 775 2928 quibus
792 2841 832 2904 ad
848 2862 901 2903 res
922 2844 955 2905 vi
971 2863 1135 2927 possessas
1151 2843 1314 2928 prolatum

75 2962 129 3035 est,
144 2953 236 3039 quod
254 2951 296 3014 de
319 2951 447 3014 furtivis
463 2957 621 3014 statuerat
634 2949 692 3012 lex
706 2950 831 3013 Atinia.
855 2948 994 3012 Cautum
1019 2952 1105 3013 enim
1122 2951 1170 3013 his
1185 2950 1315 3036 legibus

76 3060 185 3144 fuerat,
202 3069 240 3124 ut
254 3081 307 3122 res
327 3060 361 3122 vi
376 3079 544 3142 possessae
560 3059 693 3143 usucapi
716 3037 804 3120 haud
818 3066 968 3141 possent,
990 3057 1093 3150 longo
1109 3059 1316 3143 quantumvis

77 3175 225 3255 tempore,
240 3169 302 3232 nisi
317 3168 426 3232 reditu
442 3168 484 3232 ad
498 3188 611 3230 verum
628 3167 793 3230 domiuum
809 3166 923 3229 vitium
939 3166 1121 3228 exuissent:
1136 3167 1173 3229 L.
1183 3167 1234 3229 33.
1246 3167 1273 3247 §.
1284 3165 1315 3228 2.

74 3277 108 3336 J).
121 3281 158 3341 de
178 3280 296 3359 Usurp.
311 3287 342 3339 et
362 3297 491 3359 nenoap.
513 3276 614 3359 Legis
638 3291 806 3340 susurrus
831 3274 884 3338 vel
907 3289 1051 3336 euorrsu
1064 3273 1135 3367 jam
1158 3272 1316 3335 memine-

130 3469 154 3538 i)
176 3468 219 3522 cf.
233 3468 433 3520 Uuterbolzncr
449 3463 520 3530 nnsf.
540 3462 625 3514 Entw.
644 3463 676 3514 Τ.
696 3464 717 3515 1.
735 3465 756 3531 ξ.
773 3470 817 3520 59.
835 3463 921 3517 Mitti.

130 3556 163 3622 k)
184 3554 258 3608 Add.
273 3552 321 3604 W.
334 3551 364 3602 F.
380 3549 410 3601 C.
428 3565 444 3600 a
462 3548 570 3601 Ditmar
588 3544 663 3601 Diss.
682 3548 718 3600 ad
735 3548 799 3615 lepis
811 3549 916 3602 Atiniae
931 3548 962 3598 de
974 3565 1065 3600 renim
1075 3547 1243 3616 furtivarum
1255 3565 1317 3602 usu-

74 3639 169 3704 capione
182 3637 321 3690 bistorium
332 3643 357 3686 et
364 3633 606 3700 interpretationem
616 3629 808 3686 observationes
818 3636 961 3687 continens.
974 3633 1101 3684 Heidelb.
1111 3638 1186 3687 1818.
1191 3638 1216 3687 8.
1227 3635 1316 3688 Haub.

133 3723 162 3792 1)
183 3724 255 3776 June
272 3725 366 3773 nostra
385 3720 419 3772 de
435 3716 478 3770 his
497 3718 602 3784 legibus
615 3723 753 3785 tamquam
767 3719 801 3770 de
818 3735 873 3770 uns
888 3719 1044 3787 loquuntur.
1063 3719 1164 3784 Legem
1182 3719 1317 3772 Plautiam

74 3811 96 3856 et
110 3808 210 3862 Julian·
237 3809 453 3861 commemorant
471 3802 642 3856 Julianusu.
661 3805 693 3856 L.
712 3808 753 3856 ³³.
771 3805 793 3871 t.
811 3810 837 3857 2.
857 3805 890 3857 D.
909 3804 941 3854 de
964 3803 1059 3870 Umrp.
1076 3812 1102 3854 et
1123 3821 1196 3856 inne.
1213 3809 1240 3856 et
1257 3805 1317 3856 Tri·

75 3891 199 3948 bosianus
214 3894 236 3960 §.
254 3896 280 3944 2.
293 3890 360 3942 Inst.
378 3889 403 3940 Ιι.
422 3896 439 3940 t.
464 3889 519 3940 Sed
537 3887 657 3940 diversas
676 3889 761 3942 luisse
779 3891 852 3955 leges
869 3887 970 3940 Juliam
989 3893 1016 3940 et
1034 3888 1171 3940 Plautiam
1189 3891 1231 3942 vel
1251 3889 1317 3940 Pto·

78 3975 139 4041 tun,
157 3981 285 4045 hancque
303 3976 349 4028 illo
366 3976 452 4026 multo
470 3988 530 4026 esse
547 3973 741 4042 antiquiorem,
760 3973 940 4026 certissimum
958 3979 1013 4037 est,
1032 3989 1064 4024 ao
1081 3975 1173 4038 paullo
1190 3981 1253 4040 post
1270 3976 1317 4027 de-

78 4064 269 4118 monstrabitur.
293 4061 373 4112 Hein.
400 4059 550 4112 Coumndit
574 4060 619 4111 hio
643 4065 737 4112 auctor
757 4060 826 4111 duas
850 4058 922 4124 leges
944 4057 1082 4119 Plautios,
1102 4073 1172 4125 quse
1195 4059 1317 4112 diversae

75 4155 135 4200 suut.
152 4151 246 4212 Quam
264 4147 307 4198 bio
324 4145 419 4209 refert,
438 4145 472 4196 de
488 4144 516 4196 vi
535 4149 583 4196 aut
599 4143 680 4196 rebus
698 4145 725 4197 vi
743 4143 879 4211 possessis
897 4157 953 4194 non
971 4139 1163 4205 usucapieudis
1181 4159 1236 4195 non
1254 4146 1316 4211 egit,

75 4246 157 4285 verum
183 4234 231 4286 ille
254 4230 453 4284 communicatu
478 4231 553 4282 luere
571 4227 676 4296 judicia
700 4229 769 4282 inter
788 4231 932 4282 Senatores
956 4235 983 4280 et
1008 4232 1160 4296 equestrem
1185 4228 1317 4280 ordinem.

76 4311 131 4368 Vid.
148 4319 250 4370 Asson.
268 4317 380 4370 Pediau.
399 4317 426 4368 in
449 4314 524 4366 Orat
549 4316 602 4368 Cic.
616 4333 669 4384 pro
692 4315 721 4367 0.
742 4315 864 4374 Cornelio
879 4331 907 4382 p.
929 4318 987 4366 140.
1013 4315 1105 4366 Altera
1123 4319 1213 4365 autem
1238 4313 1272 4364 de
1291 4313 1317 4364 si

75 4409 130 4454 aute
147 4419 250 4456 anuum
269 4415 388 4456 ucuxxv.
406 4400 543 4466 inoogoits
557 4401 616 4454 fuit.
638 4389 721 4454 Cano.
740 4400 883 4452 Caeterum
899 4415 959 4450 oum
979 4398 1126 4451 Heineocio
1145 4398 1246 4450 faciunt
1259 4398 1317 4450 Un-

75 4487 220 4542 terbolauer
239 4489 308 4555 roff.
327 4488 412 4540 Este.
429 4488 460 4538 Τ.
480 4487 500 4538 1.
519 4487 538 4551 ξ.
554 4489 596 4537 ⁷2.
614 4489 641 4537 et
659 4485 790 4552 Sobilling
808 4484 905 4538 Lebrb
915 4483 944 4548 s.
962 4483 1028 4535 Inst.
1044 4501 1070 4534 n.
1087 4485 1122 4536 R.
1138 4486 1170 4535 G.
1183 4485 1203 4550 t„
1220 4487 1276 4535 166.
1291 4500 1316 4548 p.

75 4574 128 4623 566.
145 4579 171 4624 et
188 4573 247 4626 ibid.
267 4591 293 4642 p.
312 4577 372 4626 562.
391 4578 447 4624 not.
467 4577 489 4623 l.
509 4570 595 4623 Miibl.
