3122 5162
226 385 297 459 lbi
538 397 544 412 “
619 373 720 453 xLm.
745 383 803 454 lv.
827 381 905 454 Tm.
924 375 1058 454 fx'vm.

225 563 402 648 Papiniani
425 561 523 625 etiam
547 569 698 644 tempore
721 560 849 643 mulier,
865 579 951 646 quae
973 547 1150 626 evitandae
1170 583 1302 649 poenae
1326 561 1476 628 adulterii

148 685 161 711 '-
225 689 338 735 caussa
358 668 559 732 lenocinium
582 669 725 750 fecerat,
759 668 914 732 adulterii
937 669 1086 733 adcusari
1108 672 1326 756 damnarique
1347 681 1479 754 poterat

226 799 268 841 ex
282 778 391 841 SGt0:
413 778 449 838 L.
465 777 514 840 10.
530 777 558 857 ᾖ.
573 775 604 839 2.
619 777 660 840 D.
676 777 721 838 ad
733 776 810 859 Lag.
825 777 888 839 tat.
903 779 942 838 de
961 779 1086 840 adult·

798 927 826 1010 ρ.
848 927 899 989 sa

267 1045 415 1098 Postremie
432 1043 591 1113 temporibus
607 1021 772 1097 meretricius
789 1052 910 1114 quaestus
928 1045 1004 1096 modo
1017 1047 1172 1114 permeasus,
1190 1048 1267 1099 modo
1279 1045 1435 1115 prohibitus.

198 1188 204 1207 .
308 1145 407 1229 Sunt,
433 1147 488 1230 qui
515 1144 765 1246 insequentibus
797 1145 896 1208 etiam
920 1145 980 1208 sub
1001 1145 1260 1232 Imperatoribus
1290 1147 1474 1212 meretrices

224 1254 453 1339 publicatione
466 1255 627 1317 bonorum
637 1241 815 1317 mulctatos
833 1253 1020 1316 existimant
1022 1255 1149 1340 ,idque
1166 1255 1332 1342 colligunt
1348 1276 1393 1318 ex
1407 1277 1476 1318 ver·

223 1361 273 1424 bis
289 1359 385 1424 Pauli
403 1365 553 1424 Sententt.
572 1363 712 1441 Receptt.
728 1359 831 1422 1114.
849 1363 889 1422 A.
905 1361 935 1422 6.
956 1341 1088 1424 Mulieri
1090 1384 1196 1443 ,quae
1216 1366 1383 1425 luxuriose
1400 1367 1474 1438 uiuet,

224 1471 309 1531 bonet
327 1470 476 1530 ν”αίανιίἰαν
487 1477 600 1551 potest.
623 1467 775 1552 Cujacius
790 1469 834 1528 ad
847 1469 941 1530 Paul.
958 1469 1027 1530 sbr'd
1049 1471 1228 1533 Enimvero
1244 1470 1366 1535 mulier
1384 1470 1474 1533 luxu·
1543 1475 1544 1530 1

223 1575 311 1639 riose
328 1575 442 1639 vivens
463 1596 530 1638 uon
554 1584 603 1638 est
624 1575 802 1656 meretrix,
818 1574 876 1637 sed
899 1576 1057 1661 prodiga,
1082 1599 1166 1660 quae
1190 1561 1348 1642 furiosum
1372 1600 1473 1641 rerum
1543 1559 1544 1576 ³

225 1705 352 1748 suarum
376 1683 457 1746 facit
480 1681 618 1745 exitum:
639 1680 728 1746 Guil.
742 1681 921 1746 Fornerius
943 1683 1104 1746 Selectton.
1119 1686 1162 1745 II:
1176 1687 1205 1748 5.
1228 1675 1376 1749 Tantum
1400 1707 1474 1769 ergo

224 1792 334 1872 abest,
353 1799 389 1851 ut
406 1790 584 1853 acrioribus
610 1789 727 1872 poenis
749 1789 782 1850 iu
806 1791 995 1854 meretrices
1017 1791 1312 1856 animadverterint
1331 1793 1475 1877 Impera·
1543 1795 1544 1802 ’

224 1906 313 1962 tores
336 1906 523 1981 sequentes,
540 1905 576 1959 ut
598 1905 713 1959 contra
730 1897 787 1958 sub
810 1896 876 1960 illis
894 1898 1003 1961 denuo
1027 1899 1203 1962 invaluerit
1225 1899 1396 1982 lenonum,
1411 1921 1475 1962 me-

222 2005 392 2102 retricum,
419 2013 454 2067 et
483 2003 690 2067 exoletorum
715 2003 877 2088 vectigal,
903 2027 1097 2091 quamquam
1127 2003 1210 2070 illud
1232 2030 1327 2072 sacro
1352 2009 1473 2073 aerario
1543 2077 1544 2092 ,

223 2112 339 2177 inferri
360 2111 467 2176 vetuit
487 2110 683 2175 Alexander
699 2111 858 2175 Severus:
879 2111 955 2174 Ael.
978 2113 1183 2197 Lampridius
1198 2118 1360 2179 Alexand.
1377 2095 1477 2178 Seuer.
1543 2141 1544 2198 g

223 2243 249 2283 c.
263 2220 315 2283 24.
337 2220 465 2283 Primus
487 2218 623 2283 Tacitus
645 2218 831 2303 Imperator
853 2219 991 2303 pristina
1012 2221 1190 2284 severitate
1213 2243 1288 2286 usus
1312 2223 1479 2287 meritoria
1543 2229 1544 2270 l

223 2331 311 2392 iutra
333 2327 446 2391 urbem
470 2335 556 2390 stare
573 2325 694 2389 vetuit:
716 2326 811 2390 Flav.
830 2325 993 2409 Vopiscus
1015 2333 1079 2390 vita
1102 2330 1205 2392 Taciti
1217 2332 1368 2411 Imperat.
1388 2351 1413 2393 c.
1430 2331 1478 2394 10.
1543 2407 1544 2418 .

223 2437 313 2500 Hinc
330 2442 424 2498 extra
445 2434 557 2518 legum
580 2434 725 2498 civilium
741 2455 881 2518 poenam
898 2435 961 2499 fuit
984 2436 1052 2500 vita
1067 2435 1278 2518 meretricia,
1294 2440 1398 2502 etiam
1421 2440 1476 2501 sub
1543 2435 1544 2500 j

223 2543 483 2629 Imperatoribus
499 2540 703 2622 Christianis,
720 2541 866 2625 quamvis
884 2562 924 2604 ea
941 2543 982 2606 ab
1005 2542 1141 2607 infamia
1156 2565 1222 2608 non
1246 2545 1348 2609 tuerit
1365 2546 1475 2608 immu-

223 2651 273 2713 nis
287 2652 338 2730 ΙΙ);
360 2651 398 2710 L.
413 2649 464 2711 22.
482 2658 516 2712 et
530 2649 580 2712 29.
596 2651 624 2732 §.
640 2648 668 2710 l.
687 2649 719 2710 0.
737 2651 782 2710 ad
794 2649 873 2732 Lag.
893 2649 954 2714 tat.
971 2651 1009 2713 de
1026 2653 1126 2714 adult.
1141 2656 1176 2713 L.
1193 2650 1242 2714 13.
1258 2653 1287 2733 §.
1304 2651 1336 2715 2.
1357 2655 1401 2714 D.
1417 2653 1471 2715 eod

222 2757 261 2818 L.
275 2757 305 2818 4.
320 2754 348 2838 §-
364 2754 393 2818 3.
410 2757 452 2817 D.
467 2758 506 2819 de
523 2757 658 2818 Condt'ct.
676 2757 711 2816 ob
733 2765 816 2836 turp.
830 2776 933 2820 cauas.

789 2895 821 2976 ρ.
843 2895 893 2958 57.

529 3003 661 3072 Antiquae
680 3003 749 3072 lepos
767 3004 798 3055 de
817 3003 953 3057 homicidio
971 3012 1005 3054 et'
1009 3005 1166 3072 parricidio.

305 3105 455 3168 Tertium
472 3105 612 3185 crimen,
635 3104 724 3187 quod
747 3103 881 3187 publico
897 3104 1027 3188 judicio
1051 3105 1251 3169 vindicatum
1275 3109 1472 3193 accepimus,

224 3222 273 3279 est
286 3229 505 3277 uouroruruu.
527 3211 616 3275 Illud
632 3219 698 3274 tam
717 3210 945 3274 detestandum
961 3212 1064 3274 visum
1088 3220 1138 3275 est
1155 3213 1335 3296 veteribus,
1349 3226 1386 3280 ut
1402 3238 1474 3301 par-

221 3321 330 3387 ricidii
351 3321 482 3385 nomine
506 3321 650 3383 veniret:
672 3318 867 3383 Plutarchus
889 3319 923 3382 in
940 3321 1072 3382 Romulo
1091 3327 1117 3380 α’.
1128 3319 1178 3382 22.
1201 3319 1281 3386 ἴδιον
1301 3323 1336 3386 δὲ
1360 3295 1394 3389 ab
1417 3353 1472 3408 μη-

222 3429 327 3512 δεμίαν
348 3428 435 3514 δίκην
456 3423 533 3491 κατὰ
553 3423 765 3510 πατροκτόνων
789 3427 932 3508 ὁρίσαντα
954 3430 1057 3492 πᾶσαν
1076 3425 1277 3510 ἇνδροφονίαν
1300 3456 1472 3514 πατροκτο-

222 3542 288 3602 νίαν
304 3547 486 3628 προσειπεῖν.
510 3535 681 3616 Singulare
696 3530 751 3595 bdc
765 3543 820 3606 est,
832 3536 915 3616 quod
928 3538 1123 3617 quipoeaam
1134 3537 1166 3596 e'n
1180 3537 1240 3608 eoi,
1257 3541 1472 3620 qaipareates

288 3725 321 3792 k)
341 3725 400 3778 Neo
417 3725 503 3792 magis
521 3741 609 3793 poena
627 3725 753 3778 manebat
771 3739 834 3790 eos,
854 3723 982 3794 quicum
999 3723 1139 3776 meretrice
1156 3739 1213 3776 rem
1231 3725 1406 3780 habuerant:
1423 3729 1474 3779 'l'e-

222 3809 324 3865 tentius
342 3809 462 3862 manet.
482 3811 540 3862 Act.
566 3811 594 3862 V.
609 3829 645 3862 sc.
663 3817 689 3864 4.
707 3829 730 3864 c.
748 3815 791 3864 38.
809 3828 846 3880 tq.

421 3895 488 3954 Qua
505 3895 583 3948 homo
600 3913 723 3966 umquam
738 3913 792 3965 pro
809 3894 916 3948 moecho
933 3892 997 3944 uidit
1013 3894 1042 3946 in
1057 3895 1134 3948 domo
1153 3894 1306 3948 mauritta

416 3979 556 4032 Prehendi
571 3983 745 4050 quemquam?
796 4007 830 4016 -
882 4007 916 4018 -
970 4005 1004 4016 —

274 4067 309 4117 ut
327 4066 443 4118 Plautus
464 4063 571 4117 Ourcul.
589 4065 649 4116 Act.
664 4063 687 4116 Ι.
707 4081 744 4116 eo.
763 4069 786 4116 1.
804 4082 827 4116 u.
845 4068 887 4118 33
905 4079 960 4132 sqq.

413 4175 448 4188 -
475 4161 535 4188 ‘··-
588 4151 662 4202 Pet.
692 4150 775 4200 Nemo
794 4146 1008 4215 tenemento,
1026 4155 1169 4212 necaretur,
1268 4167 1272 4174 ·

418 4233 504 4293 aaa,
524 4234 594 4304 quod
605 4233 698 4302 palam
716 4241 755 4284 eet
770 4231 879 4296 uenale,
897 4233 921 4284 α’
937 4241 1075 4300 arpentum
1094 4239 1146 4292 est,
1165 4247 1245 4282 emar.

309 4345 316 4350 -
416 4319 527 4371 Nemo
515 4335 555 4370 ere
573 4333 726 4388 quemquam
740 4313 848 4384 publica
863 4315 987 4384 probibet
1003 4317 1053 4368 oia.

413 4401 485 4454 Dum
502 4420 535 4454 ne
548 4421 602 4472 per
609 4401 729 4470 fundum
747 4405 849 4468 mptum
858 4401 951 4468 facias
968 4402 1094 4461 semitam,

400 4473 486 4539 'uam
503 4497 555 4540 tete
572 4485 702 4540 abraaeos
719 4493 816 4553 nupta,
834 4485 928 4546 uduo,
945 4485 1056 4552 νὲνρίπα,

414 4572 569 4632 durantum,
588 4578 615 4620 et
628 4569 721 4637 pueris
739 4568 845 4628 tiberina
861 4586 921 4620 ama
940 4569 1004 4638 quid
1021 4568 1112 4634 tabet„
1141 4567 1221 4621 Heia.
