2972 5156
206 353 210 362 ’
270 371 326 440 lle
351 370 523 442 Osarene.
546 372 653 456 Quae
677 372 732 442 Ex
754 371 910 440 Dnnrcro
936 381 1001 440 etc.
1187 317 1272 446 bol

16 544 159 612 verenda
175 545 335 630 tegenda,
350 547 543 612 succinctos.
564 545 724 624 Quamvis
738 546 827 612 onim
843 533 910 610 non
926 566 987 630 per
1002 545 1111 611 emnia
1125 547 1263 615 similem

15 661 190 738 granatarius
209 652 309 720 fuisse
329 652 492 722 fateamur
506 657 592 718 licios
610 674 678 717 reru
695 652 799 737 ipsam
820 661 931 718 tamen
946 675 1014 717 nen
1037 675 1111 718 esse
1125 654 1266 720 diesim.

14 759 96 838 lem,
119 781 162 824 ex
186 760 401 844 sequentibus
422 759 521 825 facile
543 760 728 843 adparebit.
750 757 795 825 Et
817 758 897 846 quid
918 759 1015 842 inde,
1030 761 1057 824 si
1078 761 1156 826 loco
1177 790 1265 847 gran·

14 875 118 934 νίσνον
134 866 232 932 aliam
249 874 384 948 vestem,
402 867 457 932 vel
471 866 572 941 telam
588 867 800 932 adhibuerint
815 866 978 930 Romani?

588 1039 618 1120 ἕ.
640 1037 690 1101 19.

394 1153 469 1206 Idem
488 1152 555 1205 ritus
573 1171 590 1205 a
608 1153 737 1208 Romanis
754 1161 883 1222 receptus.

98 1254 197 1316 Hune
212 1253 309 1315 ritum
332 1273 412 1335 ergo
428 1273 492 1315 una
515 1274 587 1318 cum
600 1253 678 1336 jure
692 1253 807 1316 Attico
823 1252 962 1316 Romam
987 1246 1143 1336 migrasse
1167 1276 1266 1319 vero-

17 1361 216 1426 simillimum
233 1368 300 1440 est,
317 1379 379 1421 nee
395 1358 547 1424 dubitare
570 1382 629 1423 nos
652 1379 693 1423 ea
713 1359 756 1422 de
776 1379 812 1422 re
835 1361 959 1443 patitur
977 1359 1110 1442 Festus,
1127 1362 1183 1446 qui
1205 1343 1264 1426 sub

16 1490 97 1532 voce
119 1471 208 1530 lanae
225 1487 260 1548 p.
276 1465 346 1529 199.
361 1467 481 1528 brnen
500 1473 532 1529 at
545 1487 640 1528 asaro
662 1469 823 1532 dicebatur
836 1469 925 1548 apud
940 1472 1101 1548 antiquose
1122 1474 1195 1552 quta
1213 1474 1270 1552 qul

13 1579 137 1655 sartum
154 1577 219 1637 ibat
236 1577 436 1656 quaereretis
456 1574 544 1636 domo
561 1576 785 1646 attenuarem
808 1579 928 1636 dactus
943 1575 1093 1648 sanatas,
1110 1597 1265 1638 annoan-

16 1705 70 1764 qus
92 1691 167 1744 unta
190 1683 293 1744 ocules
316 1683 442 1744 tenebat
458 1689 591 1762 propter
607 1683 897 1758 matrumfamilias,
919 1690 977 1743 aut
997 1685 1153 1764 uirginum
1172 1703 1267 1765 prae·-

16 1795 157 1852 scnts'am.
179 1788 267 1852 Sane
291 1807 333 1850 ex
356 1786 421 1849 hoc
435 1789 528 1850 Festi
546 1787 633 1869 loco,
654 1788 688 1850 in
706 1809 771 1873 quo
794 1809 855 1850 nec
872 1787 1068 1852 Graecanici
1089 1791 1188 1872 ritus,
1204 1811 1267 1854 nee

17 1895 185 1972 νοθεύσεως
206 1893 262 1958 vel
284 1894 553 1982 interpolationis
577 1895 679 1958 ullum
701 1895 877 1980 vestigium
899 1895 1055 1979 adparet,
1071 1898 1148 1960 satis
1163 1899 1267 1962 mani-

18 2003 134 2068 festum
148 2009 214 2083 est,
231 2002 330 2066 etiem
347 2001 475 2065 Romae
492 2003 597 2066 nudos
613 2003 800 2084 incessisse,
823 2002 948 2087 quires
965 2002 1101 2068 firrtivas
1115 2006 1267 2091 require·

18 2119 106 2192 rent,
123 2109 199 2194 quia
222 2110 305 2174 alias
328 2131 395 2172 non
417 2101 655 2192 ibissel,quod
680 2109 940 2172 matresfamilias
959 2093 1148 2192 virginesve
1169 2131 1268 2197 pree-

19 2227 125 2283 sentes
147 2227 387 2282 revererentur.
420 2218 532 2280 Doeet
561 2235 694 2300 quoque
717 2216 804 2278 idem
828 2217 919 2278 Festi
947 2214 1057 2298 locus,
1087 2217 1166 2286 licio
1191 2217 1266 2284 illos

20 2328 176 2389 incinctos
200 2325 316 2407 titisse,
349 2323 623 2410 quemadmodum
647 2331 682 2388 et
701 2329 881 2406 *granatenses
907 2320 1007 2386 Plato
1033 2343 1125 2388 more
1144 2326 1266 2390 'Attico

23 2439 233 2498 concesserat.
254 2431 412 2516 Denique
427 2431 505 2494 inde
524 2430 692 2511 discimus,
710 2429 762 2519 cui
778 2429 847 2493 usui
863 2429 942 2493 lanx
958 2429 1058 2493 fuerit
1077 2432 1111 2494 in
1128 2432 1191 2496 lton
1206 2451 1267 2496 ne-

22 2540 126 2624 gotio
160 2529 268 2618 Quum
298 2538 385 2604 enim
415 2538 510 2602 nudis
535 2536 754 2602 incedendum
782 2543 869 2600 esset
895 2538 1157 2622 requirentibus:
1187 2563 1265 2606 sane

19 2647 128 2732 pudor
139 2646 317 2727 suadebat,
333 2666 376 2708 ne
399 2644 518 2708 faciem
541 2645 807 2730 conspiciendam
829 2645 963 2722 darent,
989 2645 1215 2733 adgnoscique
1230 2669 1264 2713 se

18 2763 210 2838 paterentur
223 2775 243 2816 a
258 2753 398 2820 feminis.
417 2753 508 2815 Hinc
528 2752 667 2832 lancem,
683 2752 717 2814 id
735 2759 801 2833 est,
818 2751 866 2816 uti
889 2773 955 2835 ego
972 2753 1181 2838 interpretor,
1200 2757 1266 2820 lar·

18 2864 136 2944 vam1)
158 2860 261 2925 lancis
283 2861 385 2924 instar
407 2880 584 2923 concavam
606 2857 711 2922 vultui
737 2861 905 2943 aptabant.
934 2860 1010 2922 Non
1034 2881 1115 2944 ergo
1137 2861 1265 2926 lancem

80 3103 108 3168 1)
131 3103 211 3154 Lunx
229 3099 329 3154 dicitur
345 3115 363 3152 a
380 3099 486 3151 Graece
504 3095 594 3162 λαγών
612 3097 718 3157 eactms,
730 3096 854 3163 adeoque
870 3098 923 3150 hoc
939 3101 1072 3152 vocabulo
1091 3100 1266 3166 descripsisse

17 3185 141 3240 videntur
159 3184 274 3254 antiqui,
291 3183 427 3253 quidquid
444 3197 593 3236 concavum
611 3185 676 3236 erat.
693 3181 772 3234 Unde
789 3179 892 3232 corruit
908 3180 1023 3237 ridicula
1037 3183 1170 3251 quaestio,
1184 3202 1265 3252 quam

17 3271 55 3322 hir.
72 3269 201 3324 nonnulli
220 3273 338 3332 movent,
351 3267 418 3335 quid
435 3267 567 3336 profuerit
580 3266 695 3318 intrasse
711 3280 877 3332 gynaeceum
892 3271 919 3318 et
929 3267 997 3320 nihil
1013 3269 1121 3321 videret
1138 3269 1265 3340 itemque,

16 3371 47 3407 au
64 3359 174 3408 lancem
192 3355 357 3420 perforatam
375 3368 440 3420 prae
458 3369 488 3406 se
505 3351 634 3405 tulerint?
658 3349 777 3416 Scaliger
802 3349 838 3402 cd
854 3349 961 3402 Festum
975 3368 1005 3420 p.
1024 3357 1066 3405 ⁷2.
1084 3353 1164 3405 Heln.
1188 3353 1266 3415 Quae

16 3446 108 3493 nostra
131 3439 166 3492 sit
185 3440 220 3491 de
238 3439 311 3490 furto
328 3453 377 3502 per
395 3437 498 3489 lancem
517 3443 545 3488 et
561 3435 653 3488 licium
679 3440 809 3500 concepto
827 3435 973 3499 sententia,
992 3434 1122 3502 singulari
1139 3437 1266 3490 observa-

16 3523 85 3578 tione
106 3522 137 3594 [*
153 3522 228 3578 Obss.
236 3524 299 3593 jur.
317 3523 396 3578 Ram.
410 3521 468 3575 ΙΙΙ.
480 3520 535 3590 att]
553 3519 634 3573 docui
651 3518 725 3571 olim.
747 3517 829 3571 Cana.
847 3518 946 3570 Nudos
963 3535 1020 3571 rem
1037 3520 1164 3574 furtivam
1183 3538 1266 3590 quae-

16 3623 70 3662 rere
96 3611 242 3662 Romanos
268 3604 458 3668 consuevisse,
477 3619 551 3656 nune
571 3618 643 3655 novo
657 3602 822 3673 ¹testimonio
845 3601 955 3656 Glossac
972 3603 1166 3658 Institutionum
1187 3607 1267 3659 llari-

15 3696 99 3746 man's
119 3691 325 3744 vetustissimae
340 3692 524 3754 confirmatur,
541 3688 621 3754 cujas
638 3703 712 3740 num.
729 3692 789 3748 sau
808 3688 874 3741 baec
892 3688 985 3754 habete
1004 3690 1070 3752 „lta
1086 3690 1159 3744 enim
1177 3692 1266 3757 fiebat,
1342 3745 1347 3749 ,

17 3783 42 3827 ut
58 3779 93 3843 is,
113 3775 164 3844 qui
181 3774 210 3828 in
229 3773 345 3828 aberrant
363 3775 474 3826 domum
493 3772 623 3828 introibat
640 3772 675 3823 ad
692 3772 881 3839 requirendam
895 3789 951 3824 rem
965 3773 1100 3841 furtivam,
1117 3777 1207 3829 nudus
1225 3777 1266 3830 in·

15 3863 192 3926 gradiebatur
210 3859 316 3912 discum
339 3859 420 3911 fictile
437 3859 466 3910 in
484 3859 572 3924 capite
589 3862 716 3923 portans,
734 3857 857 3924 utrisque
875 3857 1001 3910 manibus
1019 3858 1173 3922 detentus;“
1192 3862 1266 3928 quod

15 3943 188 4013 antiquitatis
207 3946 421 4008 meamnentum,
434 3941 504 3994 sieut
522 3941 663 3994 innumera
674 3942 736 4005 alia,
748 3941 878 3994 debemus
890 3941 1019 3996 beneficio
1033 3941 1153 4009 Saviguii
1171 3944 1199 3996 in
1211 3945 1267 3996 Arl-

13 4032 126 4094 psnuae
143 4029 221 4082 roas
232 4027 273 4081 11.
289 4027 336 4080 aer
351 4027 445 4080 essct.
464 4027 509 4078 ut
521 4025 600 4079 aaa.
614 4026 713 4086 nessa
724 4025 759 4077 sm
773 4025 930 4078 narratum
938 4031 1031 4094 ,siras
1045 4013 1102 4094 (ee.
1114 4030 1163 4094 a).
1177 4027 1266 4081 naas.

14 4113 174 4178 linimv‘ero,
187 4127 273 4180 quum
285 4127 319 4162 ne
330 4115 434 4165 veteres
449 4109 559 4177 quidem
570 4111 715 4177 scriptores
727 4110 796 4162 riuus
812 4109 892 4181 istius
906 4117 1030 4164 neutram
1041 4117 1124 4177 atque
1135 4109 1266 4165 rationem

13 4199 77 4250 satis
97 4200 272 4264 exploratam
288 4194 439 4261 habuerint,
451 4194 532 4248 etiam
546 4195 580 4247 ab
595 4197 678 4247 hocce
689 4189 848 4262 glossatoris
865 4194 1022 4248 testimonio
1034 4195 1158 4246 recedere
1177 4211 1267 4249 suam-

14 4299 64 4347 quc
83 4279 168 4348 sequi
187 4281 371 4346 conjecturam
397 4279 497 4347 cuique
522 4278 619 4332 beabit.
644 4281 679 4331 Et
697 4279 764 4334 mihi
781 4279 890 4347 quidem
907 4280 1044 4345 perplacet
1062 4277 1189 4332 Auctoris
1206 4296 1267 4335 sen·

13 4367 113 4429 tenda,
128 4367 234 4418 lancem
252 4381 308 4418 nou
325 4380 386 4418 esse
402 4363 605 4430 intelligendam
623 4363 744 4429 patinam
756 4378 777 4415 s.
789 4363 904 4428 discum,
916 4363 965 4416 sed
978 4377 1120 4428 personam
1131 4377 1153 4415 s.
1165 4365 1267 4418 larvam

13 4449 216 4510 existimantia;
234 4464 320 4518 quae,
339 4463 423 4516 quum
447 4447 557 4501 minime
576 4449 733 4500 adversatur
753 4449 895 4500 verborum
913 4446 1003 4500 sensui
1015 4485 1029 4520 ,Ι
1040 4451 1096 4498 tum
1115 4463 1178 4498 vcro
1195 4456 1268 4501 recte

13 4535 107 4586 omnia
120 4550 154 4586 ae
171 4535 277 4587 ratione
291 4534 362 4586 inter
380 4532 515 4600 sejungit
533 4539 560 4586 et
577 4531 724 4596 consociat,
737 4547 808 4600 quae
824 4533 858 4584 de
876 4531 987 4598 antiquo
1004 4533 1139 4585 furtorum
1157 4529 1267 4597 investi·
