3056 5154
385 429 390 438 .
478 363 533 434 lla
557 363 778 432 Acrroumus.
1218 367 1291 434 037

39 555 107 630 est,
131 545 188 631 qui
205 543 248 608 A.
265 543 308 608 U.
330 541 367 605 G.
383 555 589 606 oooaxxxrx.
615 538 753 621 primum
780 538 885 602 creari
908 544 1046 622 coeptus
1065 545 1124 601 est.
1146 535 1293 602 Invaluit

38 663 172 742 postea,
189 652 247 716 ubi
270 652 336 715 duo
358 649 537 712 Praetores
561 645 665 708 creari
688 645 800 728 coepti
823 654 915 727 sant,
933 654 969 709 ut
991 645 1186 708 Praetorum
1209 644 1292 708 alius

39 763 182 844 civibuS,
207 759 289 823 alius
306 753 491 840 peregrinis
507 753 562 837 jus
583 753 722 816 diceret.
745 751 848 818 Er’ant
864 771 997 837 quoque
1021 752 1193 835 postremis
1208 760 1294 814 tem-

37 871 174 956 poribus
199 869 376 930 Praetores
394 863 618 944 promiros'oles,
643 861 812 939 tutelaret,
829 861 1130 941 fidea'comma'sscrst',
1152 861 1293 940 flsoolas.

39 977 108 1040 Sed
124 976 166 1040 de
182 995 296 1037 eorum
312 970 443 1053 origine
460 989 498 1032 ac
516 967 748 1050 jurisdictione
758 967 828 1050 jam
845 986 943 1049 supra
957 963 1088 1028 abunde
1105 964 1227 1029 dictum
1244 973 1300 1038 est¹

39 1086 84 1146 od
96 1084 162 1146 Ia‘b.
180 1083 206 1142 I.
225 1081 282 1142 aa.
299 1079 341 1140 II.
356 1079 385 1158 §.
398 1074 532 1138 18-23.
553 1075 713 1138 Attamen
730 1083 765 1136 et
780 1072 951 1156 quamdam
962 1071 1202 1157 jurisdictionis
1218 1093 1295 1154 par·-

39 1199 108 1255 tem
128 1189 190 1252 sibi
205 1183 418 1250 vindicabant
428 1181 577 1246 Aediles.
599 1181 647 1244 Hi
664 1201 743 1244 vero
761 1180 802 1244 de
818 1181 930 1263 paucis
948 1180 1046 1243 rebus
1056 1180 1110 1264 jus
1126 1179 1295 1260 dicebant,

40 1299 74 1360 in
96 1295 208 1381 primis
228 1302 337 1357 autem
355 1290 397 1354 de
421 1289 617 1354 venditione
636 1286 891 1370 mancipiorum,
909 1287 951 1350 de
971 1287 1145 1368 mensuris,
1162 1286 1203 1348 de
1220 1285 1294 1348 loro

41 1403 227 1484 venalium,
243 1401 285 1464 de
301 1401 359 1480 iis,
376 1397 511 1484 quaein
529 1396 589 1460 viis
609 1394 698 1458 urbis
718 1393 868 1477 publicis·
879 1395 1099 1478 contigerant,
1116 1393 1159 1456 de
1176 1393 1294 1476 quibus

43 1513 143 1576 etiam
167 1510 276 1574 edicta
297 1505 549 1592 proponebant,
571 1509 607 1565 ut
627 1524 723 1609 supra
744 1501 815 1563 itia.
836 1501 865 1581 §.
883 1502 933 1564 24.
951 1524 995 1584 sq.
1013 1500 1227 1566 ostendimus.
1254 1499 1294 1562 ln

42 1619 222 1708 provinciis
244 1612 484 1693 Proconsules,
500 1611 695 1688 Praetores,
718 1607 894 1672 Praesides
921 1608 1037 1672 eadem
1054 1608 1139 1692 juris
1161 1606 1295 1670 dicundi

42 1735 209 1814 potestate
233 1723 433 1809 gaudebant.
466 1715 723 1801 Municipalibus
747 1715 988 1798 magistratibus
999 1714 1207 1800 jurisdictio,
1228 1730 1294 1776 non

42 1839 123 1900 item
143 1833 313 1918 imperinm
332 1825 559 1912 competebat:
585 1826 621 1888 1..
642 1823 693 1888 32.
711 1825 752 1884 D.
772 1825 811 1886 de
829 1825 930 1906 Iojor.
951 1821 1039 1907 [⁸¹1.
1054 1821 1106 1886 26.
1119 1841 1170 1903 pr.
1186 1823 1227 1880 D.
1243 1821 1298 1882 Ad

44 1941 210 2027 munta-i
241 1948 271 2023 )·

573 2095 574 2100 ¹
631 2073 660 2152 s.
681 2073 711 2132 5.

549 2188 622 2246 Quid
638 2188 795 2255 imperium?

129 2297 376 2384 Magistratibus
393 2312 484 2376 ergo,
501 2291 557 2374 qui
574 2287 709 2372 judiciis
731 2292 925 2370 praeerant,
941 2299 1153 2348 :uulsatomo
1171 2283 1298 2345 tribue·
1364 2313 1369 2319 ·

44 2414 143 2476 batur
160 2419 195 2472 et
211 2420 395 2483 turonium,
409 2421 506 2484 quae,
525 2397 587 2461 etsi
604 2413 848 2477 nonnumquam
865 2391 953 2454 idem
976 2389 1160 2478 significare
1180 2388 1299 2452 viden-

45 2528 109 2599 tur,
129 2524 164 2578 ut
178 2513 308 2599 prolixe
328 2508 474 2572 ostendit
493 2505 572 2570 Ger.
592 2501 709 2565 Noodt
728 2502 767 2562 de
784 2501 904 2562 Jare'sd.
923 2501 948 2558 I.
964 2498 995 2559 2.
1015 2497 1172 2580 distingui
1188 2505 1298 2560 tamen

45 2625 197 2690 solebant
214 2623 255 2685 ab
271 2615 542 2696 adcuratioribus,
557 2633 623 2676 non
641 2608 774 2696 quidem
792 2605 833 2669 ab
853 2625 894 2668 eo
912 2605 1040 2668 demum
1056 2613 1218 2688 tempore,
1233 2623 1298 2687 quo
1354 2601 1360 2614 ”

45 2734 190 2797 edictum
216 2735 411 2813 perpetuum
438 2719 678 2805 magistratibus
711 2713 963 2798 municipalibus
986 2713 1156 2775 notionem
1185 2733 1300 2794 quam-

45 2844 138 2916 dam,
158 2839 193 2902 id
210 2844 276 2918 est,
289 2829 553 2918 jurisdictionem
568 2827 638 2906 sine
655 2823 795 2906 imperio
819 2820 927 2886 dedit:
946 2828 982 2884 ut
1001 2819 1110 2883 eidem
1127 2818 1230 2880 visum
1249 2825 1300 2880 est

45 2949 128 3012 Ger.
151 2945 267 3009 Noodt
291 2944 331 3003 de
354 2938 473 3000 Jorad.
499 2936 525 2997 I.
548 2933 578 2994 3.
601 2953 634 3012 p.
655 2928 727 2991 123.
750 2926 808 2989 sed
833 2927 1037 3009 temporibus
1059 2923 1299 3009 antiquissimis.

45 3057 184 3120 Scilicet
206 3072 304 3137 quum
325 3043 514 3132 jurisdictio
539 3038 641 3102 cuivis
665 3037 741 3120 jure
766 3032 971 3116 magistratus
994 3038 1215 3116 competeret:
1238 3031 1301 3092 im-

43 3165 174 3250 perium
193 3158 326 3244 proprie
348 3155 393 3217 sic
416 3151 538 3216 dictum
555 3141 686 3210 nonnisi
700 3143 779 3228 lege
801 3133 945 3222 curiata,
965 3138 1120 3202 adhibitis
1137 3137 1300 3221 auspiciis,

45 3271 122 3338 dari
139 3275 286 3354 poterat:
297 3263 415 3325 Livius
437 3260 471 3320 V.
490 3256 541 3318 46.
560 3252 659 3317 Unde
677 3271 739 3315 nec
753 3246 929 3328 Dictatori,
946 3246 1009 3308 nisi
1026 3244 1203 3329 praemissa
1222 3243 1300 3326 lega

45 3379 194 3458 curiata,
210 3393 330 3458 equum
352 3365 554 3432 adscendere
578 3361 719 3424 licebat:
739 3357 851 3421 Livius
870 3354 995 3415 XXIII.
1010 3351 1060 3413 14.
1089 3350 1193 3414 Aliud
1221 3371 1300 3413 vero

46 3495 124 3551 erat
149 3483 321 3566 imperium
343 3476 603 3560 magistratuum:
628 3466 717 3530 aliud
739 3465 890 3528 militare.
912 3459 978 3524 Illo
1003 3467 1156 3544 accepto,
1173 3458 1302 3541 prodi-

45 3593 208 3659 versitate
224 3585 360 3671 ,imperii
384 3583 591 3660 Dictatores,
612 3573 787 3654 Consules,
806 3573 1009 3646 Praetores:
1022 3567 1086 3648 hpc
1108 3589 1188 3631 vero
1210 3565 1301 3646 dato,
1399 3573 1401 3578 '

46 3703 152 3766 etiam
176 3701 397 3781 Imperatores
420 3689 632 3755 vocabantur.
654 3679 905 3762 Magistratuum
929 3699 971 3740 ex
992 3676 1123 3760 Sigonii
1138 3673 1303 3738 sententia

47 3818 196 3896 quatuor
217 3807 294 3890 jura
317 3805 412 3896 erant
436 3794 522 3880 apud
548 3793 732 3866 Romanos,
761 3807 897 3870 quorum
926 3805 1024 3848 unum
1050 3783 1083 3846 in
1111 3782 1302 3866 tmperando,

44 3959 350 3981 —........-..--

121 4049 157 4114 d)
176 4049 220 4098 De
230 4043 438 4110 magistratuum
449 4031 654 4096 municipalium
663 4027 852 4098 jurisdictione
865 4025 978 4094 ejusque
987 4022 1102 4076 finibus:
1113 4019 1157 4070 Jo.
1170 4020 1303 4072 Wasleao

48 4137 125 4188 Dias.
146 4133 179 4184 da
197 4132 265 4201 jore
287 4135 314 4180 et
329 4119 515 4196 jurisdictione
531 4117 739 4184 municipiorum.
756 4114 788 4165 L.
806 4114 840 4164 Β.
860 4115 935 4165 1727.
952 4113 978 4162 4.
992 4113 1019 4158 et
1035 4105 1064 4158 iu
1083 4101 1205 4155 Oelricbs
1228 4099 1304 4152 'Ilien

47 4221 179 4272 Dissertt.
198 4214 301 4284 Belgio.
320 4212 382 4263 Vol.
400 4209 437 4259 Il.
455 4207 486 4258 Τ.
504 4203 541 4254 ll.
559 4216 586 4266 p.
605 4203 751 4253 aaa-am.
774 4199 858 4250 Henr.
877 4196 929 4247 Ed.
947 4191 1065 4244 Dirksen
1085 4187 1155 4239 Dias.
1178 4183 1252 4236 Obss.
1270 4183 1305 4238 ad

47 4305 152 4357 selecta
169 4301 248 4367 Lepta
270 4295 373 4350 Galliae
395 4289 544 4356 Cisalpinae
569 4285 664 4354 capita.
682 4283 881 4350 (Berol.1812.
899 4278 939 4345 4.)
960 4293 986 4343 p.
1005 4279 1039 4328 26
1050 4303 1076 4312 -
1087 4276 1129 4324 60.
1147 4275 1229 4336 atque
1251 4285 1303 4320 von

48 4388 176 4454 savigny
199 4381 351 4436 Gesclsiclste
370 4377 416 4430 cles
435 4373 514 4428 Riim.
533 4369 634 4424 Rechts
650 4370 685 4420 im
702 4365 859 4420 Mittelalter
877 4365 908 4416 Τ.
926 4364 990 4416 Lo.
1008 4365 1032 4411 2.
1050 4373 1077 4423 p.
1092 4358 1216 4408 :so-39.
1235 4360 1305 4420 etp.

48 4479 95 4528 76.
119 4474 158 4538 (s.
177 4470 198 4537 ἓ.
218 4470 327 4521 10-14,
346 4467 373 4514 et
390 4462 411 4528 ξ.
430 4462 472 4510 26.
490 4457 533 4509 ed.
550 4456 590 4523 2.)
611 4451 699 4507 Haub.
727 4452 797 4504 add.
812 4449 947 4524 'Houweg
968 4439 1158 4508 Gericlaasrf.
1177 4457 1203 4494 a.
1226 4441 1306 4491 Proc.
1334 4485 1340 4498 ,

49 4559 76 4611 d.
96 4553 244 4610 :intendem
263 4552 300 4603 R.
320 4549 356 4602 R.
374 4545 395 4612 t.
415 4548 455 4596 11.
474 4539 560 4617 Miild.
