3062 5156
232 377 302 444 rso
681 375 759 442 un.
782 374 812 442 1.
835 372 919 442 ru.
942 371 1037 444 xm.
1316 328 1318 331 ⁵
1525 391 1526 480 q

229 548 266 612 in
287 549 472 634 integrum,
488 547 665 633 principali
685 549 913 634 indulgentia,
935 551 1203 614 restituerenturc
1228 549 1325 614 Paul·
1342 551 1479 632 Ilecepu.

231 655 386 719 Sententt.
401 657 459 719 IV.
476 657 507 720 8.
523 658 574 720 24.
598 659 722 720 Postea
742 677 822 720 vero
840 657 925 720 banc
945 659 1135 744 servitutem
1158 679 1305 742 poenae,
1321 666 1479 742 quatenus

206 759 211 766 ’
230 769 444 847 cognatorum
460 765 620 830 interesse
635 763 739 828 visum
748 809 758 845 ,
775 764 924 828 abolevit
937 765 1254 830 Iustiniauust-Noe.
1269 765 1378 860 XXII.
1394 765 1425 828 8.
1441 766 1479 846 f).
1525 797 1526 804 .

818 915 846 996 s.
868 915 898 978 c.

711 1023 731 1076 Ι
735 1023 762 1076 V.
780 1021 883 1076 Liberti
897 1025 1002 1092 inprnti.
1026 1037 1028 1042 ’
1525 1093 1526 1098 ¹

314 1124 422 1188 Porro
444 1123 529 1187 banc
551 1124 700 1188 miseram
724 1124 949 1193 conditionem
969 1125 1124 1209 subibant
1142 1123 1203 1188 IV.
1227 1126 1333 1186 liberte·
1354 1127 1479 1206 engrati,

230 1251 313 1313 quos
330 1231 487 1294 Claudius
498 1213 580 1316 Imp.
594 1234 773 1295 revocabat
790 1231 824 1293 in
840 1231 1050 1296 servitutem:
1064 1253 1128 1316 qua
1143 1231 1234 1294 dere
1247 1231 1370 1295 dictum
1389 1253 1480 1314 supra

232 1335 273 1399 ad
289 1337 468 1402 nnita
490 1339 543 1401 VI.
558 1340 633 1421 §.9.
743 1376 744 1379 κ

843 1454 899 1516 ,7.
1268 1451 1271 1454 ’
1525 1437 1526 1508 l

648 1545 676 1615 Vr
700 1563 755 1621 Qui
770 1579 798 1614 se
816 1454 972 1616 {nanclart
983 1565 1067 1633 poesi.
1150 1637 1151 1640 Ἴ

315 1659 388 1722 Nec
408 1661 512 1724 minus
526 1661 719 1727 -libertatem
740 1663 937 1726 amittebant
953 1663 996 1726 V.
1015 1665 1151 1745 majores
1168 1663 1240 1725 XX
1250 1667 1355 1737 annis,
1375 1663 1479 1747 quise

232 1767 332 1851 pretii
349 1768 571 1851 participandi
586 1791 697 1834 caussa
712 1770 905 1833 venumdari
921 1771 1007 1852 passi
1023 1769 1166 1854 fuerant,
1178 1770 1219 1833 de
1234 1771 1353 1854 quibus
1371 1769 1478 1834 itidem
1525 1777 1526 1836 l

226 1874 298 1957 jam
315 1873 453 1937 dictum:
469 1877 535 1938 Lis.
552 1878 578 1940 Ι.
599 1877 656 1939 mn
671 1878 731 1938 III.
744 1879 776 1958 §.
794 1877 825 1938 7.
842 1878 872 1941 8.

820 2009 850 2090 §-
871 2007 902 2070 s.

567 2113 612 2166 Vl.
628 2113 757 2168 Mulieres
775 2115 866 2168 servili
883 2131 972 2168 amore
991 2113 1155 2168 bacchantes.

256 2199 259 2204 .
283 2275 287 2280 .
317 2213 390 2276 Nec
407 2213 552 2277 melioris
576 2214 775 2278 conditionis
792 2203 886 2279 erant
903 2215 962 2278 VI.
978 2215 1144 2299 ingenuae
1161 2214 1335 2298 mulieres,
1352 2203 1479 2300 quaein

234 2320 321 2386 servi
336 2321 438 2385 alieni
461 2320 631 2405 amplexus
649 2323 791 2385 ruebant
805 2328 850 2403 s).
873 2321 974 2400 Quod
997 2324 1023 2386 si
1043 2324 1131 2386 enim
1150 2322 1285 2385 domino
1306 2323 1433 2403 invito,
1452 2330 1479 2384 et

233 2429 316 2511 hoc,
340 2427 396 2492 vel
415 2428 536 2512 pupilli
556 2437 684 2512 tutore,
706 2429 761 2492 vel
785 2439 998 2514 procuratore
1021 2428 1163 2512 domini,
1183 2438 1235 2494 ter
1254 2429 1479 2510 denunciante,
1525 2457 1526 2464 ¹

235 2538 269 2600 in
289 2536 408 2599 eodem
429 2535 649 2599 coutubernio
674 2545 941 2620 perseverassent
949 2561 957 2612 ;
980 2539 1131 2611 ancillae,
1155 2537 1243 2618 sive,
1262 2536 1323 2616 illo
1348 2559 1479 2600 consen-

234 2645 351 2724 tiente,
363 2645 492 2704 libertae
505 2641 741 2726 efficiebantur,
754 2644 890 2707 decreto
909 2651 943 2707 et
955 2644 1200 2728 adjudicatione
1212 2644 1394 2708 Praetoris.
1412 2643 1479 2706 Vid.

231 2749 327 2814 Paul.
349 2750 504 2812 Sententt.
529 2752 603 2813 Bac.
624 2751 666 2812 II.
687 2750 738 2812 21.
757 2753 799 2812 A.
817 2751 846 2811 1.
859 2773 892 2832 p.
909 2774 949 2814 m.
967 2751 1039 2816 305.
1060 2741 1204 2814 Tertull.
1224 2753 1270 2812 ad
1288 2772 1381 2814 naor.
1399 2752 1441 2813 II.
1455 2749 1479 2812 8.

186 2919 188 2924 ,
234 2857 363 2920 Auctor
376 2855 471 2942 hujus
484 2857 568 2942 juris
583 2857 742 2923 Claudius
756 2857 943 2939 Imperator
957 2859 1031 2941 fuit,
1047 2869 1083 2923 ut
1095 2866 1189 2944 patet
1203 2880 1246 2921 ex
1264 2857 1387 2921 Tacito
1402 2860 1479 2919 Ann.

171 3031 177 3038 ,
237 2966 312 3027 XII.
327 2964 378 3027 53.
392 2963 439 3044 ¹¹),
457 2985 500 3027 ex
520 2987 585 3050 quo
606 2953 701 3027 simul
721 2963 891 3045 discimus,
910 2964 1073 3030 Pallantis
1089 2967 1203 3031 liberti
1221 2966 1256 3029 id
1277 2985 1349 3028 esse
1369 2965 1479 3028 inven—
1525 2953 1526 3030 ἶ

235 3079 322 3155 tum,
342 3071 394 3134 cui
412 3065 490 3134 ideo
512 3071 654 3156 insignia
671 3071 847 3136 Praetoria
866 3081 900 3134 et
922 3073 1047 3136 centies
1066 3073 1284 3158 quinquagies
1300 3072 1478 3135 sestertium
1525 3097 1526 3148 g

235 3178 386 3242 decrevit
400 3177 555 3242 Senatus:
574 3179 661 3256 Plin.
677 3179 762 3239 Hist.
780 3179 858 3240 Nat.
873 3181 1013 3243 XXXV.
1029 3203 1054 3243 c.
1063 3185 1187 3264 penult.
1204 3189 1239 3244 et
1257 3180 1342 3243 alter
1358 3179 1479 3242 Plinius

234 3287 337 3369 Epist.
358 3287 444 3349 VIII.
460 3288 498 3378 5.ι
521 3286 677 3372 Denique
697 3275 1023 3351 Senatusc'onsultum
1042 3287 1125 3352 illud
1146 3289 1180 3351 in
1205 3310 1295 3351 usum
1315 3284 1479 3351 revocavit
1525 3307 1526 3374 l

234 3393 475 3478 Vespasianus,
503 3395 529 3455 si
554 3393 602 3455 ita
628 3391 867 3478 intelligendus
899 3394 991 3457 locus
1015 3395 1168 3459 Suetonii
1188 3391 1284 3477 'Vesp
1300 3395 1350 3457 11.
1365 3395 1410 3476 ¹).
1439 3393 1479 3455 At

306 3598 337 3664 l)
357 3597 475 3650 Meliora
498 3598 533 3649 dc
549 3613 653 3664 poenae
674 3600 811 3664 servitute,
829 3599 945 3668 ejusque
968 3605 995 3652 et
1011 3599 1117 3666 origine
1132 3603 1162 3652 'ct
1177 3601 1207 3653 vi
1226 3615 1259 3652 ac
1276 3604 1427 3666 potestate,
1444 3599 1478 3650 in·
1525 3565 1526 3650 l

233 3682 325 3737 venies
343 3683 418 3748 apud
437 3681 586 3734 Marezoll:
604 3679 670 3734 iiber
684 3683 725 3738 die
743 3682 859 3752 biirqerl.
877 3684 951 3736 Elre
968 3684 1072 3751 (Giess.
1088 3687 1169 3752 1824)
1184 3686 1262 3740 Bucb
1276 3687 1297 3738 1.
1318 3685 1438 3738 Abscbn
1449 3683 1479 3734 11.
1525 3655 1526 3732 l

232 3771 297 3837 §.2
314 3783 341 3834 p.
360 3770 506 3830 Ἃ-Βᾱ,
525 3764 701 3834 quiquidem
721 3768 828 3821 invictis
846 3768 1012 3832 argumentis
1031 3769 1137 3834 docuit,
1156 3771 1255 3822 falsum
1272 3769 1301 3822 id
1318 3785 1393 3833 ase,
1412 3766 1480 3836 quod
1525 3745 1526 3826 l

232 3855 317 3919 vulgo
335 3850 506 3914 existimant,
524 3849 634 3916 capitali
652 3853 788 3920 supplicio
806 3852 890 3904 veteri
903 3853 967 3918 jure
984 3853 1119 3906 neuriucm
1133 3853 1237 3907 civium
1254 3854 1336 3918 plecti
1354 3853 1479 3920 potuisse,
1525 3831 1526 3908 l

235 3941 293 3989 tum
314 3933 568 3999 rcr0,'servitute1n
591 3933 673 3988 istam
696 3953 803 4003 poenae
826 3937 878 3988 sub
895 3935 1106 4003 imperatoribus
1125 3939 1234 3990 demum
1252 3953 1307 3991 usu
1325 3938 1478 3999 invaluisse,
1525 3911 1526 3964 l

233 4010 423 4086 diversamque
441 4017 526 4071 luisse
543 4019 728 4074 conditionem
746 4020 905 4086 hujusmodi
923 4037 1065 4074 servorum
1081 4029 1109 4074 et
1125 4022 1306 4088 publicorum.
1331 4022 1422 4076 llfilltl.

301 4107 335 4171 g)
355 4104 436 4156 Tales
460 4104 587 4158 mulieres
612 4111 690 4158 notat
715 4107 825 4156 Petron.
846 4105 903 4158 Sat.
922 4123 952 4173 p.
971 4110 1030 4160 127.
1065 4107 1203 4164 Quaedam
1218 4107 1343 4174 semines
1367 4106 1479 4160 sorano

232 4189 327 4252 calent,
345 4203 394 4240 nee
412 4187 544 4241 libidinem
562 4192 701 4250 concitent,
720 4189 772 4241 nisi
788 4197 835 4240 unt
850 4205 939 4241 servos
957 4191 1143 4252 viderint-ont
1160 4200 1271 4245 stateres
1289 4191 1370 4244 ellim
1382 4193 1479 4244 nnana
1525 4227 1526 4244 .

231 4273 346 4325 Heren'n
363 4271 465 4342 aliqum
483 4273 620 4337 adcendit,
638 4281 686 4324 ant
697 4271 827 4339 perfiant
842 4274 953 4341 pavere
970 4275 1065 4336 mulio,
1087 4284 1135 4327 aut
1156 4276 1265 4341 dianio,
1288 4293 1385 4330 scenae
1403 4284 1479 4330 oeten

140 4343 143 4348 ⁵
223 4358 330 4410 latim
348 4359 492 4411 traductus.
510 4357 554 4410 Ex
571 4357 621 4408 bac
638 4364 701 4408 neta
719 4357 824 4408 domnia
842 4366 880 4409 cst
896 4375 964 4409 mec.
983 4358 1065 4410 Haris.

300 4443 334 4508 h)
353 4442 463 4494 Videt
480 4441 543 4508 Geji
561 4441 628 4494 Inst.
645 4441 668 4492 l.
685 4444 727 4493 91.
746 4446 773 4492 et
793 4445 850 4494 160.
869 4442 931 4506 Ulp.
949 4443 1002 4495 XI.
1021 4443 1042 4509 ξ.
1063 4448 1102 4494 11.
1125 4441 1214 4496 ΜιὶΙιὶ.
1525 4511 1526 4526 .

306 4527 331 4594 i)
351 4525 412 4578 Nisi
439 4526 511 4577 torte
535 4524 625 4578 dicere
651 4525 747 4590 malis,
766 4525 968 4591 Vespasianum
986 4542 1017 4580 ca
1035 4528 1070 4580 de
1089 4544 1118 4580 re
1136 4529 1172 4582 ad
1195 4529 1325 4583 Senatum
1351 4529 1478 4588 retulisse,
1525 4531 1526 4598 l
