3040 5164
667 564 1000 629 LIB.11.T1T.11.
1053 637 1058 646 ,

815 751 850 786 DE

230 869 404 948 REBUS
431 868 835 944 CORPORALIBUS
861 867 930 942 ET
958 831 1428 942 INGORPORALIBUS.

292 1055 420 1128 Novam
437 1085 542 1128 rerum
560 1064 754 1128 divisionem
773 1063 836 1125 hoc
857 1064 955 1128 titulo
975 1062 1142 1148 subjungit
1160 1037 1354 1144 Imperator.
1376 1076 1452 1121 con-

211 1190 362 1249 consults
381 1173 467 1236 enim
486 1172 571 1236 aliae
593 1180 684 1252 sunt,
704 1172 789 1235 aliae
811 1168 1085 1252 luconronnntts,
1102 1168 1143 1231 de
1163 1169 1281 1253 quibus
1303 1166 1452 1250 pauciora

210 1281 275 1346 dici
290 1289 425 1367 possunt
442 1301 484 1342 ex
500 1279 749 1364 antiquitatibus
763 1285 807 1360 ⁸).

210 1516 325 1569 Scbcurl
350 1512 426 1565 Dies.
452 1528 515 1562 num
529 1511 604 1580 juris
633 1514 749 1579 pontium
775 1507 985 1580 acquisitionibus
1008 1507 1150 1560 dominium
1177 1506 1250 1558 ciuile
1277 1505 1449 1558 Romanorum
1512 1469 1513 1548 i

209 1599 332 1669 effectum
350 1599 391 1650 sit.
409 1598 465 1649 Eri.
486 1600 560 1648 1836.
576 1599 601 1648 8.
616 1625 642 1634 -
660 1595 737 1659 Jam,
756 1610 846 1646 rerum
865 1611 914 1645 nec
933 1591 1050 1658 mancipi
1069 1591 1208 1644 traditione
1227 1588 1319 1642 statim
1338 1592 1448 1642 enectum

209 1701 269 1738 esse
287 1682 438 1735 dominium
462 1697 496 1732 cx
511 1681 574 1748 jurc
593 1680 755 1744 Quiritium,
776 1685 878 1742 certum
897 1685 939 1730 est
958 1677 1034 1743 (Gaj.
1053 1677 1088 1729 11.
1104 1680 1147 1729 20.
1165 1680 1208 1728 21.
1225 1675 1289 1740 Uip.
1309 1673 1391 1728 XIX.
1407 1675 1450 1738 7.).
1512 1673 1513 1680 ’

210 1772 247 1823 nt
264 1770 297 1821 dc
317 1765 427 1836 reliquis
441 1766 513 1832 juris
531 1765 650 1832 gentium
670 1764 895 1834 acquisitionibus
914 1763 1060 1817 dubitatur.
1079 1763 1170 1814 Etme
1184 1760 1296 1829 quidem
1309 1761 1382 1813 baud
1393 1775 1447 1826 poe

210 1855 285 1916 nitet,
298 1867 393 1904 eorum
410 1851 538 1902 accedere
547 1850 704 1915 sentcntiae,
723 1849 771 1918 qui
788 1851 902 1902 candem
920 1850 973 1902 illis
985 1847 1215 1917 adquisitionibus
1232 1851 1392 1912 potestatem
1409 1844 1450 1895 tri·

211 1939 307 2001 buant,
334 1939 445 2002 pienum
469 1935 600 1988 efficiendi
624 1934 652 1987 in
669 1951 718 1986 nec
736 1935 853 2000 mancipi
872 1936 953 1988 rebus
974 1931 1133 1987 dominium.
1164 1930 1255 1993 Quid?
1276 1932 1349 1998 quod
1364 1946 1445 1981 conse-

211 2037 298 2090 quens
321 2027 362 2073 est
389 2020 491 2084 dicere,
518 2019 663 2072 occessioirc
688 2035 757 2088 quac
781 2019 969 2089 acquirantur,
997 2019 1093 2070 eodern
1113 2017 1176 2084 jure
1199 2017 1310 2084 quaeri,
1335 2031 1384 2084 qao
1407 2029 1448 2071 res
1512 2047 1513 2076 ,

210 2106 367 2173 principalis
385 2112 508 2158 tencatur
526 2123 542 2158 a
560 2103 680 2168 domino,
698 2111 755 2156 tum
775 2121 847 2168 cero,
860 2121 930 2173 quac
947 2105 982 2157 ab
999 2103 1124 2157 hostibus
1140 2101 1292 2167 capiantur,
1311 2102 1388 2167 pleno
1396 2101 1451 2166 jure
1512 2093 1513 2156 i

210 2192 270 2244 tieri
287 2191 486 2258 occupantium,
498 2189 555 2242 sive
573 2189 691 2256 mancipi
709 2190 771 2257 sint,
789 2191 847 2244 sive
861 2201 910 2243 ne‘c
927 2189 1045 2256 mancipi
1063 2205 1119 2250 res;
1141 2187 1364 2255 quandoquidem
1384 2203 1450 2247 „nc
1512 2169 1513 2180 ¹

210 2279 279 2330 sime
297 2293 351 2329 erse
363 2293 411 2328 sua
422 2275 586 2328 credebant”
597 2263 718 2339 veteres,
736 2294 825 2345 „quac
838 2295 870 2328 cc
883 2275 996 2328 hostibus
1010 2272 1165 2342 cepissent,”
1178 2273 1251 2324 unde
1263 2278 1291 2324 et
1303 2273 1333 2325 in
1346 2268 1452 2324 sectione

210 2367 292 2430 atquc
310 2361 435 2414 auctione
454 2361 529 2414 busta
546 2361 700 2425 utebantur,
719 2362 785 2414 etin
802 2351 1031 2414 vindicationibus
1038 2358 1158 2427 festuca,
1175 2357 1277 2427 „quusi
1286 2357 1380 2408 bastae
1398 2355 1451 2409 icco,

210 2449 283 2515 ripuo
308 2448 420 2515 quodam
434 2449 507 2516 justi
523 2446 655 2498 dommii.''
678 2447 754 2512 (Gaj.
772 2449 821 2500 IV.
840 2449 861 2514 t.
884 2447 950 2513 16.).
977 2445 1077 2512 Igitur,
1092 2459 1163 2513 quae
1187 2447 1330 2508 practerea
1348 2439 1453 2493 naturali

211 2533 315 2584 ratione
333 2531 508 2599 quaeruntur,
526 2531 554 2582 in
572 2529 644 2582 bonis
662 2537 726 2584 sunt
745 2533 813 2598 ejus,
831 2530 875 2584 cui
893 2529 1050 2599 acquiritur.
1069 2531 1105 2582 Et
1123 2527 1210 2581 simite
1227 2531 1268 2578 est
1283 2526 1333 2593 jus
1352 2527 1452 2578 Fracto

210 2616 311 2668 riarum
330 2615 540 2684 acquisitionum
557 2615 624 2682 (vid.
642 2622 698 2668 not.
717 2618 768 2684 q.),
787 2617 840 2670 nisi
858 2617 933 2686 quod
952 2615 1089 2668 interdurn
1108 2615 1195 2666 bonae
1212 2611 1276 2664 fidei
1295 2608 1452 2676 possessoris

207 2703 270 2768 jure
292 2700 555 2754 circumscriberetur
578 2699 616 2764 is,
636 2701 683 2770 qui
707 2719 741 2753 ex
768 2717 850 2754 causa
868 2703 904 2754 ad
929 2700 1093 2753 bonitsrium
1116 2699 1286 2752 efficiendum
1311 2693 1450 2746 dominium

211 2801 259 2852 per
277 2785 434 2853 sequidem
452 2787 550 2839 idonea
564 2787 611 2854 jus
632 2787 744 2855 aliquod
761 2787 951 2852 impetraverat
969 2802 986 2838 a
1003 2788 1146 2847 Praetore;
1166 2801 1191 2837 v.
1208 2801 1231 2834 c.
1251 2782 1289 2845 is,
1304 2778 1355 2848 qui
1373 2778 1452 2832 damni

211 2871 303 2924 infecti
319 2869 429 2924 nomine
448 2873 611 2924 sesecundo
630 2873 734 2924 decreto
752 2871 779 2923 in
797 2865 877 2925 aedes
896 2871 1021 2924 ruinosas
1039 2869 1140 2923 missus
1157 2874 1206 2932 est,
1224 2865 1385 2920 adversario
1402 2863 1452 2934 qui·

211 2958 273 3009 dem
291 2972 344 3008 non
363 2957 510 3009 constituto
528 2959 589 3023 ipso
608 2956 716 3010 aedium
734 2955 846 3009 domino
867 2959 912 3026 (L.
924 2961 949 3010 9.
964 2958 984 3024 t.
999 2962 1023 3009 4.
1031 2961 1063 3008 .5.
1075 2957 1106 3007 1..
1120 2958 1240 3007 10—12.
1262 2954 1296 3006 D.
1316 2954 1349 3004 dc
1369 2953 1453 3004 muro

210 3041 532 3109 infecto,¹Unterholzner
552 3044 647 3096 Rheiu.
669 3045 739 3095 Mus.
751 3044 786 3095 V.
802 3059 828 3107 p.
843 3044 895 3110 a),
913 3055 995 3106 porro
1013 3043 1154 3093 Bonorum
1172 3052 1326 3105 possessor,
1345 3036 1389 3088 cui
1406 3051 1452 3088 rou

211 3126 292 3180 etiam
310 3125 431 3178 evincere
448 3133 555 3193 poterat
572 3130 650 3181 heres
667 3129 743 3196 (Gaj.
755 3129 790 3180 ΙΙ.
811 3131 869 3180 148.
886 3131 942 3180 149.
960 3128 1010 3179 ΙΙΙ.
1021 3129 1064 3178 36.
1079 3127 1147 3192 37.).
1157 3124 1348 3175 -Cacterum
1363 3138 1414 3174 nec
1426 3121 1453 3171 de

211 3227 244 3264 eo
262 3211 331 3264 inter
350 3212 444 3265 doctos
461 3211 584 3265 homines
602 3219 721 3276 constat,
740 3213 828 3281 quatis
847 3211 917 3262 actio
937 3211 1008 3277 juris
1027 3210 1071 3263 sui
1088 3208 1268 3277 persequendi
1287 3222 1373 3260 causa
1390 3221 1452 3257 corn·

114 3345 119 3354 ,
211 3302 305 3363 parata
327 3297 409 3349 fuerit
430 3299 565 3351 bonitario
594 3297 722 3350 dominor
748 3297 837 3363 (Nam
855 3299 888 3350 cf.
907 3297 1044 3348 Zimmern
1063 3295 1080 3347 l.
1103 3295 1120 3347 l.
1140 3294 1166 3359 p.
1184 3297 1354 3346 aco—343.
1378 3293 1448 3354 nugo

214 3383 249 3435 R.
272 3382 305 3435 G.
322 3397 349 3448 p.
368 3386 427 3435 325.
445 3383 643 3435 Unterholzner
662 3383 760 3435 Rbciu.
778 3384 849 3434 Mus.
867 3383 901 3434 V.
917 3399 942 3448 p.
968 3386 1006 3434 14.
1025 3397 1084 3449 sqq.
1103 3395 1176 3431 num.
1192 3379 1283 3444 XV.).
1302 3376 1451 3431 Publiciana

211 3466 239 3518 in
255 3482 311 3518 rem
329 3465 400 3518 actio
417 3468 528 3520 minime
545 3467 685 3528 convenit,
698 3484 748 3519 nec
763 3467 820 3534 juri
838 3469 872 3520 de
890 3483 945 3536 quo
963 3467 1007 3520 hic
1028 3463 1174 3534 quaeritur,
1187 3479 1237 3516 nec
1250 3465 1335 3532 hujus
1350 3459 1453 3517 actionis

212 3553 359 3616 formulae,
377 3567 458 3620 quarn
484 3551 563 3605 nobis
587 3553 709 3618 prodidit
735 3555 820 3620 Gajus
842 3552 911 3620 (IV.
923 3553 997 3619 36.),
1020 3550 1156 3620 quidquid
1169 3555 1272 3619 contra
1298 3549 1374 3600 dicat
1390 3547 1455 3599 Ziu-

212 3651 320 3688 mernus
339 3638 355 3689 l.
372 3637 388 3689 l.
407 3639 464 3690 Nec
481 3637 568 3704 magis
586 3638 644 3690 fieri
662 3643 776 3704 poterat,
794 3644 824 3690 ut
842 3637 995 3706 simpliciter
1012 3639 1121 3689 daretur
1137 3635 1263 3700 petitoria
1281 3635 1409 3698 formata,
1426 3633 1455 3684 si-

146 3794 150 3802 .
213 3722 322 3791 quidem
340 3728 422 3786 actor,
442 3724 522 3773 hacce
539 3723 655 3776 formula
673 3729 761 3789 utens,
780 3743 813 3776 cc
822 3724 889 3792 jure
906 3723 1049 3781 Quiritium
1063 3738 1120 3774 rem
1135 3735 1195 3772 esse
1210 3735 1288 3771 suam
1306 3718 1456 3770 intendebat

214 3805 285 3875 (cic.
303 3807 330 3858 in
355 3807 476 3860 Vermll.
497 3808 562 3874 12).
587 3811 624 3862 At
641 3808 754 3871 utiliter,
773 3823 822 3860 seu
831 3807 945 3875 fictione
968 3807 1083 3860 adbibita
1101 3806 1227 3872 petitoria
1245 3806 1366 3857 formula
1383 3819 1457 3856 usum

212 3907 272 3946 esse
289 3897 415 3957 actorem,
434 3893 475 3957 id,
494 3909 578 3960 quum
597 3894 707 3946 omnino
725 3887 947 3946 conveniens'est
960 3893 1031 3960 juris
1049 3891 1163 3954 rationi,
1181 3898 1238 3943 tum
1256 3905 1323 3942 vero
1343 3883 1457 3942 lucuten-

212 3983 252 4030 ter
264 3980 437 4030 confirmatur
450 3977 512 4043 Gaji
530 3977 686 4032 testimonio
692 3997 699 4040 ;
719 3979 775 4047 qui,
794 3981 982 4044 expositurus,
1001 3979 1140 4048 quomodo
1158 3980 1301 4029 Bonorum
1319 3989 1458 4040 possessor

211 4066 275 4118 ficto
293 4079 323 4116 se
340 4065 439 4115 herede
462 4069 538 4129 agat,
558 4065 611 4116 talc
635 4065 746 4132 subjicit
763 4065 934 4129 exemplum:
954 4065 1001 4129 „si
1020 4067 1107 4116 Aulus
1125 4063 1240 4130 Agerius
1259 4060 1291 4112 L.
1311 4060 1371 4127 Seii
1390 4060 1459 4110 bores

211 4155 298 4214 esset,
315 4155 385 4211 turn,
403 4151 427 4202 si
444 4150 465 4200 is
474 4149 594 4217 fundus,
614 4152 713 4218 dequo
732 4150 828 4217 cipitur,
847 4167 880 4200 cx
888 4152 956 4218 jure
979 4151 1121 4208 Quiritium
1140 4149 1196 4218 cjur
1214 4147 1303 4199 essct'’
1331 4149 1380 4201 rei.
1403 4145 1459 4215 (IV.

211 4237 279 4302 34).
298 4235 386 4288 Miilrt.

281 4321 311 4387 a)
332 4319 432 4372 Christ.
451 4318 524 4372 Frid.
543 4321 591 4371 Ge.
611 4317 725 4372 Meister
743 4321 789 4371 Pr.
810 4321 841 4370 de
860 4320 1028 4390 pbilosophis
1045 4317 1301 4388 Jurisconsultorum
1327 4317 1459 4369 Romano-

211 4423 272 4458 rum
292 4407 380 4459 Stoica
397 4407 425 4458 iu
437 4407 557 4458 doctriua
575 4405 606 4457 de
625 4403 778 4472 corporibus
790 4423 930 4474 corumque
943 4402 1043 4472 partib.
1059 4405 1300 4458 Gott.1rcc.4.et
1316 4402 1346 4454 in
1363 4403 1459 4468 Opnsc·

213 4491 244 4541 Τ.
256 4491 277 4542 Ι.
291 4505 316 4555 p.
333 4495 493 4544 507-563.
511 4489 601 4543 Houb.
620 4491 664 4541 Jo.
686 4489 768 4540 Andr.
789 4490 891 4542 Ortloti
904 4489 970 4540 iiber
984 4489 1034 4540 deu
1052 4487 1167 4558 Eiufluss
1186 4490 1233 4540 dci·
1246 4487 1383 4540 Stoircben
1399 4487 1459 4538 Pii·
1512 4469 1513 4540 i

213 4574 327 4643 loropbie
345 4575 400 4642 aus
411 4576 451 4628 dic
465 4575 531 4628 r'o‘m.
549 4575 747 4643 Jurisprudeuz
768 4575 837 4642 (Eri.
858 4575 948 4644 1797.)
968 4590 994 4640 p.
1012 4579 1046 4628 97
1055 4603 1089 4614 -·
1100 4577 1157 4627 110.
1179 4572 1265 4625 Miibl.
