3056 5154
234 365 306 432 558
601 358 677 425 Lus.
702 357 767 426 lll.
792 356 872 425 Tr'r.
897 355 990 426 xxi.
1015 357 1120 446 (XX.)
1165 393 1170 400 ·

232 539 276 598 1).
296 537 336 597 de
350 532 509 615 numm.
522 533 553 593 5.
568 531 602 592 0.
617 533 683 594 eod.
706 531 785 596 Uno
808 539 919 596 tamen
935 531 1099 614 solvente,
1119 531 1349 600 liberabantur
1367 541 1475 602 ceteri:

233 650 261 718 §.
276 643 307 704 4.
322 643 400 703 Imt.
416 643 445 703 Ιι.
461 650 483 702 t.
502 639 581 724 Gaji
596 641 674 703 last.
682 641 726 701 Il.
735 640 767 704 9.
776 640 806 703 2.
821 639 941 704 Jacob.
951 639 1105 724 Cujaeius
1124 641 1299 704 obserata
1307 644 1476 708 Huius.

816 812 844 894 ς.
866 812 897 873 9.

692 927 857 996 Beneficium
877 928 1017 984 divisionis.

314 1048 362 1112 At
377 1047 471 1110 illum
488 1044 608 1108 veteris
618 1044 703 1127 juris
719 1046 862 1128 rigorem
878 1044 1008 1109 sustulit
1029 1043 1229 1128 Hadrianus,
1251 1049 1345 1133 eujus
1361 1068 1403 1112 ex
1416 1051 1477 1133 epi-

231 1154 317 1221 stola
332 1154 419 1217 inter
438 1153 646 1237 fidejussores
670 1173 789 1237 aeque,
812 1174 851 1214 ac
873 1135 1100 1234 mandatores,
1117 1153 1330 1220 dividebatur
1346 1157 1442 1238 actio,
1455 1158 1476 1220 si

231 1262 301 1326 litis
316 1261 553 1326 contestandae
570 1268 721 1344 tempore
738 1279 851 1324 omnes
868 1268 978 1324 essent
993 1259 1172 1326 solvendo:
1189 1263 1227 1324 Ia
1238 1263 1289 1326 26.
1307 1265 1349 1325 D.
1365 1268 1429 1328 eod.
1442 1270 1476 1345 r).

219 1371 327 1448 ,Haec
342 1368 485 1454 epistola
507 1367 628 1432 deinde
649 1369 774 1432 inserta
797 1376 848 1431 est
868 1367 989 1433 Edicto
1014 1377 1189 1452 perpetuo,
1215 1369 1304 1432 unde
1328 1372 1362 1435 id
1384 1373 1475 1436 bene

230 1479 338 1542 licium
355 1499 399 1542 ex
421 1477 533 1540 edicto
558 1475 729 1540 Praetoris
748 1475 879 1539 derivat
896 1474 1020 1539 Paulus
1036 1477 1190 1538 Sententt.
1200 1478 1345 1559 Recepti.
1360 1480 1475 1542 [20AE

229 1589 283 1654 Ex
299 1608 365 1671 quo
382 1593 485 1670 patet,
503 1582 635 1648 humani
658 1582 738 1666 quid
758 1603 885 1666 passum
908 1603 979 1644 esse
999 1582 1180 1666 Cujaoium,
1197 1585 1254 1668 qui
1277 1587 1323 1648 od
1342 1591 1389 1648 et.
1409 1590 1475 1650 lust.

229 1696 362 1757 deSOto
374 1688 748 1773 lbrtulliunoepistolam
760 1689 850 1754 illam
866 1712 933 1753 non
941 1690 1127 1774 Hadriano,
1136 1693 1195 1756 sed
1208 1692 1252 1757 D.
1266 1692 1343 1772 Pio,
1357 1694 1474 1774 tribuit,

230 1809 307 1864 ante
324 1802 413 1884 cujus
429 1808 580 1882 tempora
588 1799 659 1882 jam
676 1797 887 1881 compilatum
905 1807 976 1862 erat
991 1798 1145 1864 Edictum
1160 1808 1367 1884 perpetuum.
1392 1801 1475 1878 Quo
1519 1843 1520 1870 ,

229 1907 328 1969 modo
347 1928 425 1970 vero
442 1906 515 1970 aD.
529 1905 593 1967 Pio
610 1925 681 1968 esse
693 1911 814 1988 potest,
827 1907 916 1988 quod
927 1908 997 1991 jam
1010 1907 1131 1970 Edicto
1144 1918 1309 1992 perpetuo
1326 1908 1474 1972 insertum

229 2015 358 2080 fuerat?
389 2012 534 2077 Videtur
556 2020 666 2075 tamen
687 2013 730 2075 D.
759 2013 839 2076 Pius
863 2012 946 2075 illud
974 2015 1170 2079 beneficium
1195 2016 1368 2080 divisionis
1396 2039 1474 2080 nova
1519 2059 1520 2130 1

229 2121 371 2206 epistola
387 2121 595 2203 stabilivisse,
618 2121 708 2204 eujus
729 2120 891 2204 quaedam
915 2131 1089 2204 supersunt
1103 2123 1263 2208 vestigia:
1286 2124 1326 2185 L.
1339 2123 1391 2186 49.
1413 2126 1472 2207 §L
1519 2133 1520 2192 l

227 2233 269 2292 1).
285 2232 323 2292 de
339 2231 497 2312 Fidejuss.

1519 2509 1520 2550 r

1519 2557 1520 2594 l

806 2343 835 2424 ᾗ
849 2343 900 2405 10.

770 2457 808 2510 Et
824 2459 932 2510 ordrits‘t.

309 2575 467 2658 Denique
484 2582 518 2637 et
532 2573 735 2638 Justinianus
748 2549 943 2637 benefitium
956 2574 1080 2638 ordinis
1096 2575 1233 2640 indulsit
1247 2577 1329 2638 Noe.
1339 2577 1430 2640 IV.1.
1444 2583 1469 2658 ¹)

181 2673 185 2684 Α
228 2684 270 2748 de
286 2704 352 2768 quo
368 2703 430 2744 nec
446 2703 512 2743 non
529 2681 571 2744 de
591 2679 755 2743 beneficio
777 2680 998 2745 cedendarum
1015 2682 1179 2746 actionum
1202 2683 1299 2767 plura
1315 2707 1473 2750 commen·
1519 2677 1520 2756 l

226 2799 336 2856 tantur
351 2790 515 2871 doctores,
532 2811 616 2875 quae
630 2787 684 2851 hie
699 2797 852 2873 repetere
868 2812 934 2854 non
954 2797 1050 2854 vacat
1065 2794 1105 2871 t).
1519 2777 1520 2830 l

225 3021 286 3076 tur3
305 3013 455 3080 eademque
472 3012 531 3077 lege
548 3015 665 3074 cautum,
689 3016 721 3064 ut
737 3011 808 3064 inter
825 3013 917 3077 plures
935 3025 986 3077 pro
1003 3011 1127 3079 pertibus
1150 3009 1275 3067 virilibus
1301 3014 1393 3068 divisa
1409 3021 1472 3068 esset
1519 3069 1520 3088 χ

225 3098 365 3166 obligatio,
383 3112 468 3165 quum
487 3101 573 3159 antea,
592 3095 714 3150 similiter
731 3102 762 3148 ut
779 3095 963 3162 fidejussores,
982 3096 1011 3148 in
1029 3095 1148 3149 solidum
1166 3096 1267 3162 singuli
1283 3099 1470 3166 obligarentur,
1519 3127 1520 3166 3

225 3183 265 3238 sie
282 3187 383 3245 nmen,
401 3188 441 3246 ut,
457 3181 484 3234 si
501 3181 563 3250 quis
581 3195 676 3234 eorum
694 3184 756 3248 plus
771 3197 822 3234 sua
838 3180 964 3247 portione
981 3180 1115 3245 solvisset,
1134 3185 1246 3247 exlege
1257 3185 1380 3251 Apuleja
1391 3187 1469 3244 deso,
1519 3183 1520 3208 ¹

224 3268 299 3337 qnod
317 3266 434 3333 amplius
460 3268 580 3319 solutum
603 3272 683 3330 esset,
708 3267 839 3319 adversus
862 3272 967 3319 eeteros
991 3267 1063 3319 aetio
1085 3267 1202 3320 daretur.
1228 3268 1369 3331 Quoniam
1387 3277 1469 3322 auteur
1519 3283 1520 3336 ;

224 3355 283 3406 Lex
299 3353 384 3405 Furia
400 3353 496 3404 ltaliae
513 3358 617 3404 tantum
635 3352 730 3406 ineolis
749 3352 812 3404 data
829 3355 878 3414 est,
902 3356 999 3416 postea
1025 3367 1136 3420 quoque
1159 3367 1227 3404 usus
1249 3362 1395 3420 supererat
1410 3355 1469 3420 tegis
1519 3365 1520 3402 i

223 3439 372 3505 Apulejae,
389 3436 518 3489 nimirum
536 3452 630 3490 eorum
648 3437 676 3489 in
692 3436 822 3502 gratiam,
841 3436 888 3504 qni
906 3443 993 3488 extrav
1004 3437 1110 3490 Italiam
1128 3436 1278 3504 sponsione
1294 3440 1341 3492 vel
1359 3441 1470 3506 tidepro·

223 3524 353 3576 missione
371 3537 431 3576 sese
447 3522 640 3590 obligaverant
658 3523 719 3589 Gaj‚
736 3525 756 3590 t.
777 3527 834 3575 121.
857 3526 912 3574 122
931 3521 1018 3574 Miilrt
1202 3553 1204 3558 ·
1519 3543 1520 3562 1

172 3637 186 3682 <
292 3609 319 3675 r)
340 3609 376 3661 D.
394 3609 528 3661 Hadriani
545 3607 627 3674 igitur
644 3608 759 3674 epistola
776 3621 831 3659 non
843 3589 904 3672 ipso
914 3607 978 3672 jure
991 3607 1061 3659 inter
1073 3608 1166 3672 plures
1181 3607 1370 3674 fidejussores,
1383 3625 1469 3676 quen·

223 3691 370 3744 admodum
393 3695 451 3759 lege
475 3693 557 3745 Furia
574 3693 643 3745 inter
667 3705 814 3758 sponsores
839 3697 866 3743 et
890 3693 1133 3758 fidepromissores,
1155 3694 1287 3760 obligatio
1312 3693 1405 3748 divisa
1420 3701 1468 3754 ese

222 3793 310 3845 neque
327 3775 394 3842 legis
413 3779 546 3844 Apulejae
565 3776 723 3828 beneficium
740 3776 777 3826 ad
794 3777 968 3842 fidejussores
985 3778 1146 3845 pertinebat
1165 3778 1226 3844 Gaj.
1240 3783 1298 3831 121.
1311 3783 1370 3831 lua
1389 3777 1468 3830 Mitt
1519 3779 1520 3852 l

164 3861 165 3869 ’
290 3864 318 3930 s)
339 3863 421 3924 Quod
435 3863 498 3930 jure
515 3862 600 3916 veteri
614 3862 672 3929 jam
690 3860 841 3915 obtinuisse
857 3855 950 3914 censet
961 3864 1028 3915 Otto
1046 3863 1082 3914 ed
1092 3861 1193 3927 instit,
1211 3863 1261 3914 sed
1276 3879 1363 3931 quum
1376 3865 1468 3930 idjam
1519 3857 1520 3926 f

220 3948 395 4025 Digestorum
410 3953 438 3998 et
455 3945 565 3999 Codieis
574 3945 604 4000 iu
618 3947 823 4000 desuetudinem
839 3945 959 4012 abiisset,
973 3947 1160 4001 lastinianum
1173 3962 1319 4000 revocasse
1332 3950 1467 4015 opinatum
1519 3975 1520 4004 1

220 4032 283 4085 vide
300 4039 390 4084 temen
410 4031 588 4098 Wielingium
606 4032 635 4086 iu
654 4034 737 4085 Leett.
744 4034 805 4103 jer.
818 4033 865 4085 eiu.
877 4031 935 4085 Lt'b.
948 4033 974 4086 Ι.-
993 4050 1016 4085 e.
1032 4038 1071 4086 16.
1093 4033 1176 4087 Gaea.

288 4119 314 4184 t)
335 4117 367 4169 ld
385 4122 476 4172 umen
493 4119 761 4183 praetermittendum
778 4133 835 4171 non
856 4124 898 4170 est
920 4119 972 4171 boe
990 4118 1019 4171 in
1043 4119 1113 4182 loeo,
1137 4117 1319 4184 sponsoribus
1342 4118 1469 4170 adversas
1519 4099 1520 4128 ³

219 4217 290 4266 eum,
308 4216 359 4268 pro
378 4215 433 4270 quo
452 4202 652 4268 dependissent,
670 4203 724 4256 nisi
740 4204 764 4256 is
782 4203 811 4254 in
830 4195 1037 4256 sex‘menslbus
1058 4203 1192 4270 proximis
1215 4203 1374 4256 restitueret
1391 4219 1470 4268 peen-

218 4286 300 4352 niam,
318 4285 451 4340 sobonem
473 4287 501 4340 in
524 4287 637 4357 duplum
658 4301 718 4340 esse
741 4293 924 4353 comparatam
947 4289 1007 4354 lege
1030 4287 1157 4353 Publilia,
1184 4305 1256 4358 quae
1283 4290 1469 4355 appellabatur

219 4372 291 4426 aetio
309 4372 421 4438 depensi
441 4373 517 4440 (Gaj.
528 4374 578 4425 111.
596 4375 714 4440 §.127.).
731 4373 827 4440 anue
841 4391 895 4441 per
912 4390 1005 4426 manus
1022 4374 1187 4443 injectionem
1199 4375 1393 4443 prejudicato
1410 4389 1469 4438 age·

146 4445 153 4450 ’
217 4458 310 4518 batum
329 4458 500 4513 assimiliter
518 4461 563 4511 lex
580 4456 663 4510 Faria
681 4457 715 4507 de
726 4472 830 4522 sponsu
841 4457 972 4510 adversus
982 4475 1053 4522 eum,
1071 4458 1119 4527 qui
1131 4475 1148 4510 a
1165 4473 1299 4524 sponsore
1312 4460 1377 4524 plus
1391 4473 1468 4526 quam

217 4541 321 4594 virilem
340 4549 442 4608 partem
459 4543 603 4610 exegisset,
621 4543 665 4609 agi
679 4541 771 4610 jussit.
791 4543 909 4610 Gaj.IV.
925 4543 945 4610 t.
952 4549 977 4597 9.
986 4549 1029 4598 22.
1036 4547 1148 4598 25,'102.
1158 4547 1215 4597 186.
1234 4542 1324 4595 Miill.
