3130 5148
410 349 465 418 Da
489 349 584 418 Insa
609 347 700 416 Nar.
727 349 838 416 (ianr.
864 371 911 419 nr
935 350 1011 418 Csr.
1295 357 1341 424 41
1454 337 1456 342 ⁵

91 523 272 588 Faciebant
297 531 334 588 et
365 524 538 606 Consules,
563 524 619 588 vel
642 521 895 608 intercedendo,
922 525 1062 610 Dionys.
1082 524 1160 588 Hal.
1181 527 1344 590 V111.90.

91 632 141 695 vel
156 631 345 695 comitiales
371 631 442 695 dies
467 631 656 713 eximendo,
683 631 738 694 vel
760 631 1021 716 supplicationes
1040 632 1264 715 decernendo,
1288 635 1344 699 vel

90 739 186 802 ferias
210 739 349 802 Latinas
374 739 564 803 indicendo.
579 737 648 803 Cic.
665 739 710 800 od
729 741 833 816 Quint.
849 741 958 802 Frotr.
972 743 1020 802 11.
1037 740 1099 822 sp.
1111 739 1141 802 7.
1159 741 1345 805 Faciebant

89 846 173 910 idem
190 854 227 909 et
239 849 395 929 Augures
408 855 439 909 et
457 849 675 929 mngs‘strotas,
687 865 825 930 quorum
840 856 921 928 erat,
938 847 981 910 de
998 847 1095 910 coelo
1108 868 1248 912 servare.
1264 847 1344 931 Qui,

90 955 115 1016 si
141 953 325 1037 quidquam
353 952 483 1017 adversi
511 955 616 1016 visum
641 953 857 1038 auditumque
876 954 1118 1020 obnunciareut
1131 958 1178 1037 1³),
1209 954 1343 1020 comitia

90 1060 368 1145 impediebantur,
383 1081 488 1147 reque
501 1061 627 1126 infecta
642 1061 882 1126 discedebatur.

677 1228 706 1311 §-
727 1227 758 1291 9.

655 1345 778 1414 Repello.

166 1443 207 1508 Si
225 1443 311 1507 nihil
326 1443 447 1508 sinistri
460 1444 744 1512 obnunciabatur:
760 1444 831 1529 ipsa
840 1444 911 1530 jam
930 1445 1034 1508 fiebat
1044 1447 1176 1528 rogateb,
1191 1442 1343 1506 sollemni

90 1551 246 1615 formula:
266 1569 399 1618 vsmnss
413 1569 575 1616 tussams
591 1567 750 1628 qumans
772 1570 840 1615 ssoo
864 1569 924 1614 ssa
942 1570 1002 1616 usu
1015 1569 1091 1615 nm
1112 1568 1171 1613 sus
1187 1565 1249 1614 vos
1269 1567 1344 1626 Qus-

90 1675 181 1723 tussss
208 1676 312 1722 noue.
329 1659 398 1723 cic.
415 1681 478 1743 pro
506 1662 596 1722 denso
620 1681 644 1722 c.
660 1659 710 1722 18.
724 1681 769 1741 sq.
784 1665 828 1742 1).
860 1659 946 1724 Tum
966 1659 1167 1724 addebatur:
1193 1673 1225 1721 81
1248 1671 1344 1719 votus

90 1781 247 1848 ernanus,
260 1783 439 1830 mscnmrn
458 1783 625 1843 qumans.
644 1766 722 1845 Quo
735 1768 837 1852 facto,
853 1768 889 1832 in
904 1789 994 1832 suam
1008 1767 1148 1852 quisque
1162 1763 1343 1828 centuriam

91 1874 251 1938 tribnmve
271 1874 476 1958 discedebat,
492 1875 525 1938 in
548 1897 613 1960 qua
629 1885 701 1940 erat
718 1876 907 1962 suffragium
923 1875 1047 1938 laturus
1062 1880 1104 1957 ¹).

681 2087 688 2102 .
710 2043 761 2105 10.

484 2155 625 2226 Suffropia
638 2044 691 2227 plr
709 2158 819 2213 tabellas
836 2159 890 2211 loto
904 2161 946 2227 ¹).
1020 2179 1026 2188 ·

163 2259 274 2321 Facta
291 2256 493 2319 discessione
515 2257 710 2322 ferebantur
732 2262 898 2341 suffragia,
912 2258 991 2321 olim
1009 2256 1143 2341 quidem
1159 2256 1343 2334 vivavoce,

89 2373 158 2448 post
176 2363 374 2430 tabellarias
392 2385 473 2427 vero
492 2364 586 2450 leges
611 2367 741 2440 tabellis,
764 2387 899 2449 quarum
919 2364 1016 2428 alteri
1036 2363 1227 2446 inscriptum
1243 2359 1285 2423 U.
1300 2359 1343 2422 R.

153 2621 189 2688 p)
209 2622 243 2673 lt.
255 2635 280 2686 g.
293 2617 318 2672 si
329 2617 451 2672 fulsisset
467 2619 502 2672 de
512 2622 598 2684 coelo,
611 2619 635 2673 si
646 2617 790 2684 tonuisset,
804 2619 829 2673 si
846 2620 921 2672 bubo
935 2621 1055 2672 volasset
1072 2634 1089 2672 a
1106 2617 1224 2682 sinbtra,
1244 2614 1268 2668 si
1279 2632 1344 2668 aves

91 2703 162 2756 triste
180 2702 250 2772 qnid
267 2703 484 2770 ponendssent,
502 2702 526 2758 si
544 2703 605 2772 quis
623 2705 720 2758 morbo
731 2704 861 2758 comitiali
880 2711 990 2772 repente
1009 2709 1150 2770 comptus
1168 2700 1344 2756 concidisset:

95 2788 126 2840 de
143 2805 198 2858 qno
214 2789 314 2842 morbo
330 2787 427 2850 Quinti
446 2788 539 2842 Sereni
557 2787 695 2843 Santonici
713 2791 848 2844 Medicina
862 2791 1015 2860 Praecepta
1026 2788 1202 2842 saluberrima
1214 2806 1237 2841 e.
1249 2785 1344 2839 LVII.

92 2890 113 2923 o.
133 2879 206 2928 1015.
225 2864 282 2944 sqq'.
303 2872 431 2938 (exedit.
450 2874 664 2944 Ackermanni):

287 2971 337 3025 Eat
354 2972 434 3025 subiti
449 2975 548 3042 speeies
565 2973 658 3039 morbi,
676 2975 720 3027 eni
735 2991 832 3027 nemea
849 2970 881 3024 ob
899 2971 945 3024 illo
963 2982 1014 3034 est,

290 3057 372 3116 Quod
379 3058 449 3125 fieri
464 3057 539 3111 nobis
558 3059 692 3130 suffr-opio
701 3058 780 3129 juna
797 3063 930 3108 recusent.

289 3143 376 3210 Saepe
394 3143 488 3196 etenim
506 3142 629 3196 membres
646 3152 706 3196 stro
723 3143 851 3210 hannone
870 3141 975 3194 cedaar

291 3227 436 3280 Concilium
450 3229 546 3296 populi
562 3227 634 3282 labes
651 3228 787 3280 torrenda
804 3227 918 3280 diremit.

94 3325 183 3392 Longa
200 3324 274 3378 enins
292 3331 334 3379 est
353 3328 457 3393 tabula,
476 3329 510 3381 de
522 3346 579 3396 qna
589 3331 667 3382 Paul
686 3327 794 3381 Manet.
807 3329 838 3380 de
855 3327 946 3396 Lepid.
961 3344 990 3396 p.
1008 3330 1067 3380 848.
1086 3328 1165 3381 Paul.
1185 3325 1295 3379 Merula
1313 3326 1345 3378 de

94 3412 174 3462 comit.
188 3412 248 3464 III.
258 3428 288 3479 p.
304 3417 346 3466 1⁷.
359 3431 397 3482 sq.
418 3415 509 3466 Struv.
529 3415 619 3484 Antiq.
635 3415 715 3465 Rom.
736 3413 810 3480 Syot.
830 3413 875 3466 VI.
889 3432 920 3481 p.
933 3416 994 3466 269.
1014 3411 1157 3464 Caeterum
1175 3407 1346 3464 haecomnia

94 3493 151 3549 ideo
168 3495 286 3560 inventa,
305 3502 337 3548 nt
352 3495 535 3564 magistratus,
547 3502 590 3552 vel
608 3485 781 3564 collegarum,
795 3499 836 3550 vel
849 3497 952 3564 populi,
965 3495 1079 3550 consilia
1096 3495 1250 3563 periculosa
1267 3493 1345 3548 bonis
1389 3495 1392 3502 '

94 3578 241 3634 redonibus
253 3581 365 3633 turbare
377 3588 496 3648 possent.
514 3583 570 3636 Dio
582 3583 660 3636 Cass.
675 3584 775 3637 XXX
780 3584 859 3636 VIII.
874 3587 914 3636 13.
934 3582 991 3635 Cio.
1003 3583 1037 3634 dc
1048 3584 1130 3651 Leqy.
1140 3582 1198 3634 III.
1210 3587 1251 3636 12.
1263 3581 1345 3633 Heia.

158 3668 191 3734 q)
211 3663 342 3720 Notadda
359 3667 404 3720 bio
418 3669 552 3735 quaedam
570 3669 711 3733 voeabula,
724 3683 795 3737 quae
813 3666 929 3720 subinde
946 3667 1076 3722 conlundi
1088 3670 1177 3724 solent
1189 3669 1224 3721 ab
1242 3664 1346 3734 linqui

96 3757 154 3803 sont
168 3751 197 3804 in
216 3750 425 3820 antiquitatibus
442 3753 575 3806 Romanis
595 3754 725 3820 hospites.
747 3753 807 3804 Lex
824 3765 959 3818 sonares,
977 3754 1043 3806 dum
1061 3755 1159 3806 fertur:
1178 3765 1345 3814 asscensus,
1444 3801 1452 3816 ,

95 3833 155 3887 dum
172 3834 292 3888 tollitur:
314 3852 476 3890 osaocnnns
495 3837 592 3901 eidem,
604 3838 670 3889 dum
682 3838 821 3904 quoddam
835 3837 894 3904 ejus
909 3843 991 3902 caput
1006 3838 1143 3890 aboletur:
1162 3850 1345 3900 sansonesca,

96 3919 154 3972 dum
165 3920 270 3988 aliquid
288 3921 425 3988 adjicitur,
444 3937 604 3976 osseosrus
622 3923 747 3992 denique,
767 3921 874 3990 quoties
886 3919 990 3989 aliquid
1007 3921 1035 3975 lu
1046 3939 1079 3976 ea
1090 3925 1219 3974 mutatur.
1236 3917 1345 3985 Ulpian.

96 4003 197 4073 Frcpm.
216 4007 240 4058 I.
259 4010 286 4057 3.
306 4007 388 4058 Heia

158 4093 185 4158 r)
205 4093 309 4144 Asoon.
328 4089 467 4144 Pedianus
484 4091 514 4144 in
532 4091 591 4145 (lic.
609 4108 649 4144 or.
668 4108 720 4158 pro
731 4093 819 4146 Balbo
832 4111 858 4160 p.
872 4097 954 4155 1³10:
965 4090 1108 4158 -„jubet
1124 4103 1346 4156 unumquemque

98 4172 127 4236 is,
145 4175 191 4242 qui
210 4178 298 4242 legem
318 4177 383 4239 lert,
396 4177 537 4230 decedere.
556 4177 639 4241 Quod
650 4177 764 4230 verbum
781 4193 836 4231 nou
853 4179 906 4232 boc
923 4178 1066 4244 significat,
1079 4174 1155 4243 quod
1168 4172 1196 4226 in
1208 4173 1345 4226 mmmuni
1388 4243 1394 4255 ἱ

96 4261 286 4312 consuetudine
303 4265 359 4324 est,
377 4261 412 4312 de
429 4263 504 4324 loco,
517 4261 565 4315 ubi
591 4265 636 4315 lex
653 4263 746 4328 lerum,
764 4263 858 4317 sedin
877 4279 955 4316 suam
973 4260 1074 4318 tribum
1094 4257 1224 4322 discedat,
1244 4256 1273 4309 in
1291 4274 1345 4327 qua

98 4344 248 4411 andagium
266 4350 310 4398 est
328 4345 459 4398 laturus.”
478 4345 566 4400 Malla.
996 4366 998 4374 ¹

160 4433 187 4498 s)
208 4431 288 4494 Quae
306 4429 405 4482 hocin
423 4433 485 4486 loco
503 4434 642 4498 legsmtur,
660 4431 855 4499 Cannegietero
875 4435 930 4486 lere
947 4431 1086 4484 debentur.
1116 4428 1236 4482 Omnlno
1254 4433 1345 4482 autern

101 4513 129 4565 de
139 4517 329 4584 suffragiorum
341 4513 371 4566 in
382 4513 499 4570 comitiis
512 4518 685 4572 ferendorum
698 4517 804 4572 ratione
815 4520 862 4572 elr.
874 4519 989 4574 Scbnlze
1001 4519 1019 4571 1.
1030 4518 1049 4570 1.
1061 4531 1087 4583 p.
1097 4518 1244 4570 254-272.
1257 4512 1344 4566 Mtte.
1373 4563 1378 4570 .
