3062 5164
149 299 152 306 ·
224 361 297 428 336
700 351 775 419 Lm.
800 351 845 420 ll.
869 350 949 419 Tm.
974 349 1002 418 Ι.

223 533 299 596 Diis
319 537 553 594 consecratum.
573 529 618 590 Et
640 527 775 612 quidem
795 526 852 588 uni
870 526 948 589 Deo
970 524 1104 610 publice
1128 531 1341 590 consecratae
1366 523 1481 608 aedes,
1515 495 1516 566 i

222 644 322 716 fanm-
344 637 492 722 pluribus
513 635 623 718 simul,
642 643 806 720 tamquam
830 635 1024 718 συμβώμοις,
1041 632 1217 696 dedicatae
1233 634 1368 696 delsobra
1391 633 1483 696 dice-

224 749 357 812 bantur:
376 746 419 808 Is.
441 745 537 808 Voss:
552 746 596 806 ad
612 745 722 827 Pomp.
739 745 814 806 Mel.
829 745 872 806 ΙΙ.
885 743 915 808 3.
926 765 961 826 p.
975 741 1045 803 147.
1065 741 1216 822 Publice,
1236 741 1390 825 inquam,
1405 763 1482 803 con-

120 863 122 868 '
224 863 381 918 sectatae.
403 853 489 916 Nam
505 852 561 915 vel
579 851 719 916 Senatus
735 851 928 932 auctoritas,
943 850 1000 914 vel
1014 849 1131 934 populi
1141 851 1259 934 jussus,
1275 848 1334 912 vel
1348 847 1481 912 Princi—
1516 911 1517 940 ,

224 963 275 1049 pis
290 963 459 1025 decretum
472 961 653 1025 adcederet
666 959 844 1042 oportebat
858 959 902 1038 d).
923 959 1061 1021 Privata
1076 958 1164 1020 enim
1179 958 1384 1020 auctoritate
1401 957 1480 1020 nibil

223 1071 328 1134 fiebat
351 1090 476 1134 sacrum
491 1073 536 1150 θ).
558 1068 637 1132 Vid.
654 1067 791 1130 Guther.
809 1068 848 1128 de
859 1068 938 1147 jure
948 1067 1062 1147 pontis.
1079 1066 1138 1126 ΙΙΙ.
1153 1065 1203 1127 12.
1227 1064 1377 1150 Templa
1393 1087 1478 1130 sacra
1516 1037 1517 1062 i

224 1179 350 1242 fiebant
364 1181 618 1259 inauguratione,
636 1173 710 1236 dum
725 1174 879 1258 Augures
902 1174 1041 1256 spatium
1063 1173 1270 1236 sollemniter
1285 1173 1478 1257 capiebant:
1517 1202 1518 1260 r

224 1287 336 1351 Tacit.
355 1287 439 1348 Hist.
460 1283 518 1344 IV.
541 1282 591 1346 83.
623 1283 665 1346 Id
686 1283 774 1346 euim
794 1281 968 1346 dicebatur
987 1286 1198 1363 inaugurari.-
1222 1281 1290 1344 Cic.
1306 1301 1372 1364 pro
1396 1284 1476 1344 domo
1517 1261 1518 1314 3

224 1417 251 1458 c.
264 1394 315 1458 53.
340 1393 577 1477 Quaecumque
592 1412 673 1454 vero
694 1389 771 1452 loca
785 1411 853 1452 nou
874 1398 969 1452 erant
989 1389 1200 1473 inaugurate,
1217 1411 1258 1452 ea
1280 1410 1351 1452 non
1368 1394 1476 1472 templa

225 1503 435 1583 dicebantur,
450 1500 508 1564 sed
524 1501 618 1562 aedes
633 1519 763 1560 sacrae.-
783 1495 873 1562 Gell.
888 1497 992 1559 Noctt.
1007 1499 1099 1559 Attia
1113 1496 1203 1558 XlV.
1215 1497 1246 1559 7.
1268 1495 1473 1582 Sequebatur

224 1611 270 1676 11.
287 1614 434 1674 lustratio
455 1629 568 1686 areae,
591 1628 676 1691 quae
694 1605 797 1669 fiebat
812 1629 831 1668 a
850 1605 1025 1688 militibus,
1047 1607 1155 1686 quibus
1169 1606 1288 1683 sauata
1313 1618 1471 1670 erantne

162 1695 169 1708 ⁹
224 1717 479 1798 mma‚feltbsbus
492 1718 608 1783 ramim
623 1716 733 1795 quibus
748 1714 955 1776 succedebant
970 1716 1109 1796 virgines
1130 1713 1270 1776 Vestales
1286 1735 1360 1776 oum
1371 1717 1466 1795 pueris

220 1829 396 1909 puellisque
410 1827 557 1905 petrinus
572 1832 605 1883 et
617 1825 786 1894 matrimes,
801 1843 882 1903 quae
896 1843 982 1904 aqua
996 1826 1072 1884 orbes
1087 1843 1105 1882 e
1114 1822 1260 1899 sontibus
1276 1823 1470 1902 amnibusque

225 1937 340 1994 bauma
355 1935 533 1992 universam
547 1935 655 1990 aream
665 1929 864 2010 perluebant.
878 1928 1036 2013 Denique
1053 1938 1088 1992 et
1106 1929 1315 2013 magistratus
1331 1929 1466 2006 aderant,

225 2040 281 2124 qui
291 2087 300 2121 ,
311 2045 488 2126 praeeunte
502 2039 671 2116 Pometiae,
692 2039 952 2099 suouetaurilibus
968 2038 1148 2099 lustrabant
1167 2041 1321 2118 spatium,
1335 2047 1363 2098 et
1379 2057 1468 2117 super

225 2151 389 2230 caespitem
405 2144 578 2207 reddebant
590 2152 674 2217 esta,
684 2166 722 2206 ae
736 2147 869 2228 denique
878 2150 1005 2226 precati
1013 2146 1106 2219 lleos,
1119 2150 1171 2207 uti
1181 2167 1258 2208 satos
1270 2145 1362 2207 sedes
1376 2147 1468 2206 divina

224 2277 281 2338 ope
296 2255 489 2326 attollerent,
512 2252 728 2315 fundamenta
749 2251 956 2316 sollemniter
971 2253 1163 2336 jaciebant,
1191 2253 1317 2338 injecto
1342 2252 1467 2337 ingente

225 2385 322 2426 saxo:
345 2360 453 2423 Tacit.
472 2361 557 2422 Hac.
577 2362 601 2420 Ι
602 2359 636 2420 V.
655 2359 704 2422 53.
720 2361 765 2441 f).
795 2361 895 2445 Lapis
916 2360 1078 2444 ejusmodi
1101 2359 1274 2424 dicebatur
1299 2363 1468 2444 auspicalis,

228 2470 333 2554 qualis
353 2466 550 2560 describitur
565 2467 653 2550 apud
676 2466 852 2531 Gruterum
871 2471 1027 2550 Inscrt’ptt.
1039 2492 1074 2552 p.
1090 2469 1248 2531 XXXIX.
1261 2490 1294 2532 n.
1312 2457 1353 2530 52
1371 2470 1468 2532 Abso-

225 2579 296 2642 luta
313 2578 414 2659 aede,
434 2575 533 2638 etiam
551 2574 615 2637 III.
634 2577 827 2640 dedicatione
841 2598 924 2660 opus
945 2585 1027 2656 erat,
1041 2578 1234 2661 peragenda
1249 2601 1267 2640 a
1284 2578 1465 2661 magistratu
1520 2595 1521 2602 ¹

226 2686 368 2773 majore,
399 2683 473 2767 qui,
499 2692 682 2765 praeeunte
706 2684 888 2768 Pontifice,
916 2684 1078 2747 sollemne
1100 2705 1230 2747 carmen
1254 2685 1420 2751 recitabat
1429 2689 1464 2764 1),

224 2915 315 2978 pacta,
333 2908 442 2960 foedera
459 2913 487 2960 et
502 2909 633 2976 pecuniae
650 2909 784 2976 publicae.
802 2913 919 2966 Severus
930 2913 1083 2976 Imperator
1098 2910 1228 2977 pecunias
1246 2925 1312 2963 suas
1329 2917 1360 2965 et
1374 2909 1467 2964 thc'sau

225 3011 271 3070 ros
288 2995 318 3046 in
334 2992 442 3058 templis
460 3001 633 3060 reposuerat:
651 2997 800 3052 Herodian
819 2999 890 3052 Hist.
907 2997 928 3050 Ι
932 2997 958 3049 V.
976 3001 1001 3050 4.
1027 2997 1101 3060 Quin
1118 2997 1175 3052 im0
1192 2997 1221 3050 iu
1239 2997 1321 3050 Pacis
1340 2998 1466 3064 templum,

225 3080 347 3132 omnium
365 3079 601 3143 opulentissimum
620 3061 646 3132 it
664 3082 770 3148 egregie
788 3081 931 3146 munitum,
943 3081 1084 3134 universas
1103 3085 1186 3136 terme
1204 3099 1269 3136 suas
1288 3082 1399 3135 divitias
1414 3097 1466 3133 con·

224 3181 364 3233 gregasse,
382 3163 463 3217 refert
487 3165 560 3217 idem
577 3171 671 3219 auctor
689 3168 722 3218 L.
740 3167 765 3219 L
783 3185 806 3218 c.
827 3173 867 3219 14.
894 3168 973 3219 Unde
991 3171 1018 3218 et
1035 3171 1136 3234 templa
1161 3167 1293 3220 custodiis
1318 3168 1466 3222 militaribus

225 3254 313 3306 cincta
330 3252 423 3315 fuisse,
441 3250 568 3304 observat
585 3251 661 3316 Lips.
681 3254 742 3304 Not.
760 3254 797 3304 ad
817 3253 899 3304 Tacit.
918 3253 1017 3306 Annul.
1034 3254 1093 3307 Lib.
1112 3255 1179 3322 I.p.
1200 3259 1240 3307 17.
1257 3254 1340 3306 Heio.

295 3339 328 3404 d)
348 3337 392 3389 Ad
410 3352 490 3403 quem
504 3337 552 3403 jus
576 3337 751 3389 consecrandi
769 3337 930 3404 pertineret,
947 3337 1002 3390 vid.
1020 3338 1079 3391 iac.
1098 3340 1133 3390 de
1150 3339 1243 3392 Rhoer
1264 3339 1357 3392 Otium
1377 3341 1461 3392 Daren-

225 3423 322 3474 triense
341 3419 398 3474 Lib.
416 3421 439 3474 Ι.
458 3441 479 3474 c.
495 3429 523 3475 4.
545 3423 629 3476 Coun.
1497 3477 1499 3484 ,

295 3509 326 3574 e)
345 3506 407 3559 Alia
423 3511 501 3558 erant
517 3521 594 3558 sacra
608 3507 721 3572 privata,
733 3507 788 3560 alia
798 3508 904 3574 privata
915 3509 1076 3563 auctoritate
1089 3509 1221 3563 instituta.
1238 3512 1290 3562 Illa
1309 3510 1383 3563 licita
1394 3513 1465 3565 eraut

228 3591 301 3660 (Lib.
319 3592 344 3644 1.
366 3591 416 3646 Tit.
436 3591 474 3644 Χ
492 3592 514 3658 ξ.
533 3593 574 3658 4.)
593 3593 660 3644 baec
676 3607 740 3644 vero
758 3593 821 3645 ideo
839 3595 984 3659 prohibita,
1003 3613 1038 3648 ne
1055 3593 1199 3661 religiones
1216 3597 1375 3662 peregrinae
1394 3597 1466 3648 intro

226 3681 403 3731 ducerentur:
421 3677 573 3743 Bynlrersb.
592 3678 623 3728 de
641 3677 716 3744 reliq.
737 3696 846 3746 persar.
870 3679 946 3732 Idem
967 3683 1041 3746 apud
1063 3679 1249 3734 Athenienses
1260 3682 1412 3744 obtinebat,
1428 3677 1466 3732 ubi

225 3763 341 3828 capitale
358 3767 416 3814 erat
433 3762 563 3828 mysteria
580 3763 655 3814 domi
672 3762 773 3815 iacere:
792 3765 874 3817 Corn.
893 3766 962 3831 Nep.
979 3765 1111 3819 Alcibiad.
1129 3785 1151 3818 e.
1168 3771 1194 3818 3.
1211 3765 1259 3818 sub
1268 3769 1323 3834 fin.
1337 3769 1415 3820 Heia.

295 3851 325 3916 i)
345 3848 427 3912 Quod
447 3849 557 3901 Tacitus
575 3849 671 3914 tradit,
689 3851 880 3916 adplicaudum
903 3852 983 3904 uiuae
1006 3851 1170 3904 restitutioni
1188 3851 1344 3918 Capitolini.
1363 3851 1423 3904 vid.
1440 3849 1466 3900 dc

226 3935 319 3988 Rhocr
337 3935 355 3986 l.
373 3953 394 3986 e.
417 3933 499 3986 Coun.

295 4022 327 4088 g)
348 4021 391 4073 Ab
410 4020 451 4072 his
470 4021 647 4074 sollemnibus
664 4020 754 4074 verbis
773 4024 875 4088 templa
892 4021 973 4074 etiam
991 4037 1059 4075 rann
1072 4022 1145 4074 dicta
1162 4027 1240 4074 sunt:
1258 4025 1331 4075 Fest.
1350 4023 1466 4075 subvoee

218 4106 320 4174 sanum
335 4124 365 4174 p.
383 4110 443 4160 28⁷.
461 4105 566 4158 Fanum
583 4124 600 4158 a
609 4107 682 4173 fano
700 4109 804 4171 dictum,
823 4109 875 4160 siue
893 4125 910 4160 a
919 4107 1019 4174 sendo,
1037 4127 1067 4160 eo
1085 4109 1162 4177 quod,
1181 4109 1243 4160 dam
1256 4109 1387 4175 Pontifex
1404 4105 1466 4158 deeli-

228 4202 279 4252 cot,
295 4201 367 4244 certo
384 4189 464 4244 uerbo
478 4208 582 4245 aaran.
601 4193 643 4244 lta
660 4198 687 4244 et
704 4195 793 4246 Varro
812 4195 845 4266 de
860 4195 965 4262 Linque
982 4196 1042 4246 Lat.
1061 4195 1088 4246 V.
1099 4197 1123 4247 7.
1137 4211 1168 4262 p.
1187 4197 1229 4247 38.
1247 4194 1393 4261 Argutiora
1403 4192 1465 4244 enim

227 4283 291 4330 tunt
309 4277 357 4330 illa
378 4279 415 4329 Is.
434 4277 529 4330 Vossii
547 4280 583 4332 ad
600 4279 731 4347 Pompen.
750 4280 815 4332 Mel.
829 4296 859 4347 p.
879 4285 936 4333 147.
960 4282 1052 4333 tanum
1079 4279 1226 4332 derivautis
1243 4295 1260 4331 a
1279 4281 1384 4332 Graeco
1400 4275 1465 4334 ναός.

227 4378 260 4412 να
271 4363 335 4426 Fon,
346 4365 419 4416 unde
431 4363 642 4429 transpositione
653 4364 764 4416 Aeolica
774 4366 874 4417 factum
887 4365 975 4432 fenus
985 4367 1028 4416 vel
1038 4365 1147 4431 sanum
1159 4364 1322 4418 Plutarchus
1334 4365 1361 4418 in
1373 4363 1464 4430 Papiri.

228 4465 249 4496 c.
270 4452 307 4500 14.
326 4451 456 4501 sollemne
473 4449 546 4501 istud
565 4465 671 4500 carmen
690 4455 770 4500 vocat
788 4451 979 4516 νενομισμένας
998 4450 1040 4502 ἐπὶ
1059 4449 1089 4516 τῇ
1109 4452 1270 4518 καθιερώσει
1289 4449 1393 4518 φωνᾶς,
1410 4447 1463 4512 lepi-

229 4531 290 4580 timn
309 4533 477 4586 dedicationis
494 4534 581 4586 verbu.
600 4536 678 4584 Hein.
