3056 5154
233 396 308 463 630
687 386 764 455 Lm.
785 384 846 454 lv.
870 383 952 453 'l'rn
975 383 1038 454 lv,

235 566 302 628 cod.
328 563 512 630 Praeterea
533 562 569 627 id
591 583 727 648 quoqne
755 560 923 646 singulare
945 560 1094 625 babebat
1114 559 1175 624 lex
1197 558 1375 641 Cornel'n,
1397 561 1480 644 quod

235 672 361 736 licebat
378 671 484 736 actori
498 668 631 734 deferre
644 669 892 754 jusjurandum,
907 688 974 752 quo
994 688 1072 731 reus
1093 668 1303 748 adfirmet,
1316 687 1390 732 sese
1403 667 1480 753 inju-

236 779 317 841 riam
335 797 402 840 nou
421 777 558 861 fecisse,
573 785 610 840 ut
630 786 711 841 tunc
729 786 766 839 et
782 776 904 840 actoris
922 774 1125 838 existimatio
1143 774 1482 860 redintegrantem

236 905 312 949 reus
327 886 529 948 eximeretur
542 883 690 970 judicius
717 885 755 946 J..
769 885 801 944 5.
819 884 849 964 5.
866 881 898 943 8.
911 882 954 943 1).
968 883 1034 944 eod.
1054 882 1215 967 Denique
1235 882 1480 962 observandum,

237 1013 280 1055 ex
296 991 412 1055 iisdem
428 993 564 1073 caussis,
585 992 628 1054 de
651 991 770 1076 quibus
790 989 848 1054 lex
866 987 1027 1052 Cornelia
1045 987 1180 1072 prodita
1201 990 1331 1070 fuerat,
1353 990 1410 1072 agi
1430 1011 1481 1072 po

238 1100 340 1163 tuisse
356 1109 392 1162 ct
414 1098 640 1179 criminaliter,
655 1106 693 1162 et
712 1097 868 1178 civiliter,
889 1094 1043 1179 adeoque
1057 1097 1180 1160 actoris
1193 1098 1297 1160 fuisse
1312 1095 1480 1174 arbitrium,

237 1213 311 1272 utra
323 1204 431 1269 vellet
443 1206 577 1270 actione
592 1205 748 1289 experiri.

493 1465 726 1521 aarum
742 1347 1052 1534 ..124¹me
1065 1466 1239 1536 perans.
1320 1418 1326 1434 ’

321 1583 477 1647 Ceterum
499 1584 596 1667 plura
616 1583 659 1648 ad
682 1581 914 1668 explicandam
935 1581 1020 1646 banc
1041 1581 1152 1666 legem
1176 1581 1266 1646 scta
1288 1581 1482 1666 prodierunt

240 1691 295 1755 Sic
311 1691 434 1755 SGtum
457 1688 596 1775 aliquod
616 1689 840 1754 intestabilem
863 1709 935 1752 esse
950 1688 1051 1772 jussit
1066 1711 1163 1772 eum,
1178 1690 1236 1773 qui
1252 1687 1411 1753 adversus
1432 1689 1482 1752 ali·

238 1819 336 1884 quem
354 1797 544 1882 injuriosum
560 1798 738 1883 quidquam
760 1796 907 1876 dixerat,
923 1805 980 1859 aut
995 1797 1214 1879 epigramma,
1229 1796 1287 1860 vel
1305 1798 1482 1882 inscriptio

236 1926 331 1981 nem,
353 1904 487 1968 aliudve
510 1904 590 1989 qnid
612 1904 712 1967 etiam
734 1903 805 1968 sine
827 1904 950 1987 scripto
975 1910 1011 1967 et
1025 1925 1125 1983 voce,
1147 1903 1253 1967 veluti
1272 1904 1480 1987 picturamin

239 2010 375 2074 alterius
389 2010 539 2093 injuriam
557 2011 759 2096 protulerat,
775 2009 904 2073 etiamsi
926 2031 1047 2074 nomen
1069 2009 1178 2091 illius,
1192 2010 1225 2072 iu
1250 2031 1353 2094 quem
1373 2011 1480 2074 factum

239 2117 350 2200 fuerit,
365 2138 433 2180 non
449 2117 640 2200 adjecisset:
653 2119 692 2180 L.
705 2119 736 2178 5.
755 2118 785 2198 §.
800 2116 851 2177 10.
862 2118 904 2178 1).
918 2119 985 2179 cod.
1006 2115 1096 2194 Quin
1112 2117 1203 2181 aliud
1216 2117 1343 2182 SGtum
1361 2117 1481 2180 eusdem

237 2225 271 2288 in
293 2223 433 2288 insulam
457 2225 512 2288 vel
530 2224 691 2311 relegari,
712 2223 768 2288 vel
791 2223 961 2308 deportari
976 2225 1093 2309 jussit.
1114 2224 1239 2290 Paulus
1257 2225 1416 2288 Scutcott.
1432 2225 1481 2286 us

236 2340 327 2414 (mepte
347 2332 383 2395 V.
395 2332 426 2394 4.
446 2331 495 2394 15.
512 2339 547 2396 et
560 2333 610 2396 17.
638 2330 764 2394 Prioris
787 2351 920 2414 poenae
943 2329 1132 2416 exemplum
1153 2339 1205 2396 est
1226 2331 1318 2416 apud
1340 2331 1480 2394 Tacitum

237 2440 356 2500 Annul.
370 2437 461 2500 XIV.
475 2438 528 2502 48.
540 2439 592 2500 49.
614 2438 768 2502 Forsitan
783 2437 884 2502 etiam
899 2459 918 2502 e
935 2437 1025 2502 scto
1041 2437 1255 2524 estflquod
1229 2460 1257 2502 ar
1272 2439 1348 2522 quis
1364 2462 1384 2504 a
1398 2460 1481 2524 prae·

237 2551 642 2627 textato.praetextatave
667 2546 821 2608 comitem
843 2544 1078 2630 abduxisset,
1068 2568 1107 2628 rs,
1122 2569 1179 2631 qur
1169 2547 1386 2632 perfecerat
1399 2547 1481 2631 flagi-

166 2667 171 2678 ’
237 2652 331 2732 tium,
345 2650 462 2732 capitis
475 2651 702 2732 damnabatur,
715 2653 772 2736 qui
788 2659 1021 2736 attentaverat,
1037 2654 1072 2716 in
1086 2653 1225 2717 insulam
1242 2654 1480 2738 deportabatur,
1522 2687 1523 2726 ;

238 2757 376 2822 comites
390 2777 471 2820 vero
494 2757 641 2842 corrupti
660 2779 785 2822 summo
805 2759 1046 2824 adliciebantur
1066 2759 1248 2845 supplicio:
1271 2761 1401 2826 Paulus
1416 2761 1480 2822 sn-

237 2872 326 2926 tcntt.
340 2863 478 2946 Receptt.
500 2865 535 2926 V.
549 2864 580 2926 4.
595 2864 646 2926 14.

613 3127 687 3188 Quid
700 3143 753 3197 per
770 3120 966 3183 comosum
982 3131 1119 3186 domn?

320 3241 505 3307 Adccssere
527 3243 577 3308 his
602 3243 733 3329 legibus
750 3245 911 3310 nonnulla
929 3267 991 3330 per
1012 3248 1264 3313 constitutiones
1287 3251 1478 3337 Principum,

237 3347 361 3432 veluti,
388 3350 479 3436 quod
505 3351 649 3416 illustres
673 3353 737 3416 viri
764 3353 863 3416 etiam
884 3352 1087 3418 criminalem
1112 3357 1303 3440 injuriarum
1327 3361 1478 3424 actionem

238 3466 374 3537 possent
386 3479 460 3541 per
474 3459 710 3523 Procuratores
724 3459 899 3523 instituere
920 3462 1047 3545 pariter
1068 3485 1107 3526 ac
1129 3465 1313 3549 suscipere:
1334 3467 1436 3530 12.11.
1453 3465 1480 3524 G.

238 3561 278 3622 de
302 3563 402 3645 Injor.
426 3565 516 3650 quod
542 3575 576 3628 et
592 3566 639 3647 is,
661 3567 717 3653 qui
736 3566 888 3630 libellum
914 3567 1072 3633 famosum
1103 3571 1371 3655 circumtulerat,
1401 3569 1479 3656 quasi
1519 3635 1520 3650 ζ

238 3674 354 3762 auctor
374 3671 504 3754 delicti,
520 3673 654 3758 capitali
677 3674 842 3738 sententia
861 3684 949 3738 esset
970 3676 1255 3743 condemnandus:
1277 3679 1317 3741 L.
1333 3703 1389 3744 on.
1406 3681 1435 3741 G.
1447 3679 1480 3738 de

239 3773 364 3839 Fames.
379 3779 428 3840 lab.
447 3787 483 3841 et
504 3801 590 3865 quae
605 3791 679 3848 sunt
700 3781 795 3868 hujus
809 3783 941 3868 generis
957 3783 1025 3849 alia
1040 3808 1061 3848 a
1082 3787 1275 3852 doctoribus
1294 3785 1478 3872 explicatius

213 3895 217 3902 ’
238 3882 380 3965 proponi
395 3883 503 3950 sulita.

751 4113 970 4125 ———-
