3030 5160
229 369 301 438 m
608 359 1110 449 mmmmm)

232 540 353 622 legebus
369 538 427 620 jus
449 535 598 599 creditori
617 537 784 600 diceretur.
804 534 931 598 Postea
950 555 1049 618 vero,
1065 536 1123 599 ubi
1145 533 1405 620 professionibus
1426 534 1477 598 de-

234 653 324 710 tecta
349 649 399 706 est
419 642 612 728 magnitudo
637 643 721 706 aeris
746 641 848 706 alieni
874 642 1039 725 perhanc
1066 641 1216 708 fraudem
1241 643 1419 724 contracti,
1440 643 1477 704 ll

235 749 464 834 Sempronius,
480 748 648 812 Tribunus
671 733 796 832 plebis,
813 769 855 810 ex
870 748 1068 812 auctoritate
1083 748 1220 814 Patrum
1241 748 1376 832 plebem
1391 770 1477 832 roga-

234 858 293 940 vit,
309 855 493 942 plebesque
514 855 627 936 scivit,
648 875 692 918 rr
716 875 787 922 cun
806 873 920 918 socors
938 876 978 916 Ao
998 875 1146 916 romnus
1164 876 1293 918 murno
1311 875 1478 918 eternus

234 982 408 1026 canossae
432 983 494 1024 sus
519 983 629 1036 torn,
651 981 738 1038 quon
765 980 836 1022 suar
865 980 1013 1022 errrore
1037 980 1211 1035 nouenos,
1229 981 1356 1024 osser.-
1379 961 1478 1023 Livius

235 1068 375 1132 XXXV.
389 1067 420 1154 7.
441 1069 577 1132 Factum
600 1076 651 1131 est
675 1089 756 1151 ergo
771 1065 849 1151 lege
867 1066 1077 1150 Sempronia,
1094 1075 1145 1149 ut,
1163 1088 1261 1152 quum
1284 1074 1386 1130 antea
1403 1067 1477 1130 cives

208 1241 211 1248 ,
235 1184 361 1240 tantum
377 1175 546 1260 obligaret
565 1175 624 1239 lex
640 1173 806 1254 Genucio,
827 1172 949 1239 deinde
971 1174 1070 1238 etiam
1093 1174 1175 1236 socii
1196 1195 1235 1238 ac
1257 1174 1370 1238 Latini
1386 1174 1478 1238 nomi-

237 1283 286 1346 nis
302 1282 419 1346 eadem
435 1290 638 1346 tenerentur.

810 1416 913 1501 w

560 1535 647 1587 Ucuro
664 1534 804 1589 centesima
823 1533 927 1586 demum
945 1532 1060 1600 lepitima
1077 1529 1176 1585 latita.

321 1650 390 1715 Sed
413 1649 464 1714 his
486 1649 638 1714 omnibus
659 1649 791 1734 legibus
812 1646 897 1713 nihil
915 1657 1033 1712 actum.
1054 1647 1239 1713 Recruduit
1258 1648 1400 1714 subinde
1420 1649 1477 1711 loe·

172 1761 173 1766 ’
237 1760 341 1824 nebre
364 1758 499 1838 malum,
524 1757 593 1820 sive
621 1756 712 1842 quod
733 1756 894 1841 pecuniae
916 1755 1154 1822 incrementum
1176 1778 1244 1822 non
1271 1757 1332 1819 sub
1361 1755 1476 1840 antiqua

191 1907 193 1912 ·
236 1864 376 1949 amplius
392 1864 539 1928 foenoris
557 1863 786 1949 adpellatione
804 1870 987 1946 peteretur,
1003 1862 1111 1947 (quod
1125 1862 1182 1926 lex
1198 1862 1415 1947 prohibebat)
1430 1862 1476 1926 sed

239 1973 298 2037 sub
317 1993 404 2034 novo
427 1992 544 2034 usurae
562 1971 618 2034 vel
640 1992 771 2055 poenae
794 1971 945 2046 nomine3
964 1969 1034 2034 sive
1056 1970 1147 2053 quod
1169 1971 1341 2036 debitores
1361 1972 1394 2034 in
1414 1991 1476 2032 con·

238 2077 400 2144 trahendo
418 2077 559 2142 foenore
578 2077 664 2164 legis
682 2077 847 2141 beneficio
873 2077 1122 2159 renunciarent,
1143 2086 1179 2157 ut
1198 2077 1329 2142 erudite
1351 2076 1475 2142 ostendit

239 2186 317 2250 Ger.
332 2184 449 2248 Noodt
466 2187 504 2247 de
513 2186 603 2265 soen.
624 2194 657 2248 ot
669 2207 758 2248 usur.
779 2169 822 2247 ΙἸ.
841 2185 870 2246 4.
883 2207 917 2267 p.
932 2183 1006 2248 269.
1034 2183 1192 2269 Denique
1211 2207 1253 2248 eo
1271 2207 1326 2248 res
1350 2185 1473 2262 devenit,

239 2301 274 2360 ut
294 2316 390 2357 usura
409 2293 589 2356 centesima
610 2292 762 2377 legitima
777 2291 975 2372 haberetur,
999 2291 1140 2374 majores
1166 2293 1358 2358 centesimis
1380 2312 1472 2356 usurae

237 2402 522 2487 improbarentur,
537 2400 600 2464 nisi
616 2399 707 2484 quod
730 2400 895 2464 nauticum
923 2398 1040 2462 foenus
1063 2400 1327 2465 contrahentium
1358 2398 1471 2464 arbitrio

236 2509 497 2591 relinqueretur:
511 2509 551 2569 L.
565 2508 617 2570 40.
634 2509 675 2568 Ι).
691 2507 731 2568 de
745 2507 819 2568 neo.
832 2507 914 2568 cred.
927 2508 964 2568 h.
981 2507 1037 2568 ott.
1059 2506 1092 2567 0.
1108 2507 1146 2568 de
1169 2507 1263 2570 Usar.
1283 2512 1335 2571 rei
1343 2510 1436 2590 judio
1446 2506 1471 2568 si
1507 2533 1508 2542 ¹

240 2614 322 2699 quid
335 2636 432 2697 supra
448 2612 658 2676 centesimam
675 2612 833 2693 solutum,
853 2633 921 2674 non
935 2612 1150 2695 repetebatur
1165 2612 1299 2698 quidem
1320 2613 1414 2694 illud,
1429 2611 1470 2676 sel

238 2730 360 2788 sortem
375 2728 486 2784 tamen
508 2718 691 2783 minuebat=
708 2727 878 2782 consumta
892 2740 973 2782 vero
993 2729 1100 2801 sorte,
1114 2721 1334 2803 repetebatur
1350 2722 1470 2807 quiden,

239 2837 324 2894 teste
347 2825 455 2892 Paulo
472 2826 628 2889 Sententt.
642 2827 783 2908 Receptt.
798 2827 840 2888 ΙΙ.
855 2825 905 2888 15.
919 2825 949 2889 2.
966 2835 1000 2891 at
1017 2849 1085 2892 non
1109 2835 1276 2912 tamquam
1298 2849 1409 2910 usura,
1427 2825 1469 2890 sed

237 2944 402 3021 tamquam
426 2941 495 2998 sors
514 2933 667 2998 indebite
689 2933 1324 3016 soluta:n.2ttprno.1›.deoeudtct
1345 2937 1467 3015 edalo)
1506 2933 1507 2958 ¹

152 3043 156 3050 ’
237 3044 275 3106 L.
290 3042 339 3105 18.
354 3042 392 3104 L.
406 3041 457 3104 26.
472 3042 501 3124 §.
515 3040 546 3104 1.
567 3041 599 3104 G.
615 3043 654 3106 de
674 3042 767 3104 Usur.

814 3192 844 3273 ς.
866 3191 915 3254 14.

635 3305 678 3360 Eo
694 3323 747 3358 noo
764 3283 871 3359 indocto
889 3308 945 3376 lepe
967 3307 1089 3362 Gabinio.

321 3407 404 3485 Quis
419 3407 541 3493 primus
557 3409 643 3473 hune
658 3406 761 3470 usuris
776 3405 908 3471 modum
928 3409 1147 3490 constituerit,
1171 3401 1337 3473 incertum
1352 3410 1466 3474 videtur.

213 3575 215 3578 .
238 3513 397 3598 Plerique
419 3517 483 3580 buc
504 3516 637 3580 trahunt
661 3517 761 3597 legem
778 3515 959 3589 Gabiniam,
978 3516 1111 3601 decepti
1129 3517 1206 3579 loco
1225 3517 1394 3581 Ciceronis
1407 3519 1466 3598 Epi

238 3623 305 3682 stol.
326 3622 369 3682 od
382 3623 522 3686 Atticum
543 3624 578 3685 V.
591 3623 642 3686 21.
658 3622 729 3684 fere
747 3621 806 3685 sub
820 3622 874 3684 fin.
898 3624 1068 3687 Salaminii
1080 3646 1175 3705 quum
1188 3625 1310 3688 Romae
1327 3645 1464 3689 versorum
1504 3637 1505 3668 l

229 3729 345 3808 socero
355 3731 477 3803 vellent,
492 3750 554 3792 non
563 3739 730 3812 poterent,·
741 3731 824 3811 quod
836 3732 887 3792 les
902 3731 1036 3793 Gabinio
1055 3733 1188 3794 vetabat.
1211 3730 1324 3808 Quum
1339 3753 1411 3796 vero
1422 3731 1464 3792 Sa·

239 3835 381 3898 laminiis
392 3844 470 3900 tunc
484 3859 555 3901 cum
572 3837 707 3921 Scaptio
721 3859 773 3900 res
790 3845 887 3920 esset,
904 3838 960 3923 qui
977 3848 1151 3924 quaternas
1161 3838 1354 3922 postulabat
1367 3859 1463 3914 usuras,

239 3963 306 4006 non
327 3943 384 4006 abs
405 3964 441 4006 re
463 3931 624 4028 colligere
647 3945 709 4008 sibi
724 3946 879 4009 videntur
898 3966 941 4008 ex
962 3946 1026 4009 hoc
1049 3945 1218 4010 Ciceronis
1235 3944 1326 4026 loco,
1347 3943 1464 4008 centesi·
1503 3959 1504 3984 ¹

239 4070 324 4112 mam
340 4071 466 4116 usuram
484 4052 649 4117 inductam
670 4071 741 4115 esse
762 4052 840 4138 lege
857 4051 1012 4119 Gabinia.
1035 4051 1112 4117 Vid.
1128 4052 1226 4116 Barn.
1244 4054 1399 4118 Brissonii
1412 4053 1463 4114 An-

308 4272 342 4339 p)
362 4272 469 4327 Usurae
486 4274 559 4328 enim
576 4280 756 4341 praestentur,
774 4276 853 4343 qnasi
870 4292 959 4343 poena
976 4292 1084 4330 morae:
1110 4277 1142 4328 L.
1159 4280 1202 4330 40.
1221 4275 1258 4327 D.
1276 4276 1309 4327 de
1330 4272 1393 4328 Ret.
1408 4269 1462 4324 eret

240 4356 318 4418 Quae
335 4363 425 4412 eutem
443 4360 505 4430 quis
520 4375 624 4428 poenae
641 4361 751 4414 nominc
768 4361 942 4426 persolverat,
961 4377 994 4412 ea
1010 4377 1064 4414 non
1084 4359 1274 4424 repetebantur
1282 4361 1345 4427 jure
1358 4357 1461 4424 antiquo:

241 4441 326 4514 [542
345 4443 379 4495 D.
398 4444 429 4496 du
447 4447 557 4499 condiet.
574 4443 658 4498 iudet.
676 4447 708 4496 L.
723 4450 766 4498 46.
789 4445 820 4496 D.
836 4445 867 4494 de
886 4445 954 4512 Rep.
963 4445 1025 4514 jur.
1044 4443 1108 4496 vid.
1129 4447 1192 4496 Ger.
1212 4444 1307 4497 Noodt
1325 4446 1355 4497 de
1362 4443 1430 4512 soen.
1444 4450 1460 4486 et

241 4538 313 4572 usur.
325 4523 366 4574 ΙΙ.
386 4529 424 4577 13.
444 4529 516 4580 Petr.
535 4530 622 4583 Faber
640 4529 677 4580 od
693 4530 731 4580 tit.
750 4530 781 4580 de
801 4528 869 4596 Rey.
887 4530 949 4581 dur.
965 4548 994 4598 p.
1010 4534 1069 4582 224.
1095 4531 1173 4582 Heio.
