3080 5154
347 336 418 419 Qru
443 335 499 404 Er
524 336 577 404 Ex
602 338 704 421 Qum.
730 337 852 408 Onnes.
877 339 1028 408 Manum,
1247 349 1315 414 tet

579 514 661 569 ese.
679 515 742 567 vn.
759 512 788 582 r)

136 630 192 694 nn
214 627 574 694 nnnunnsslonu
595 630 646 693 m
666 629 898 694 anianum
921 593 1245 696 unumunurm.

149 771 207 846 Qui
225 774 258 830 in
265 769 423 848 srsudem
437 772 468 850 ε)
488 771 678 832 creditarum
693 774 884 848 manumisit,
901 771 979 833 ntttt
995 776 1097 854 egisse
1113 781 1255 836 censetor
1268 773 1315 855 ¹¹),

70 888 96 939 et
110 882 316 940 manumissus
332 881 564 942 manumissam
578 899 692 942 seruus
707 881 860 942 ancillam
874 877 1028 942 nransnta.

574 1112 656 1164 CAP.
674 1111 774 1166 vnit

156 1211 217 1273 DE
240 1209 394 1274 SERVO
417 1167 706 1276 NECESSARIO
728 1113 921 1275 HIiREDE
944 1211 1212 1276 INSTITUTO.

143 1353 293 1412 Attamen
309 1355 353 1425 ei,
370 1356 427 1446 qui
443 1353 588 1414 salvanda
603 1371 666 1415 nan
684 1361 731 1414 est
746 1351 792 1432 k),
813 1373 912 1415 unum
926 1373 1062 1426 servum,
1080 1373 1168 1432 quem
1186 1355 1258 1415 uelit
1271 1353 1316 1434 ¹),

66 1479 119 1538 prr
142 1465 359 1520 testamentum
382 1465 621 1534 manumittere,
641 1461 836 1522 atharudam
863 1462 1029 1522 s'nstituers
1041 1463 1083 1541 ¹¹)
1101 1462 1160 1542 jus
1180 1469 1265 1523 esta:
1285 1469 1318 1522 et

69 1573 136 1626 tune
147 1570 360 1630 manumissus
374 1568 450 1632 liber
464 1570 616 1652 heresque
630 1571 829 1632 necessarius
844 1577 918 1630 esta.

589 1805 671 1858 CAP.
690 1806 744 1858 IX.
759 1818 774 1848 r

165 1905 281 1984 QUID
305 1905 345 1969 SI
366 1905 418 1969 IN
440 1905 671 1970 FRAUDEM
694 1807 1008 1972 GRLDITORUM
1028 1907 1210 1972 PLURES

448 2057 452 2060 -
543 2021 829 2106 mnnnnrssn

143 2135 188 2198 Sr.
226 2153 307 2200 nuo.
341 2154 521 2202 rnnansvn.
553 2156 608 2204 nx.
641 2156 766 2203 urnnn.
801 2156 938 2204 caussa.
973 2155 1137 2204 numanus.
1173 2156 1315 2204 semem.

127 2393 154 2458 f)
173 2393 216 2443 De
239 2392 292 2443 hoe
310 2405 421 2458 quoque
438 2389 526 2455 eapite
544 2404 645 2443 erasus
664 2391 752 2442 adhue
770 2389 829 2442 Lib.
848 2389 872 2443 1.
896 2389 1085 2444 Garamantas-ii
1101 2391 1144 2443 sai
1160 2390 1224 2457 egit.
1249 2391 1317 2444 Seu-

71 2475 144 2528 tentia
159 2481 251 2530 exstat
269 2476 344 2541 apud
361 2476 425 2542 Gaj.
443 2475 510 2528 Inst.
528 2475 552 2528 Ι.
572 2482 595 2528 1.
612 2481 638 2528 5.
660 2476 697 2543 (I.
711 2477 771 2542 37).
790 2475 899 2548 Ulpian.
918 2475 1027 2543 Fraym.
1045 2475 1069 2528 I.
1090 2481 1130 2530 14.
1147 2477 1174 2527 in
1188 2493 1235 2543 pr.
1250 2475 1317 2530 Inst.

71 2559 93 2612 i.
108 2570 124 2614 t.
139 2563 172 2616 L.
195 2565 238 2616 16.
257 2561 278 2627 ἕ.
298 2565 323 2614 2.
342 2560 378 2612 D.
401 2561 455 2618 Qui
468 2568 495 2612 et
511 2579 528 2612 a
546 2561 615 2630 quid.
632 2578 702 2614 man.
721 2560 764 2613 ta.
781 2563 814 2614 L.
836 2567 858 2614 l.
874 2560 903 2614 0.
926 2562 981 2620 Qus·
996 2579 1067 2614 msa.
1079 2577 1133 2614 nen
1146 2577 1219 2629 paee.
1237 2561 1317 2615 Hein.

130 2647 160 2712 g)
180 2645 258 2708 Quid
275 2661 342 2699 vero
359 2649 401 2698 est
425 2645 454 2700 in
473 2646 597 2700 fraudem
613 2646 821 2700 manumitteret
838 2647 871 2698 L.
892 2651 932 2700 10.
951 2648 988 2700 D.
1011 2647 1140 2706 Quieta
1158 2645 1228 2717 quib.
1247 2665 1318 2702 mm.

72 2728 167 2782 tinam
175 2733 259 2800 fiunt.
276 2733 310 2783 L.
327 2734 370 2785 79.
387 2731 424 2784 D.
443 2731 474 2782 sle
494 2731 531 2784 R.
548 2730 573 2783 Ι.
590 2733 651 2786 Hae
668 2734 727 2798 lege
745 2747 794 2784 nee
810 2731 889 2786 miles
907 2735 1028 2786 solutus:
1046 2734 1080 2787 L.
1092 2737 1137 2786 29.
1150 2734 1172 2800 ξ.
1192 2740 1216 2786 l.
1231 2735 1267 2787 D.
1285 2734 1319 2786 ds
1406 2781 1416 2800 ,

75 2815 134 2869 Teu.
151 2817 205 2870 mit.
222 2818 257 2868 L.
276 2819 303 2868 8.
316 2815 338 2884 ᾗ.
353 2821 377 2868 1.
395 2816 431 2868 D.
451 2817 506 2873 Qui
522 2826 548 2868 et
566 2835 599 2870 en
616 2817 684 2885 quib.
702 2833 786 2870 eausa.
805 2833 920 2871 manum.
937 2818 1001 2871 Non
1019 2824 1109 2870 tamen
1127 2820 1213 2883 legem
1225 2817 1318 2881 violat,

73 2901 113 2966 qui
127 2902 215 2956 minor
234 2902 299 2954 XX
319 2901 398 2954 annis
415 2902 543 2954 heredem
565 2901 686 2968 rogavit,
706 2908 735 2956 nt
758 2919 867 2956 servum
891 2902 1034 2968 proprium
1051 2904 1267 2957 manumitteret:
1284 2903 1319 2956 L.

72 2988 107 3038 ³4.
122 2988 141 3054 ξ.
162 2994 185 3042 1.
203 2988 240 3039 D.
260 2988 292 3040 de
307 2988 407 3040 Fidsr'e.
426 2986 512 3040 libert.
529 2987 610 3040 Heia.

127 3074 159 3140 h)
180 3072 211 3126 Si
230 3072 260 3125 id
271 3078 385 3139 urgeant
395 3071 551 3126 creditores.
565 3074 655 3126 Antea
665 3073 739 3126 enim
750 3071 934 3126 manumissus
949 3068 978 3122 in
990 3085 1086 3122 eorum
1099 3071 1223 3124 fraudem
1235 3072 1320 3126 veluti

73 3158 201 3212 rutuiiber
213 3163 286 3211 erat:
298 3160 331 3212 L.
345 3164 369 3210 1.
377 3176 422 3227 pr.
435 3159 466 3210 dr
480 3157 601 3211 Statrrtib.
620 3159 687 3210 Inde
704 3164 754 3223 est,
773 3159 848 3227 quod
862 3157 972 3210 libertas
983 3155 1143 3221 hujusmodi
1156 3170 1205 3220 per
1218 3157 1319 3221 Legem

73 3243 164 3298 tetiam
184 3244 307 3298 Sentium
324 3242 424 3296 dieitur
441 3257 581 3296 nesciunt:
598 3244 631 3295 L.
645 3249 671 3296 5.
685 3245 707 3311 ξ.
723 3249 748 3297 2.
762 3244 799 3296 D.
822 3245 877 3303 Qui
894 3251 920 3294 st
937 3260 953 3294 a
971 3239 1040 3310 quib.
1058 3258 1173 3294 manum.
1186 3254 1319 3292 arrunte

73 3328 146 3382 Lm.
159 3331 181 3396 ξ.
192 3333 218 3381 3.
232 3331 263 3381 da
282 3329 352 3380 Jurs
360 3330 423 3396 fise.
441 3342 589 3380 advocent:
607 3330 640 3381 L.
661 3334 684 3380 1.
705 3328 734 3380 C.
757 3329 812 3386 Qut
827 3345 942 3381 manum.
960 3343 1099 3395 unapars.
1117 3325 1197 3378 Heia.

130 3415 154 3483 i)
176 3416 269 3481 Caput
286 3415 339 3466 noe
355 3429 372 3466 a
389 3413 529 3480 superiore
546 3413 705 3479 proximam
721 3412 820 3477 firmae,
833 3431 918 3482 quum
930 3429 974 3466 res
992 3413 1061 3479 ipsa,
1080 3417 1138 3465 tum
1152 3409 1234 3464 Pauli
1247 3412 1320 3477 frag-

73 3507 151 3554 menta
173 3501 209 3554 ad
227 3504 311 3566 eaput
327 3515 446 3568 sequens
463 3501 611 3552 adferenda
629 3500 734 3552 dorent
758 3499 838 3552 Hsisr.

130 3587 164 3652 k)
185 3584 279 3638 Etiam
295 3584 396 3638 minori
410 3585 473 3638 XX
486 3585 578 3638 annis:
597 3586 630 3636 L.
638 3587 681 3638 at.
696 3585 727 3636 ds
743 3586 818 3638 Man.
836 3593 892 3638 tert.
911 3583 986 3646 Quid
1004 3583 1037 3647 si,
1056 3584 1104 3652 qni
1123 3585 1256 3637 solvendo
1269 3589 1319 3648 est,

74 3671 247 3724 manerium
264 3671 392 3722 heredem
408 3669 547 3736 instituat,
562 3676 590 3724 et
607 3670 631 3724 is
648 3669 796 3735 abstineat,
808 3686 844 3724 an
862 3669 999 3722 uncturus
1016 3669 1167 3722 debentur!
1183 3671 1217 3721 L.
1229 3673 1271 3721 ³2.
1285 3669 1320 3720 D.

75 3753 101 3804 de
115 3758 234 3813 Manum.
252 3763 309 3808 test.
329 3756 410 3810 Heia.
950 3745 951 3752 ’

130 3843 154 3909 1)
176 3827 254 3894 met
271 3840 405 3894 minorem
423 3841 517 3894 XXX
535 3838 630 3894 annis:
655 3841 764 3906 Ulpiae.
782 3841 928 3908 Fruaml.
945 3845 984 3894 14.
1003 3838 1110 3893 etiamsi
1126 3838 1155 3890 in
1174 3853 1206 3890 ea
1223 3851 1321 3890 caussa

75 3922 114 3989 sit,
124 3932 154 3978 ut
172 3925 313 3979 dedititius
329 3925 387 3978 fieri
405 3926 526 3978 deberet:
545 3926 607 3991 Ulp.
619 3925 682 3978 itu.
700 3927 788 3978 Heres
800 3926 871 3978 enim
883 3943 945 3979 esse
959 3941 1015 3979 non
1027 3929 1134 3992 posset,
1150 3923 1202 3977 nisi
1216 3923 1321 3990 justam

74 4018 248 4081 eensaqnutus
275 4011 436 4064 libertatem.
463 4011 548 4064 Aliud
565 4011 725 4076 dicendum,
743 4011 768 4063 si
784 4011 1009 4078 inpedimentum
1033 4026 1090 4064 non
1107 4025 1142 4060 ex
1166 4010 1226 4074 lege
1242 4005 1321 4059 Aelia

75 4095 164 4151 Sentis.
173 4098 222 4164 sit,
237 4098 287 4152 sed
306 4113 342 4150 ex
359 4097 414 4150 alia
431 4099 503 4163 lege,
516 4097 590 4151 scto
609 4099 652 4150 vel
668 4096 862 4150 constitutione
873 4096 1028 4162 Principis:
1046 4097 1079 4148 L.
1091 4097 1133 4148 83.
1143 4111 1190 4162 pr.
1208 4094 1240 4144 ds
1252 4093 1320 4144 Her.

75 4181 124 4235 met.
141 4186 222 4238 Ham.

133 4271 174 4337 m)
195 4269 270 4333 Quid
289 4269 314 4320 si
331 4269 477 4320 obaeratus
495 4283 604 4320 servum
620 4269 747 4322 heredem
770 4267 954 4322 neeessariam
976 4263 1137 4329 instituerit,
1155 4263 1236 4331 eique
1256 4261 1321 4316 aub-

77 4349 181 4406 ttituerit
198 4361 290 4408 tamen
309 4354 424 4406 liberum
442 4354 597 4407 hominem?
614 4355 647 4406 L.
666 4360 709 4408 57.
726 4355 762 4406 D.
781 4354 812 4405 de
831 4353 900 4408 Her.
916 4354 976 4405 inst.
995 4351 1075 4403 Heia.

134 4441 165 4506 n)
184 4440 321 4508 Legitima
338 4441 406 4492 haee
423 4438 509 4492 fuisse
525 4439 608 4507 hujus
627 4439 724 4506 eapitis
743 4440 833 4506 verba,
849 4440 965 4506 adparet
982 4453 1018 4490 ex
1035 4438 1068 4491 L.
1086 4439 1129 4489 60.
1147 4435 1184 4487 D.
1204 4435 1235 4486 ds
1253 4433 1322 4486 Her.

77 4519 127 4579 hrt.
143 4525 208 4580 scri
225 4542 292 4582 vero
310 4526 347 4579 ad
363 4527 434 4580 hane
450 4527 537 4593 legem
554 4524 619 4580 tanti
635 4525 759 4582 meminit
775 4527 807 4580 L.
826 4529 868 4580 83.
886 4526 907 4592 ς.
927 4530 950 4578 1.
969 4525 1026 4577 esst.
1044 4523 1125 4576 Heia.
