2890 5162
429 391 486 464 Du
510 395 780 469 Dossmounsus.
1001 472 1006 484 .
1158 407 1229 475 loo

23 575 82 638 dunt
98 570 259 656 θεώρητρον
274 577 308 633 et
326 565 491 655 ὑπόβολον,
511 590 648 654 quorum
662 572 727 635 hoc
742 580 806 654 est,
826 573 915 657 quod
929 573 973 636 ob
990 573 1077 639 dotis
1099 579 1229 660 quanti7

22 689 111 760 tatem,
126 657 217 763 quum
243 676 352 740 soluto
375 677 583 741 matrimonio
608 678 668 741 dos
691 679 864 763 repetitur,
888 681 963 744 huic
989 682 1168 766 subjicitur,
1195 693 1230 747 et

21 787 98 850 veluti
111 785 163 848 sub
186 783 278 865 dote,
294 804 380 868 quae
401 783 436 846 in
452 785 608 869 majoram
629 787 848 870 quantitatem
870 789 1047 871 excrescit,
1063 799 1228 875 tamquam

22 896 97 958 ninus
112 900 143 956 et
163 889 316 956 infirmius
330 890 465 973 ponitur
479 895 526 970 Ι).
549 893 816 978 Hanmcuopnlus
833 896 890 958 IV.
908 897 958 958 10.
974 897 1003 956 1.
1019 895 1102 959 illud
1119 907 1229 960 autem

21 1000 86 1084 ¹qnod
98 998 217 1081 virgini,
233 1018 300 1060 uon
314 997 447 1078 viduae,
463 997 568 1077 datur,
585 994 637 1064 tat
653 998 706 1086 τὴν
720 1000 808 1084 τιμὴν
827 1005 883 1084 τῆς
896 1010 1074 1086 παρθενίας,
1088 1008 1122 1066 in
1138 1006 1231 1066 hono

23 1129 67 1170 rem
83 1110 275 1188 otrgsttitnts'sc
300 1104 393 1168 Idem
416 1105 598 1184 Promtoar.
619 1107 654 1168 V.
673 1109 703 1169 ὅ.
721 1107 751 1171 7.
780 1109 880 1172 Unde
900 1109 963 1172 hoc
987 1129 1059 1174 oum
1081 1119 1230 1175 veterum

24 1214 234 1298 ἀνακαλυπιηρίῳ
253 1233 320 1274 non
348 1211 435 1276 male
467 1222 635 1296 comparat
666 1215 813 1300 Dionys.
835 1216 1071 1282 Gothofredus.
1107 1217 1231 1281 Similis

26 1341 122 1404 quoque
138 1329 185 1384 est
206 1317 378 1382 theoretro
395 1319 632 1384 Germanorum
652 1326 882 1405 marg-engada,
897 1325 946 1388 uti
966 1332 1002 1386 et
1017 1323 1162 1409 ὑποβόλῳ
1181 1329 1231 1387 in·

25 1435 171 1491 amodum
181 1427 269 1499 dotis,
284 1427 408 1490 ibidem
420 1428 537 1511 passim
553 1437 732 1512 receptum.
745 1431 825 1493 Erat
836 1438 945 1493 autem
961 1434 1113 1494 theorstrs‘
1127 1453 1232 1516 quan-

26 1531 75 1594 titas
91 1533 119 1596 in
137 1533 278 1616 singulas
299 1533 401 1600 libras
418 1534 506 1598 dotis
528 1535 744 1600 semiaureusz
769 1537 1038 1620 Harmenopulus
1053 1540 1093 1601 tt.
1109 1540 1136 1619 §-
1152 1539 1181 1600 9.
1198 1545 1233 1602 et

28 1636 141 1720 hypoboli
163 1641 252 1724 apud
270 1651 401 1710 veteres
424 1640 511 1705 dotis
537 1642 673 1708 dimidia
688 1666 780 1728 pars,
802 1652 920 1728 postea
938 1665 999 1728 pro
1020 1644 1106 1708 libna
1126 1645 1232 1709 libiae

3 1737 6 1742 ’
28 1745 106 1808 triens:
118 1748 204 1810 Idem
220 1749 251 1828 §.
266 1748 296 1810 4.
319 1748 463 1814 Videtur
477 1769 529 1815 res
544 1750 649 1833 pactis
665 1749 817 1833 definita,
840 1773 949 1836 eoque
966 1745 1133 1836 portinere
1148 1758 1229 1834 puto

29 1853 186 1916 astrumenta
203 1855 393 1940 ὑποβολικά,
413 1855 486 1937 vel,
502 1863 539 1920 ut
560 1856 607 1920 ibi
623 1859 754 1922 codices
772 1859 914 1940 habent,
932 1860 1127 1940 hyperbolico
1142 1859 1230 1942 apud

26 1955 103 2021 Sidou.
117 1959 285 2045 Appollin.
304 1963 405 2043 Epist.
428 1962 497 2024 VII.
512 1963 542 2026 2.
564 1971 598 2026 et
616 1967 825 2050 συμφωνηθὲν
842 1966 1007 2050 ὕπόβολον,
1027 1974 1156 2049 pactum
1175 1967 1232 2046 tp-

22 2064 130 2140 pololam,
147 2068 229 2151 apud
250 2061 533 2152 Harmenopulum
550 2070 676 2132 1V.10.
693 2071 723 2132 7.
762 2098 784 2118 ψ
854 2157 855 2160 ¹

553 2269 581 2348 §-
605 2267 656 2331 19.
763 2211 769 2226 ¹
834 2249 836 2256 '

428 2383 544 2435 Donatio
561 2384 652 2435 mortis
670 2401 772 2436 caussa.

87 2491 348 2569 Quemadmodum
370 2519 450 2562 vero
475 2497 672 2561 donationes
694 2499 782 2562 inter
803 2497 897 2561 vivos
921 2520 978 2562 sua
999 2504 1115 2560 natura
1135 2505 1230 2560 erant
1267 2483 1270 2498 ⁸

24 2594 227 2687 irrevocabiles,
254 2605 316 2667 nisi
340 2606 384 2667 ob
408 2613 512 2668 certas
537 2626 678 2686 caussas,
701 2627 782 2689 quas
796 2605 1019 2670 Jureconsulti
1040 2610 1229 2688 exponuntz

25 2699 55 2762 ita
75 2727 183 2793 semper
209 2712 364 2774 revocari
394 2721 549 2796 poterant
581 2712 778 2776 donationes
801 2729 928 2777 Molt'l'ls
954 2729 1082 2776 caussa
1108 2711 1229 2792 factae,

30 2819 96 2874 none
109 2827 332 2904 nonsequuta.
354 2818 423 2880 Sed
439 2828 472 2881 et
487 2819 541 2882 hic
551 2821 599 2885 ad
615 2821 772 2884 formulas
790 2800 862 2884 erat
876 2817 1126 2904 respiciendum.
1147 2817 1230 2879 Pot-

28 2925 72 2978 erat
88 2923 160 2985 enim
176 2926 276 2992 etiam
293 2925 340 2988 sic
353 2926 467 2988 mortis
486 2947 601 2990 caussa
615 2927 748 2990 donari:
768 2911 814 2990 U'T
832 2943 947 2990 nunno
967 2942 1053 2990 casu
1068 2940 1149 2990 esus
1171 2941 1232 2986 aa·

28 3035 121 3090 nunno
138 3047 251 3112 assas,
272 3030 308 3096 id
331 3040 397 3114 est,
413 3053 455 3095 ne
475 3033 502 3096 si
525 3033 746 3100 convaluisset
766 3031 899 3116 quidem
920 3032 1073 3111 donator,
1095 3038 1130 3092 et
1152 3039 1230 3092 tunc
1299 3089 1301 3098 χ

30 3129 177 3200 credebatur
198 3139 288 3202 inter
301 3138 399 3212 vivos
411 3139 582 3204 donatum:
597 3142 634 3202 J..
649 3141 700 3206 27.
714 3142 756 3202 D.
774 3141 813 3200 do
827 3139 921 3201 Mort.
937 3159 1040 3198 cause.
1058 3138 1127 3199 don.
1148 3136 1232 3198 Plu-

25 3251 58 3294 res
66 3237 198 3309 formulas
213 3245 249 3309 in
264 3243 450 3328 hujusmodi
466 3246 701 3313 donationibus
716 3253 885 3329 usurpatas
897 3243 1051 3307 adcurate
1063 3262 1121 3304 suo
1138 3259 1229 3302 more

24 3339 124 3428 collegit
135 3349 230 3416 Barn-
247 3351 433 3424 Brissouius
452 3355 490 3418 do
508 3355 612 3417 dorm.
633 3354 701 3414 VII.
713 3375 748 3434 p.
762 3353 834 3416 690.
847 3356 892 3432 ⁸).

23 3505 273 3530 κῇ...-

43 3629 46 3634 ·
67 3603 90 3668 t)
106 3608 139 3659 nt
160 3609 253 3675 potius
278 3607 408 3675 dixerim,
427 3612 594 3678 Hypobolon
613 3611 723 3676 proprie
745 3610 830 3664 fuisse
847 3609 1005 3675 pecuniam,
1030 3621 1108 3674 quae,
1126 3604 1230 3669 nuptiis

22 3679 89 3750 initis,
103 3705 148 3754 pro
165 3693 246 3754 dote,
264 3711 326 3749 oum
344 3695 509 3748 incremento
526 3695 628 3764 aliquo,
646 3712 682 3748 ex
698 3695 824 3761 pactione
840 3691 1007 3746 restituenda
1027 3694 1099 3744 esset
1116 3687 1231 3769 mulieri.

22 3762 81 3832 quue
94 3789 124 3824 ex
141 3777 262 3828 locorum
284 3778 444 3832 testimoniis
462 3779 629 3846 collegerim,
647 3778 829 3845 asammetio
848 3777 921 3845 (vid.
938 3781 994 3828 not.
1012 3776 1052 3842 x)
1073 3771 1231 3826 cumulatis·

22 3844 66 3900 tine
79 3856 220 3913 allatorum.
240 3861 327 3915 Miilsl.

66 3937 90 4002 a)
107 3940 146 3992 De
163 3944 257 3996 mortis
278 3960 361 3998 causa
379 3945 534 3998 donationis
552 3947 614 4012 jure
632 3952 659 3998 et
676 3945 790 4000 historia
812 3960 868 3997 non
887 3949 942 4008 cst,
961 3941 1036 4011 quod
1054 3940 1151 4014 hocin
1169 3943 1230 3992 loco

25 4010 75 4069 latius
90 4023 196 4079 dientem.
215 4029 299 4079 Plura
316 4029 367 4080 hac
385 4029 419 4080 de
440 4047 470 4081 re
487 4035 687 4096 exposuerunt:
714 4033 747 4084 A.
766 4031 819 4083 Gu.
839 4029 950 4080 Cramer
968 4029 1095 4094 deponet.
1104 4025 1165 4094 jur.
1183 4028 1230 4076 civ.

21 4105 306 4163 ⁰·10.Haubold1)iss.
325 4113 356 4163 de
371 4114 462 4164 mortis
479 4131 559 4166 causa
575 4115 745 4166 donationum
765 4113 921 4182 conjecturis
939 4129 971 4162 aa
996 4109 1087 4160 mortis
1103 4109 1231 4160 montione

19 4184 127 4245 tapsensis,
142 4193 218 4259 Lips.
237 4201 312 4250 1792.
323 4203 349 4248 4.
369 4197 411 4263 (et
430 4195 458 4248 in
474 4213 562 4264 opscsc.
580 4197 643 4250 Vol.
655 4199 676 4248 I.
693 4213 721 4262 p.
735 4197 907 4263 439-496.)
928 4195 974 4246 W.
990 4193 1091 4245 Milller
1108 4192 1175 4243 iiber
1192 4193 1233 4242 die

19 4261 82 4318 Notus
98 4275 142 4325 der
160 4277 315 4346 &hantunq
333 4279 388 4345 cus
400 4281 450 4332 den
469 4280 613 4349 Todcsfall.
631 4281 808 4334 Giano-1827.
826 4297 851 4333 s.
870 4277 996 4332 Solsrdter
1013 4277 1042 4328 in
1059 4274 1086 4328 d.
1104 4275 1233 4327 Zeitsclaer.

12 4343 121 4408 fiffvilr.
141 4375 166 4412 a.
190 4363 239 4415 Pr.
257 4365 289 4416 Τ.
307 4365 343 4417 ΙΙ.
364 4379 439 4416 num.
459 4364 507 4416 IV.
525 4381 552 4430 p.
569 4369 612 4418 97.
631 4381 707 4434 sqqc
721 4367 811 4418 Hesse
834 4364 872 4417 im
892 4361 988 4414 Ricina
1011 4360 1083 4414 Mos.
1101 4361 1131 4412 T.
1149 4361 1186 4412 ΙΙ.
1205 4376 1232 4425 p.

17 4431 153 4496 30(3*366.
171 4447 203 4496 Τ.
221 4449 270 4500 Ill.
288 4451 434 4514 pal—22.
453 4453 479 4500 et
497 4465 522 4515 p.
541 4453 699 4502 att-417.
719 4445 1009 4521 lacedaemoniae
1027 4445 1145 4536 oon'don
1169 4443 1232 4496 Ver·
1340 4475 1343 4482 ·

17 4513 104 4573 mdcitn.
121 4526 150 4576 Τ.
168 4527 189 4578 Ι.
207 4527 291 4610 ρ’..θθι
310 4547 370 4600 sqq·
391 4531 425 4598 (ξ’
443 4533 494 4598 2’)’
513 4529 599 4584 Mm
969 4611 1035 4674 26⁴
