3030 5160
344 369 408 438 lle-
422 367 657 438 Successrose
681 367 926 439 Lrsunronun.
1191 377 1263 444 aar

22 553 117 614 denuo
136 556 281 632 patrono
305 552 421 608 corrtra
441 543 502 608 bos
531 565 606 608 suos
636 544 778 608 heredes
795 541 899 629 partis
916 544 1076 610 dimidiae
1098 546 1259 610 bonorum

22 655 183 742 possessio:
208 653 375 737 Ulpianus
390 655 410 741 1.
424 673 450 712 a.
473 651 545 714 Soli
565 673 646 736 ergo
665 661 839 744 patronum
855 652 1079 716 excludebant
1094 655 1260 720 naturales

22 765 113 838 liberi,
128 763 199 826 eive
216 761 281 842 sui,
297 759 366 824 sive
377 758 587 842 emancipati,
603 760 672 822 sive
687 757 722 822 in
734 759 948 843 adoptionem
964 759 1045 839 dati,
1059 760 1086 822 si
1102 761 1200 822 modo
1217 783 1259 823 ex

22 872 76 934 ulla
91 878 182 954 parte
206 869 323 952 scripti
339 866 478 930 heredes
501 873 604 946 erant,
626 865 681 929 vel
696 868 856 930 bonorum
883 868 1122 951 possessionem
1146 877 1261 930 contra
1324 939 1330 952 .

22 979 132 1040 tabulas
144 976 329 1059 petierant.
343 975 427 1037 Nam
444 974 525 1052 alias
541 973 736 1038 exheredati
751 973 960 1054 videbantur,
981 973 1134 1058 adeoque
1150 985 1261 1060 patro-

23 1106 84 1146 num
99 1083 283 1148 excludere
299 1103 364 1144 non
386 1089 558 1164 poteraut:
582 1081 653 1158 §.L
669 1083 747 1144 laet.
761 1082 789 1144 b.
802 1089 823 1143 t.

598 1231 626 1312 §.
640 1231 670 1292 5.

296 1345 330 1399 Ia
348 1345 457 1399 libertae
473 1343 540 1398 borea
558 1363 662 1414 semper
679 1344 834 1398 succedebat
845 1352 984 1414 patronae.

92 1449 136 1512 At
157 1449 243 1512 baec
266 1447 377 1511 omnia
398 1445 439 1509 de
463 1445 657 1509 libertorum
679 1455 803 1510 tantum
826 1445 922 1510 bouis
944 1442 1096 1508 edixerat
1112 1447 1261 1510 Praetor.

28 1559 54 1616 lo
69 1557 146 1616 bouis
162 1557 305 1628 libertae,
325 1554 433 1639 iuquit
451 1553 625 1638 Ulpianus,
637 1564 771 1636 petrono
789 1555 867 1616 nibil
876 1554 964 1635 juris
980 1575 1019 1616 ea·
1031 1555 1130 1616 edicto
1147 1555 1263 1616 datur:

29 1665 137 1744 Fragm.
149 1663 276 1723 XXIX.
284 1661 314 1723 2.
331 1659 432 1738 Quod
448 1682 514 1723 uon
530 1661 576 1724 ita
591 1660 859 1748 intelligendum,
873 1659 947 1724 acsi
962 1663 1109 1743 patronis
1122 1663 1263 1726 Praetor

28 1769 68 1829 bic
79 1790 263 1831 succurrere
280 1768 436 1850 noluerit,
448 1767 506 1831 sed
523 1767 612 1854 quod
628 1789 694 1832 nou
711 1790 793 1852 opus
809 1765 915 1830 bacin
931 1787 967 1829 re
982 1766 1082 1830 fuerit
1095 1769 1263 1832 Praetoris

30 1878 180 1939 beneficio.
196 1877 358 1939 Libertas
371 1876 456 1938 enim
467 1875 575 1938 nullos
590 1876 758 1940 habebant
773 1874 913 1937 heredes
925 1894 1011 1953 suos,
1021 1874 1077 1956 qui
1087 1885 1261 1958 patronum

30 1983 235 2046 excluderent.
261 1982 438 2065 Quumque
455 1983 585 2066 patroni
607 1983 748 2067 legitimi
773 1990 884 2046 esseut
899 2003 1008 2044 earum
1025 1991 1167 2046 tutores:
1184 2006 1284 2046 con--

32 2111 148 2172 sequens
171 2100 256 2172 erat,
278 2097 314 2154 ut
336 2110 397 2152 nec
414 2091 542 2170 testari,
566 2091 678 2153 necin
703 2095 832 2154 marium
853 2089 1032 2152 convenire
1056 2091 1126 2152 sine
1150 2112 1263 2154 eorum

33 2199 204 2261 :ructaritate
219 2205 373 2280 possent:
396 2195 533 2278 Ulpiani
556 2197 686 2278 Fragm.
703 2197 760 2258 XI.
775 2195 826 2258 27.
847 2195 1111 2278 (Gaj.111.43.).
1144 2198 1263 2281 ltaque

34 2301 171 2367 intestatis
187 2305 335 2384 mortuis,
359 2323 489 2388 semper
510 2302 677 2366 hereditas
693 2303 735 2366 ad
757 2311 914 2384 patronos
932 2301 1132 2385 pertinebat,
1155 2325 1264 2388 neque

36 2411 237 2496 contingebat,
254 2416 293 2472 ut
309 2411 342 2474 bi
358 2410 454 2474 bonis
469 2430 579 2474 earum
597 2409 800 2476 exciderent.

596 2561 625 2643 s.
647 2559 677 2623 a.

98 2676 151 2726 Lea·
166 2685 255 2732 tamen
283 2677 372 2745 Papia
389 2677 544 2746 quibusdam
560 2657 702 2730 libertabus
720 2678 845 2729 concessit
863 2677 1009 2729 testamenti
1016 2675 1176 2744 factionem.

100 2775 142 2838 At
155 2777 233 2861 lege
250 2778 359 2861 Papia
374 2778 545 2862 Poppaea,
566 2798 651 2862 quae
668 2779 757 2840 varia
782 2775 1001 2840 foecunditati
1025 2778 1169 2860 praemia
1189 2799 1267 2861 pro-

40 2881 134 2962 posuit,
156 2885 255 2948 etiam
284 2883 466 2948 libertabus
494 2883 737 2968 quodammodo
767 2883 904 2947 facultas
930 2883 1008 2947 data
1033 2895 1083 2948 est
1108 2894 1266 2969 patronos

39 2982 198 3054 hereditate
215 2983 428 3054 excludendi.
451 2993 501 3056 Ea
531 2993 617 3054 enim
637 2991 694 3054 lex
718 2991 824 3054 tutela
840 2991 996 3054 liberavit
1016 2991 1163 3076 libertas,
1181 3015 1265 3078 quae

41 3091 80 3152 vel
94 3107 226 3176 quatuor
240 3099 366 3163 liberos
383 3106 492 3167 esseut
514 3099 650 3162 enixae:
680 3097 817 3183 Ulpiani
831 3099 961 3180 Fragor.
978 3099 1147 3181 XXIX-3.
1174 3099 1265 3182 (Gaj.

41 3193 240 3285 111.la.),vel
256 3215 348 3269 certe
359 3209 415 3291 jus
431 3214 572 3292 quatuor
585 3206 765 3270 liberorum
783 3205 946 3268 beneficio
954 3205 1145 3288 Principum
1161 3207 1267 3289 impe-

42 3309 164 3390 trassent,
181 3315 272 3398 cujus
287 3313 335 3376 rei
351 3314 539 3398 exemplum
556 3322 664 3378 exstat
679 3312 767 3396 apud
778 3311 971 3376 Suetonium
985 3314 1088 3375 Claud
1100 3335 1124 3373 c.
1138 3313 1188 3374 19.
1204 3335 1267 3376 nec

43 3426 92 3471 1011
106 3418 185 3506 apud
197 3417 375 3484 Gruterum
393 3422 558 3504 Inscm'ppt.
567 3442 602 3504 p.
616 3422 800 3483 DGXXXI.
818 3421 889 3484 rr.2.
913 3420 968 3484 ubi
984 3419 1108 3482 mentio
1129 3421 1166 3484 fit
1184 3419 1268 3484 Cor-

43 3515 129 3582 neliae
144 3525 309 3608 Zosimae,
330 3543 585 3592 assensisses.
604 3544 774 3604 Quaruoa.
798 3545 907 3592 urana.
924 3544 1108 3591 asserium.
1130 3545 1267 3592 cassan.

45 3617 232 3714 Consequens
250 3655 331 3718 ergo
348 3643 430 3716 erat,
452 3645 488 3698 ut
503 3635 565 3700 hae
581 3635 724 3716 libertae
740 3643 774 3696 et
790 3634 895 3699 libere
913 3637 983 3698 sine
999 3636 1196 3702 auctoritate
1208 3657 1267 3720 pa·

44 3731 184 3800 bonorum
196 3749 405 3824 testarentur,
420 3751 457 3806 et
472 3752 630 3828 patronos
645 3742 831 3805 hereditate
848 3742 1074 3807 excluderent.
1090 3744 1142 3806 Ne
1157 3755 1268 3808 tamen

45 3829 69 3892 id
83 3837 176 3907 fraudi
194 3858 280 3915 esset
292 3850 449 3932 patronis,
467 3851 582 3914 eadem
599 3852 676 3934 lege
690 3859 817 3912 cautum
835 3858 895 3932 est,
908 3857 943 3913 ut
955 3871 1015 3935 pro
1030 3871 1166 3916 numero
1181 3853 1268 3916 libe·

45 3956 132 4008 r⁰rum
145 3951 284 4018 libertae
301 3958 520 4041 superstitum,
530 3966 671 4042 patrono
692 3958 795 4022 virilis
809 3979 883 4043 pars
900 3958 1093 4023 deberetur:
1109 3960 1269 4042 Ulpianus

47 4043 99 4108 ibid.
112 4053 194 4152 bdd.
213 4057 495 4129 Commeataostr.
509 4070 551 4127 ad
565 4067 602 4127 J..
618 4067 680 4128 Jat.
693 4075 723 4127 et
739 4067 820 4147 Pap.
837 4065 936 4146 Popp.
953 4065 1057 4128 11.11.
1070 4087 1104 4147 p.
1114 4065 1186 4128 242.

607 4207 635 4287 §-
649 4207 680 4269 r.

282 4313 408 4382 &aedem
426 4312 489 4382 lepis
507 4322 586 4383 rapat
604 4315 636 4366 de
657 4312 730 4366 boair
748 4313 836 4366 liberti
852 4311 1006 4366 cmtenard.

115 4400 231 4472 Eadem
251 4411 329 4496 lege
347 4413 444 4475 etiam
467 4413 621 4476 debonis
643 4413 836 4477 libertorum
861 4410 1020 4475 nonnulla
1043 4418 1269 4490 staturosum,

51 4513 117 4572 ‘puae
132 4511 221 4578 uobis
237 4519 380 4582 serravit
394 4519 596 4584 Justiuiauus
612 4529 639 4596 §.
656 4522 686 4586 2.
703 4524 779 4583 laet.
796 4522 824 4581 b.
841 4529 863 4582 t.
892 4519 1030 4582 Cautum
1056 4523 1105 4580 est
1119 4519 1217 4598 enim,
1236 4527 1271 4581 ut

1035 4617 1077 4679 32
