3062 5156
143 363 150 372 ,
173 387 245 454 Lru.
259 386 287 454 l.
300 387 381 464 Tm.
394 385 502 454 XXV.
528 334 584 456 lia
596 384 769 468 Excusat·
783 385 919 456 Toron.
932 386 1009 455 Vm.
1022 384 1155 456 Consu.
1218 339 1299 460 sul*

52 571 158 638 austra,
167 564 294 642 saeuum
307 571 372 636 eat,
384 565 531 626 'constitet
552 562 643 626 Eam'
654 561 819 624 actionem
840 561 964 626 deiude
979 563 1022 628 D.
1038 562 1117 628 Pius
1133 564 1233 630 etiam
1248 565 1292 628 ad

52 670 126 752 ipsos
148 669 395 774 magiqtratuum
417 668 559 734 heredes
582 669 752 752 extendit,
774 669 800 732 si
827 670 925 754 culpa
951 671 1200 756 magistratuum
1222 670 1292 736 lata

51 777 290 842 intercessisset:
304 779 343 840 L.
358 777 390 841 6.
404 779 446 840 D.
462 777 501 840 de
520 777 665 858 Magistra
681 798 807 840 coacea.
823 777 860 838 L.
872 777 903 842 2.
922 779 954 840 0.
969 779 1034 842 eod.

623 951 652 1032 ς.
673 949 704 1013 a.

506 1067 643 1126 Quomodo
659 1065 832 1118 satisdatum?

118 1165 193 1248 Ipsa
206 1165 379 1229 satisdatio
399 1168 501 1231 fiebat
521 1157 644 1232 oblatis
657 1167 913 1254 fidejussoribus,
934 1169 1013 1248 (nec
1029 1167 1116 1234 enim
1134 1165 1201 1230 alia
1214 1173 1292 1252 pot-

53 1279 109 1334 erat
126 1293 196 1336 esse
221 1273 331 1336 cautio
352 1275 543 1338 Praetoria:
559 1275 597 1336 J..
614 1277 644 1336 7.
662 1277 702 1336 D.
722 1277 760 1336 de
778 1276 889 1356 Stabat.
908 1276 1040 1356 Praet.)
1061 1274 1217 1358 aquibus
1235 1271 1291 1336 vel

52 1379 107 1461 ipse
121 1380 279 1464 pupillus,
298 1381 325 1443 si
341 1383 402 1446 fari
417 1392 541 1468 posset,
558 1382 631 1465 vel,
649 1383 676 1446 si
691 1404 758 1445 non
772 1391 895 1467 posset,
914 1404 1025 1446 servus
1042 1383 1111 1446 sive
1131 1381 1291 1466 proprius,

52 1487 107 1549 sive
118 1488 281 1572 publicus,
292 1489 348 1553 vel
362 1489 542 1554 tabularius
559 1489 788 1574 stipulabatur,
801 1507 872 1552 REM
890 1507 1025 1554 PUPILLI
1041 1506 1176 1554 SALvAM
1192 1506 1292 1551 nouus

52 1593 169 1677 Ulpian.
186 1597 226 1658 1..
242 1595 273 1658 2.
291 1598 330 1657 D.
344 1597 431 1658 Rem.
443 1619 521 1680 pup.
542 1599 618 1659 salv.
625 1599 720 1678 sore:
745 1598 783 1658 st
795 1600 937 1680 pupillus
957 1599 1069 1660 abacos
1087 1603 1141 1674 ait,
1159 1599 1210 1660 uel
1219 1597 1298 1674 sart

51 1723 100 1762 um
109 1709 227 1786 possit,
242 1724 351 1774 seruus
370 1706 440 1786 ejus
457 1707 675 1788 stipulabatur.-
691 1709 722 1767 si
736 1726 862 1767 servum
877 1725 938 1766 aon
952 1705 1079 1778 lrabeat,
1097 1705 1247 1766 emendus
1264 1707 1296 1765 et

52 1829 143 1872 seruus
167 1821 231 1873 est:
250 1812 308 1872 sed
329 1804 363 1872 εἰ
377 1833 439 1872 uon
462 1815 516 1886 stt,
541 1813 625 1873 unde
645 1821 777 1887 ematur,
800 1822 936 1874 autnon
956 1816 996 1874 aa
1016 1813 1162 1894 expedita
1182 1815 1291 1874 emtis:

49 1917 171 1995 prrrsecto
196 1917 349 1991 debemus,
371 1940 495 1980 seruum
512 1921 671 2000 publicum
690 1920 778 2000 apud
796 1921 982 1981 Praetorem
1005 1923 1154 2002 attitulari
1171 1919 1296 2005 debere.

54 2021 175 2087 Solebat
198 2033 233 2088 et
249 2027 391 2088 Praetor
406 2046 649 2109 nonnumquam
670 2025 767 2109 dare,
789 2028 841 2089 cui
863 2026 1071 2111 fidejussores
1093 2025 1292 2110 stipularen-

53 2139 106 2194 tur:
122 2133 160 2194 L.
176 2132 206 2195 3.
224 2135 289 2194 eod.
305 2133 466 2196 Nimirum
483 2153 595 2196 servus
612 2134 763 2216 proprius
778 2134 993 2217 stipulatione
1012 2155 1070 2196 sua
1091 2132 1237 2213 domino,
1256 2130 1291 2194 id
1338 2187 1342 2196 ,

53 2248 105 2321 est,
124 2239 254 2324 pupillo
271 2240 485 2326 adquirebat:
498 2241 527 2322 §.
541 2239 571 2300 1.
587 2242 665 2302 Iuet.
682 2243 721 2302 de
735 2239 812 2321 stup.
828 2261 908 2303 sero.
931 2241 1004 2302 Nec
1020 2240 1125 2304 minus
1141 2239 1291 2323 publicus

53 2367 148 2410 servus
164 2356 257 2411 recte
273 2347 493 2431 stipulabatur
508 2347 650 2433 pupillo,
671 2347 751 2431 quia
768 2355 840 2410 erat
859 2347 894 2410 in
914 2347 1062 2410 dominio
1076 2342 1291 2431 reipublicae.

53 2454 178 2518 Publice
192 2475 274 2518 vero
290 2455 424 2520 nomine
444 2465 478 2519 et
497 2455 596 2518 alteri
612 2454 761 2539 stipulari
774 2454 913 2518 licebat:
930 2455 968 2516 L.
983 2454 1013 2517 3.
1029 2456 1070 2516 D.
1089 2455 1128 2516 de
1146 2455 1292 2516 Praetor.

54 2566 109 2644 rttp.
123 2563 158 2622 I..
174 2562 204 2623 1.
220 2564 249 2644 §.
265 2564 296 2624 4.
310 2564 350 2625 D.
376 2563 418 2625 ta
434 2567 566 2647 legator.
582 2563 653 2626 Jao.
668 2561 824 2628 Gothofr.
843 2563 1009 2626 Commeat.
1028 2565 1073 2625 ad
1088 2568 1133 2626 tr‘t.
1151 2565 1190 2626 de
1210 2563 1291 2644 lteg.

48 2671 106 2748 jur.
120 2693 150 2752 p.
166 2669 238 2732 322.
269 2670 403 2735 Dicitur
421 2671 583 2756 ejusmodi
607 2667 777 2754 stipulatio
803 2670 891 2734 facta
916 2674 960 2754 τῷ
982 2672 1180 2755 ταβουλαρίῳ
1204 2669 1292 2754 apud

55 2775 188 2860 Theopb.
206 2780 236 2860 §.
250 2777 280 2840 3.
297 2780 374 2841 Iaet.
393 2781 431 2842 de
453 2782 565 2861 Adopt.
585 2777 692 2856 Quam
708 2776 939 2862 loquutionem
956 2777 1129 2861 eleganter
1145 2777 1293 2862 explicat

53 2882 165 2968 Amaya
183 2887 227 2946 ad
243 2887 280 2946 I..
299 2885 329 2948 3.
348 2887 379 2947 0.
399 2888 437 2948 de
460 2888 565 2948 Tabul.
583 2889 672 2949 scrib.
691 2887 872 2969 togogruplr.
895 2884 1052 2947 Formula
1069 2885 1292 2970 stipulationis

54 2992 268 3072 proculdubio
288 2994 366 3057 fuit:
381 3013 459 3058 runs
477 3011 546 3057 rua
565 3009 768 3075 ennarrans,
785 3011 854 3056 nau
874 3008 1018 3055 rurruuo
1036 3008 1171 3084 stavunt
1189 2997 1292 3055 nonu?

54 3115 117 3163 FIDE
134 3118 203 3164 ΜΕΑ
223 3119 408 3166 PROMITTO.

376 3495 378 3500 .
476 3433 562 3498 LlB.
578 3433 604 3502 I·
621 3431 713 3499 TIT.
729 3431 849 3496 XXV.

648 3601 684 3638 DE

52 3712 503 3794 EXGUSATIONIBUS
516 3717 778 3824 'PU'l'ORUlll
785 3715 896 3792 'VEL
909 3713 1241 3790 CURATORUM
1247 3717 1293 3812 ¹.¹)·

121 3895 244 3960 Tutela
262 3895 340 3980 jur‘e
366 3895 520 3960 Romano
544 3903 615 3958 erat
638 3915 752 3960 munus
778 3893 965 3978 publicum:
988 3900 1091 3976 princ.
1115 3895 1192 3954 Iaot.
1219 3894 1248 3953 t.
1271 3901 1293 3954 t.

53 3999 324 4076 Quemadmodum
343 4025 424 4068 vero
443 4004 509 4066 alia
528 4024 680 4085 munera,
701 3999 968 4066 excusationibus
986 4001 1141 4085 prolatis,
1164 3997 1294 4063 amoliri

52 4128 110 4172 ase
124 4113 280 4194 poterant
298 4111 387 4174 cives
406 4118 441 4174 et
458 4093 654 4194 municipes:
676 4111 723 4176 ita
741 4110 839 4176 etiam
863 4109 1017 4194 proditae
1036 4107 1169 4172 fuerunt
1187 4123 1294 4170 Exeu-

51 4246 332 4264 w...-

107 4319 136 4383 a)
155 4318 220 4372 Jan'r
240 4319 339 4369 Thom.
358 4317 429 4369 Guil.
447 4333 502 4369 van
520 4317 628 4382 Alpben
648 4317 718 4368 Dies.
735 4315 820 4368 extit.
841 4316 945 4370 Selecta
966 4313 1093 4384 quaedam
1103 4313 1179 4383 juris
1194 4310 1297 4380 publici

51 4405 70 4445 a
81 4401 183 4465 pavea.
204 4401 251 4468 (ι.
272 4401 305 4450 Β.
326 4405 400 4454 1792.
419 4401 460 4465 4.)
479 4419 502 4452 ο.
515 4387 580 4466 aa
596 4405 721 4455 ane-so.
741 4401 829 4453 aaa.
848 4402 918 4454 aaa.
937 4404 1000 4454 Ant.
1018 4397 1166 4464 Augustini
1184 4397 1220 4450 aa
1233 4395 1295 4448 M.-

51 4481 163 4538 datiaum
181 4505 201 4538 e.
218 4487 251 4537 de
266 4485 473 4539 excusationibus
491 4486 534 4540 lib.
552 4487 647 4556 stupui.
668 4485 711 4554 (in
724 4485 834 4538 Ottouis
853 4485 917 4538 tter.
934 4485 984 4536 IV.
1003 4499 1031 4551 p.
1045 4483 1199 4551 1559sqq.)
1219 4480 1295 4534 Zim-

50 4577 113 4620 meru
132 4571 167 4624 R.
192 4571 226 4624 G.
244 4571 267 4637 §-
284 4574 345 4625 241.
362 4575 421 4625 242.
435 4601 470 4611 -
486 4572 527 4626 Cf.
553 4573 609 4626 Vat.
627 4571 677 4626 Fr.
695 4572 716 4638 ξ.
737 4575 786 4624 123
798 4596 831 4608 -·-
843 4575 902 4624 24⁷.
922 4568 1009 4623 Mttt.
