3056 5168
537 383 590 458 lis
615 389 846 458 humanioris.
1251 395 1323 464 715

61 591 139 655 pen.
156 572 198 634 D.
213 569 265 632 Ns
280 569 357 651 quid
375 570 408 631 θη
427 570 492 630 Ioco
507 567 594 649 publ.
613 573 646 628 et
668 564 751 628 locis
766 563 840 630 aliis
858 563 1115 651 quamplurimis,
1138 563 1324 636 collectisa

66 679 171 742 Barn.
183 675 352 740 Brissonio
368 677 408 738 de
421 675 503 738 aad.
518 679 599 757 sr'ga
613 673 673 737 sub
688 693 771 737 voce
788 673 979 736 Interdicere
988 695 1023 756 p.
1036 671 1109 736 290.

656 827 685 908 §-
707 826 737 889 2.

370 941 442 1002 Quid
458 941 625 998 interdictum
644 942 725 994 dare?
742 941 871 995 Formido
886 941 1028 996 interdicti.

154 1041 439 1122 Quemadmodum
467 1064 565 1128 ergo,
589 1043 645 1130 qui
667 1043 908 1127 possessionem
932 1043 981 1108 rei
1004 1042 1038 1106 in
1064 1040 1322 1106 controversiam

65 1152 234 1217 deductae
250 1149 639 1245 pgtebat,1ursnurcsns
655 1151 844 1215 dicebatur:
858 1151 905 1216 ita
917 1151 1058 1236 Praetor
1074 1159 1161 1233 tunc,
1177 1151 1203 1214 si
1212 1151 1324 1235 justae

11 1281 13 1285 ·
64 1281 186 1347 preces
201 1258 391 1324 viderentur
407 1259 453 1341 i),
469 1274 704 1323 mensurarum
723 1276 852 1328 usuro:
869 1257 943 1322 Car.
960 1257 1073 1342 Sigon.
1083 1259 1228 1341 dejudic.
1241 1257 1324 1324 I.16.

65 1369 162 1456 quod
185 1366 364 1453 aliquando
388 1366 487 1430 etiam
504 1384 650 1430 nscnsm
666 1347 711 1447 ο’),
734 1363 915 1450 aliquando
933 1369 1092 1430 serlonis
1114 1367 1247 1429 nomine
1266 1384 1326 1430 ve-

64 1478 204 1543 niebat:
226 1473 378 1560 Cujaoius
401 1475 575 1538 Observati.
601 1474 637 1535 V.
652 1473 703 1536 17.
725 1473 886 1538 Faciebat
907 1471 942 1535 id
964 1481 1055 1537 certa
1076 1472 1234 1556 formula,
1258 1495 1324 1559 qua

65 1583 199 1671 aliquid
220 1583 291 1646 fieri
313 1581 368 1646 vel
384 1581 543 1666 jubebat,
568 1580 622 1644 vel
643 1581 795 1662 vetabat,
811 1581 859 1644 ita
880 1588 1009 1657 tamen,
1029 1590 1065 1644 ut
1087 1580 1170 1644 nibil
1192 1581 1323 1644 interim

65 1695 113 1758 de
135 1694 206 1777 ipsa
228 1711 341 1754 caussa
366 1689 582 1772 decerneret,
604 1695 641 1752 ut
664 1696 756 1753 recte
782 1688 971 1756 observavit
994 1687 1203 1780 Theophilus
1219 1693 1324 1771 princ.

66 1806 148 1864 Inst.
163 1801 192 1860 t.
209 1805 229 1860 t.
252 1796 307 1860 Sic
323 1795 469 1880 exempli
492 1815 603 1860 caussa
626 1796 781 1860 edicebat
801 1797 1036 1862 Praetorium
1056 1813 1150 1861 nuno
1172 1811 1326 1862 sossius·

67 1925 139 1990 urs,
153 1923 225 1970 suu
247 1921 400 1986 nonnum,
425 1922 456 1980 Q.
478 1923 511 1967 n.
527 1919 559 1965 s.
581 1902 708 1987 (idest,
727 1925 787 1987 quo
802 1906 842 1968 dc
858 1907 984 1986 agitur)
1006 1921 1099 1980 ouon
1114 1919 1181 1968 uso
1200 1921 1244 1987 vr,
1258 1919 1324 1968 une

60 2019 180 2098 'onsu,
199 2029 264 2078 nso
286 2027 451 2076 rnscnnro
472 2027 585 2076 sunan
604 2029 647 2075 ns
668 2028 804 2076 russeo
827 2011 1038 2094 sessionum,
1063 2029 1122 2075 irs
1144 2027 1323 2076 rossmns·

74 2139 141 2205 TJS,
163 2135 333 2186 snvnnsus
354 2136 398 2182 ss
420 2135 479 2180 vlu
498 2135 588 2181 nuans
610 2135 705 2182 vs'ro.
727 2120 844 2183 Festus
858 2120 917 2182 sub
935 2139 1017 2184 voce
1036 2124 1190 2200 possessio
1204 2141 1239 2201 p.
1250 2117 1322 2182 358.

70 2229 234 2314 Ulpianus
249 2229 287 2290 L.
302 2227 332 2291 1.
347 2229 389 2289 D.
409 2226 465 2288 uu
475 2227 592 2307 posscd
614 2223 776 2310 Reliquas
799 2227 971 2308 formulas,
987 2227 1105 2311 quibus
1126 2226 1268 2288 Praetor
1282 2226 1325 2289 de

69 2334 286 2424 adipiscenda
311 2333 603 2420 recuperandaque
630 2321 836 2416 possessione
867 2331 1038 2415 edicebat,
1068 2331 1207 2417 collegit
1227 2331 1325 2398 Barn.

67 2444 257 2510 Brissonius
272 2443 414 2523 desorm.
435 2441 514 2524 V.p.
529 2439 601 2506 388.
616 2462 660 2524 sq.
992 2443 995 2450 '

662 2591 690 2674 ς.
712 2591 742 2655 a.

351 2708 498 2761 Inter-dicta
516 2709 547 2760 de
564 2707 643 2762 rebus
659 2710 752 2775 sacris
768 2707 905 2778 reliyicsic,
922 2705 1041 2778 publicis.

156 2811 231 2876 Nec
246 2808 350 2872 solum
367 2806 409 2872 de
432 2809 639 2893 possessione
655 2809 798 2872 Praetor
817 2809 993 2874 interdicta
1008 2808 1125 2890 dabat,
1147 2808 1204 2873 sed
1226 2817 1261 2873 et
1281 2808 1324 2872 de

67 2925 110 2988 iis
128 2918 383 2994 controversiis,
402 2937 487 3001 quae
503 2915 545 2978 de
567 2917 664 2980 rebus
679 2916 788 2997 sacris,
811 2916 986 3000 religiosis,
1002 2916 1153 3001 publicis,
1176 2924 1210 2979 et
1231 2915 1326 2998 hujus

68 3025 208 3116 generis
225 3025 296 3090 aliis
318 3024 522 3105 incidebant,
542 3024 568 3086 si
585 3045 650 3109 qua
665 3017 713 3087 vis
728 3024 762 3087 in
777 3023 817 3086 iis
834 3023 889 3087 vel
910 3023 997 3090 facta
1014 3031 1110 3107 esset,
1127 3023 1182 3088 vel
1199 3030 1326 3086 metue-

72 3153 376 3174 ...--·-—-·---··-

146 3219 180 3286 d)
204 3216 419 3282 Dispiciebatur‚
441 3231 477 3269 an
497 3213 559 3284 quis
577 3229 627 3268 vau
645 3229 687 3279 vr,
705 3229 914 3280 venetrinum
933 3229 1060 3269 rasorum
1078 3214 1238 3282 possideret,
1256 3231 1327 3284 quac

67 3305 211 3361 vocabula
228 3302 375 3355 Interdicto
394 3315 439 3354 υτι
459 3314 611 3356 rosssnsrrs
629 3300 819 3370 similibusque
836 3299 1038 3354 inserebantur:
1059 3302 1090 3356 1..
1110 3306 1132 3353 1.
1149 3301 1171 3368 i.
1187 3306 1213 3354 b.
1232 3301 1267 3352 D.
1285 3299 1329 3354 Uti

62 3388 172 3462 possid.
191 3385 264 3440 Hinc
282 3387 403 3439 Chaerea
420 3387 495 3451 apud
512 3386 667 3440 Terentium
686 3384 814 3438 Eunucho
832 3386 892 3437 Act.
911 3383 951 3437 ΙΙ.
969 3402 1004 3438 rc.
1022 3389 1046 3440 3.
1066 3383 1094 3457 [⁴¹
1112 3405 1136 3439 v.
1153 3389 1196 3440 28.
1214 3382 1267 3460 ιφ]

343 3471 422 3522 Hanc
440 3480 468 3523 tu
486 3473 608 3526 miliaci
626 3488 654 3522 νι
675 3473 718 3524 ael
733 3487 805 3522 enarr
823 3472 866 3523 sel
883 3485 1019 3522 rnncAnro

344 3555 400 3608 Fac
418 3557 517 3612 tradas.

67 3648 118 3705 Ad
139 3660 211 3714 quae
227 3641 310 3696 verba
326 3642 470 3696 Donatus:
499 3642 649 3696 &madum
661 3644 712 3713 jus
735 3643 857 3712 loquutus
874 3652 919 3695 cst.
944 3642 1012 3693 Nam
1031 3642 1070 3693 dic
1088 3639 1171 3694 tribus
1188 3641 1258 3694 arsia
1267 3641 1327 3708 fids

68 3729 180 3802 aliquid
191 3729 346 3798 possidetur.
360 3727 439 3779 Unde
451 3728 594 3790 falluntur,
617 3727 663 3798 qui
675 3727 850 3782 interdictum
861 3728 902 3779 uti
909 3726 1048 3794 possidetis
1064 3726 1234 3794 possessorio
1252 3741 1326 3779 sum·

68 3813 249 3878 merissimo,
267 3811 341 3880 quod
359 3815 470 3876 vocant,
484 3815 697 3879 comparandum
715 3812 879 3866 existimant.
904 3812 984 3866 Heia.

149 3900 180 3966 e)
201 3898 261 3963 Gaj.
276 3897 323 3948 1v.
339 3896 360 3962 ξ.
374 3899 431 3947 139.
446 3899 502 3948 140.
518 3898 624 3959 „Certis
643 3927 674 3938 -
695 3913 730 3949 ex
748 3897 970 3968 causis-Praetor
987 3928 1022 3939 -
1040 3895 1241 3965 principaliter“
1258 3896 1290 3962 (i.
1302 3911 1325 3946 c.

70 3983 171 4042 statim
189 3980 323 4046 principio
342 3980 411 4046 litis)
438 3983 649 4044 „auctoritatem
667 3999 745 4036 suam
769 3981 897 4036 liniendis
916 3982 1106 4036 controversiis
1125 3980 1252 4047 proponit
1272 3979 1320 4047 (cf.

71 4065 227 4124 Giischenii
239 4065 405 4135 Hellterique
425 4073 478 4116 ποι.
500 4066 535 4116 od
552 4066 577 4118 h.
597 4068 646 4133 l.);
669 4069 744 4136 quod
763 4074 820 4120 tum
834 4068 953 4120 maxime
969 4069 1045 4132 iacit,
1062 4083 1149 4136 quum
1166 4066 1200 4117 de
1218 4079 1325 4130 posses·

70 4155 159 4211 sione
177 4157 205 4202 et
222 4153 300 4220 quasi
318 4150 492 4219 possessione
511 4147 585 4200 inter
599 4150 705 4218 aliquos
724 4152 904 4206 contenditur.
916 4181 949 4190 -
962 4155 1106 4206 Formulae
1125 4156 1214 4203 autem
1232 4149 1326 4201 verbo-

70 4256 142 4296 rum
160 4242 187 4289 ct
204 4238 408 4303 conceptiones,
427 4235 525 4304 quibus
545 4233 572 4286 in
591 4249 622 4286 ea
640 4251 669 4286 re
686 4236 785 4299 utitur,
800 4237 943 4290 interdicta
961 4238 1096 4289 decretave
1115 4240 1252 4288 vocantur.
1271 4233 1327 4284 Vo-

72 4327 178 4378 cantur
195 4327 286 4374 autem
304 4323 427 4385 decreta,
453 4335 536 4386 quum
555 4319 613 4371 lieri
631 4320 736 4388 aliquid
750 4323 845 4388 jubet,
867 4326 942 4376 sclut
964 4305 1048 4388 quuni
1066 4318 1209 4387 praecipit,
1230 4323 1261 4368 ut
1277 4315 1326 4368 ali·

74 4407 149 4479 quid
167 4407 342 4472 exhibeatur,
368 4411 415 4458 aut
433 4403 601 4465 restituatur;
628 4403 771 4460 interdicta
794 4423 876 4471 vero,
906 4423 991 4475 quum
1016 4405 1139 4472 probibet
1156 4403 1230 4466 ficri,
1254 4406 1327 4455 velut

75 4509 168 4564 quum
186 4491 331 4558 praecipit,
348 4507 383 4543 nc
401 4491 458 4543 sine
475 4485 542 4542 vitio
560 4489 711 4555 possidenti
723 4489 764 4543 vis
782 4493 828 4544 fiat
843 4495 903 4544 -“.
923 4492 979 4559 (Gi.
997 4494 1055 4544 Lex
1074 4489 1177 4544 Rraedria
1190 4509 1213 4543 c.
1230 4493 1268 4542 19.
1281 4487 1326 4541 lin.

75 4586 105 4634 2.
124 4583 150 4632 4.
168 4575 300 4642 Sebilling
316 4577 395 4632 Bam.
412 4575 478 4629 iiber
497 4573 534 4628 R.
555 4577 589 4629 G.
606 4592 634 4642 p.
651 4577 727 4644 2⁷2.)
748 4575 834 4630 Mrilrl.
