3040 5164
298 415 351 480 Dn
377 414 600 496 Usurnucru‚
626 415 700 484 Usu
728 415 782 482 ΕΤ
805 416 1064 485 Hsnrrsrroua.
1241 421 1314 488 379

647 593 676 673 §-
699 591 729 653 s.

439 705 539 765 Quibus
555 709 638 759 modis
647 709 748 775 finitur
765 709 940 775 ususfructus.

145 810 300 874 Ceterum
319 809 367 882 ita
383 809 578 872 constitutus
598 809 795 900 ususfructus
816 811 994 874 finiebatur
1015 809 1070 873 vel
1086 817 1252 895 ternpore,
1269 813 1310 874 ad

61 919 150 1003 quod
171 919 280 980 fuerat
303 919 510 998 constitutuS,
531 917 586 980 vel
610 928 716 981 morte
739 918 927 998 fructuarii,
948 918 1003 981 vel
1024 920 1139 1003 capitis
1162 918 1313 982 deminu-

60 1029 169 1106 tione,
194 1026 248 1088 vel
270 1048 336 1089 non
360 1025 486 1088 utendo
513 1047 573 1109 per
592 1026 802 1090 constitutum
826 1036 969 1110 tempus,
992 1026 1047 1089 vel
1071 1027 1157 1090 facta
1181 1029 1215 1088 in
1234 1028 1311 1112 jure

61 1136 220 1216 cessione,
237 1134 292 1197 vel
310 1132 584 1222 consolidatione,
600 1134 655 1197 vel
676 1135 860 1198 mutatione
879 1134 1023 1220 denique
1040 1142 1096 1198 aut
1110 1134 1247 1197 interitu
1262 1135 1311 1196 rei

62 1244 276 1324 fructuariae,
293 1242 335 1306 de
352 1242 469 1327 quibus
485 1242 635 1306 omnibus
651 1242 780 1325 plenius
796 1243 1039 1323 iureconsulti,
1054 1243 1088 1304 in
1105 1243 1217 1325 primis
1233 1242 1313 1306 Ger.

62 1351 176 1414 Noodt
190 1353 229 1412 de
244 1353 348 1428 rssufr.
363 1352 405 1411 ΙΙ.
420 1351 449 1412 5.
466 1370 510 1430 sq.
532 1349 656 1412 Eadem
681 1350 792 1413 omnia
812 1350 922 1414 locum
939 1372 1072 1435 quoque
1092 1349 1261 1414 habebant
1277 1350 1312 1414 in

62 1461 226 1522 usufructu
249 1459 376 1520 civitati
400 1456 525 1540 legato.
548 1455 636 1519 Mori
658 1459 744 1520 enim
769 1467 803 1521 et
825 1460 941 1523 civitas
964 1451 1149 1539 videbatur,
1177 1457 1312 1522 simulac

64 1567 255 1648 interiisset,
280 1565 384 1628 veluti
408 1566 563 1648 absorpta
589 1574 698 1628 terrae
726 1574 835 1646 motu,
861 1565 916 1629 vel
939 1567 1172 1641 inundatione;
1203 1567 1311 1649 capite

68 1676 176 1758 minui,
197 1675 223 1738 si
243 1675 277 1738 in
300 1695 371 1736 eam
391 1671 604 1736 induceretur
624 1683 781 1737 aratrum:
809 1675 846 1737 L.
864 1674 915 1737 21.
933 1675 974 1735 Ι).
994 1675 1081 1752 Quid.
1099 1677 1197 1736 modis
1217 1695 1313 1737 usus·
1365 1663 1371 1678 ⁸

62 1785 182 1861 fructus
207 1784 260 1856 oet
284 1803 361 1843 rrsus
386 1785 484 1844 amitt.
513 1781 798 1859 Quemadmodum
820 1783 906 1844 enim
928 1790 1068 1845 aratrum
1093 1782 1314 1845 adhibebatur

67 1892 96 1952 in
117 1888 296 1954 condendis
316 1889 467 1971 urbibus,
491 1911 531 1952 eo
548 1891 632 1972 fine,
647 1898 700 1973 ut,
725 1891 780 1954 ubi
800 1892 923 1954 sulcum
946 1889 1114 1954 duxissent
1133 1889 1312 1953 Triumviri

67 1998 213 2061 coloniae
232 1996 466 2077 deducendae,
488 1999 569 2060 muri
591 2008 847 2079 exstruerentur,
866 2006 899 2061 et
919 2020 975 2060 eos
996 1998 1240 2082 quodammodo
1259 2017 1313 2058 re-

65 2106 141 2190 ligio
167 2114 347 2190 occuparet
375 2105 462 2185 (vid.
485 2107 548 2166 Lib.
566 2107 609 2169 ΙΙ.
633 2107 692 2167 ns.
712 2107 736 2167 1.
753 2107 782 2187 ᾖ.
800 2107 872 2186 6.).
894 2107 941 2168 ita
960 2113 1099 2168 aratrum
1125 2107 1187 2169 toti
1213 2126 1311 2168 areae

64 2217 147 2278 urbis
162 2215 331 2278 inductum
350 2234 421 2275 eam
438 2212 601 2277 reddebat
619 2235 753 2297 sacram,
770 2222 806 2276 ut
821 2213 964 2277 habitari
981 2237 1000 2278 a
1016 2213 1109 2277 nullo
1126 2212 1311 2280 mortalium

64 2331 181 2406 posset.
202 2323 292 2386 Hinc
318 2319 439 2384 Zonar.
460 2324 577 2383 Aorsoi.
606 2321 727 2407 [wsb.
749 2323 807 2384 IX.
828 2343 853 2383 c.
871 2321 922 2382 80.
943 2322 975 2382 Τ.
996 2323 1067 2403 tp.
1085 2319 1179 2404 469.]
1198 2321 1311 2401 refert,

66 2430 268 2514 Carthaginis
289 2451 397 2493 aream
416 2429 571 2492 Senatum
590 2428 774 2492 Romanum
796 2451 939 2492 sacrasse
961 2437 995 2492 et
1018 2428 1219 2492 decrevisse:
1237 2427 1312 2492 ἐπά-

65 2563 151 2620 ρατον
174 2539 208 2602 τὸ
229 2543 276 2603 ἐπ’
299 2537 395 2622 αὐτὴν
421 2543 600 2623 κατοικῆσαι
625 2535 703 2602 τινά.
732 2539 934 2600 Ecsecrabilc
946 2538 1040 2615 sore,
1065 2538 1108 2598 ibi
1128 2556 1312 2618 quemquam

67 2647 208 2711 babitare.
227 2645 380 2710 Pertinet
399 2643 462 2706 huc
478 2644 572 2722 locus
594 2645 727 2709 Horatii
746 2646 812 2707 Lib.
829 2646 854 2705 Ι.
876 2646 978 2708 Germ.
999 2646 1056 2706 ud.
1070 2643 1121 2704 16.
1139 2663 1167 2726 a.
1183 2642 1234 2704 17.
1249 2655 1313 2726 sqq.

339 2773 413 2831 Irae
439 2769 592 2848 ibyesteu
614 2774 707 2832 austro
728 2774 824 2851 gravi

341 2877 501 2948 Strauere,
523 2884 553 2937 ct
576 2878 648 2938 attis
670 2878 797 2938 urbibus
819 2878 945 2944 ultimae

424 2984 547 3045 Stetere
568 3004 714 3056 carneae,
736 3005 794 3046 cur
809 2962 956 3064 perirent

463 3091 632 3163 Funditus,
654 3093 903 3174 imprimeretque
926 3093 1025 3152 muris

339 3201 462 3262 Hostile
483 3205 628 3258 aratrum
650 3203 807 3261 exercitus
829 3201 973 3260 insolens.

67 3324 113 3388 Ad
136 3328 225 3412 quae
251 3326 353 3388 verba
378 3321 595 3385 Scholiastes:
625 3323 915 3403 Contunditurque
942 3322 1116 3384 evertendis
1139 3322 1315 3382 civitatetua

36 3503 38 3510 J
68 3435 134 3495 turc
162 3434 356 3496 cousuetudo
375 3432 460 3509 suit,
484 3439 519 3490 ut
542 3450 668 3490 surano
683 3435 819 3513 fierent,
847 3440 881 3491 ut
912 3431 950 3492 de
974 3429 1135 3492 condenda
1166 3427 1314 3510 Virgilius

69 3539 244 3626 [*Aeuei‹i.
260 3541 323 3632 Lib.
345 3539 380 3601 V.
391 3555 424 3601 a.
440 3537 544 3622 755.]:

343 3649 469 3710 Interea
491 3631 618 3708 Aeaeos
641 3647 747 3709 urbem
769 3647 914 3728 designat
937 3665 1071 3706 suanno.

69 3755 135 3818 Item
154 3759 265 3818 Cicero
284 3757 321 3816 cle
342 3754 510 3816 evertendo
532 3757 564 3814 irs
581 3755 715 3835 Pbsirbp.
735 3751 831 3838 [*11.
847 3774 872 3845 a.
890 3749 981 3835 40.].·
1009 3751 1048 3812 Ut
1068 3754 1213 3813 ossillum
1232 3751 1315 3812 tolle·

71 3883 127 3938 res,
145 3873 178 3927 et
202 3883 363 3925 saranum
381 3863 637 3923 circuruduceres.
660 3860 763 3924 Plura
786 3860 826 3922 de
852 3881 892 3922 eo
915 3858 980 3920 ritu
1002 3859 1126 3921 habent
1150 3857 1187 3920 P.
1205 3857 1316 3920 Faber

75 3969 211 4035 Semestr.
228 3971 253 4032 I.
268 3969 297 4032 8.
313 3969 334 4032 J
337 3991 383 4032 ac.
398 3968 563 4032 Raevard.
585 3970 760 4052 Coujectou.
775 3968 817 4030 ΙΙ.
828 3963 858 4030 7.
881 3964 981 4044 Quod
995 3965 1021 4026 si
1036 3975 1185 4030 neutrum
1199 3966 1314 4030 horum

28 4149 31 4157 Δ
73 4083 291 4163 contingeret,
324 4077 521 4141 ususfructus
557 4076 668 4141 seculo
697 4078 892 4166 circumacto
917 4075 1111 4140 finiebatur:
1144 4079 1178 4135 L.
1201 4074 1251 4137 56.
1277 4075 1316 4136 dc

75 4185 175 4265 Ususr.
192 4191 227 4248 L.
242 4185 272 4248 8.
289 4188 327 4248 rie
347 4187 454 4264 Ususr.
471 4188 530 4268 leg.
554 4186 647 4248 Petri
667 4187 767 4249 Fabri
790 4185 976 4253 semestri.
998 4203 1023 4243 c.
1049 4179 1127 4244 Ger.
1142 4161 1262 4246 ‘Noodt
1278 4183 1316 4244 tie
1427 4225 1432 4232 κ

70 4299 161 4374 ususr.
179 4296 221 4357 ΙΙ.
236 4293 265 4356 6.
277 4314 309 4374 p.
324 4291 395 4355 614.
861 4291 867 4300 ’
