3080 5154
164 429 169 438 .
221 377 285 442 92'
651 371 725 440 lar.
748 373 774 440 1.
801 371 880 438 Ter.
907 371 964 439 lV.
992 371 1032 438 V.

220 547 498 631 consequebatur:
521 546 559 608 L.
578 545 607 606 1.
626 567 677 628 pr.
693 547 792 608 lade
810 545 907 609 State
927 549 977 610 lib.
1004 549 1093 612 Fert.
1114 549 1174 612 sub
1193 566 1275 612 voce
1297 547 1474 610 statuliber.

223 655 319 736 (Vid.
334 675 430 737 supra
444 653 473 734 ς.
488 652 536 734 8.)
803 736 822 816 §
853 737 874 798 7

638 851 674 904 Et
691 853 718 903 io
736 855 914 932 sctcrosonctis¹
927 853 1048 906 eeclesiis.

301 956 346 1018 Et
362 953 396 1015 bi
410 953 542 1036 quidem
554 961 628 1016 sunt
641 952 856 1037 antiquissimi
868 955 1120 1021 manumittendi
1136 955 1235 1020 modi.
1250 955 1344 1020 Loco
1357 975 1475 1018 manu-

219 1063 381 1126 missionis
395 1081 456 1144 per
471 1081 602 1123 censum
618 1041 839 1144 Imperatores
856 1061 1033 1129 Christiani
1050 1068 1088 1143 ¹¹¹)
1114 1061 1370 1126 introduxerunt
1381 1062 1474 1125 aliud

219 1167 478 1234 manumissionis
494 1188 609 1251 genus,
623 1169 711 1251 quod
727 1170 829 1232 fiebat
844 1186 880 1232 1N
897 1185 924 1234 s.
936 1185 963 1233 s.
979 1185 1159 1252 recussus,
1172 1178 1207 1233 ut
1222 1170 1368 1233 recitatis
1377 1171 1474 1254 jussu

219 1277 344 1342 domini
360 1276 491 1360 tabulis,
508 1275 628 1339 aclero
645 1276 791 1360 signatis,
807 1297 919 1342 servus
934 1277 1124 1341 libertatem
1136 1285 1403 1364 consequeretur·
1420 1279 1474 1342 Ita

217 1389 315 1451 ritum
332 1391 503 1468 exponunt
518 1382 722 1467 Augustinus
739 1383 839 1448 Serm.
855 1386 889 1447 V.
907 1409 926 1448 a
940 1383 1115 1452 Sirmondo
1129 1385 1209 1449 edit.
1227 1387 1266 1450 L.
1281 1387 1370 1448 Rom.
1384 1385 1474 1447 Bor-

218 1496 318 1576 gund.
333 1497 378 1556 tit.
393 1492 422 1556 3.
440 1514 474 1576 p.
489 1490 560 1554 829.
1170 1485 1175 1500 ’

804 1608 833 1688 §-
856 1607 886 1670 s.

285 1783 291 1790 .
422 1723 478 1776 Nec
495 1739 548 1774 non
564 1739 615 1792 per
632 1723 776 1792 epistolam,
793 1725 863 1776 inter
881 1723 986 1784 amieos,
1005 1732 1031 1775 st
1043 1741 1097 1792 per
1114 1725 1265 1778 convicium.

273 1889 278 1894 ,
301 1820 421 1886 Paullo
436 1834 512 1887 ante
530 1844 569 1886 ea
580 1831 731 1908 tempora
742 1822 950 1896 invaluerant
962 1825 1229 1888 manumissiones
1240 1826 1354 1891 variae
1367 1827 1473 1889 minus

220 1932 407 2012 sollemnes,
435 1930 560 2018 quales,
586 1932 612 1995 Ι.
637 1948 701 1995 nnn
721 1947 912 1996 errsronsu
938 1939 971 1995 et
992 1932 1036 1997 ΙΙ.
1066 1950 1171 1997 rursu
1190 1949 1316 2000 turcos
1331 1939 1376 2015 11).
1407 1933 1474 1997 Illa

117 2057 124 2068 ·
219 2041 315 2104 initio
334 2040 402 2102 sine
420 2039 509 2102 omni
529 2039 751 2103 sollemnitate
767 2039 1019 2124 expediebatur,
1036 2041 1144 2105 donec
1159 2041 1182 2106 J
1184 2043 1364 2105 ustinianus
1376 2043 1474 2126 quin-

220 2170 284 2235 que
299 2129 430 2211 testium
446 2147 597 2231 exigeret
611 2147 882 2234 subscriptionem
900 2149 938 2210 L.
951 2169 1005 2211 un.
1019 2148 1048 2229 §.
1061 2149 1090 2210 1.
1107 2151 1139 2214 0.
1154 2151 1193 2212 de
1211 2152 1283 2212 Lat.
1301 2151 1399 2211 libert.
1410 2151 1473 2212 toll.

220 2257 316 2321 Haec
332 2257 378 2320 ita
399 2257 510 2338 fiebat,
531 2263 568 2318 ut
591 2254 741 2320 domiuus
764 2277 903 2338 servum,
926 2257 1155 2340 praesentibus
1178 2258 1327 2342 quinque
1348 2256 1473 2338 amicis,

219 2365 360 2430 liberum
373 2385 444 2427 esse
453 2364 600 2448 juberet.
615 2364 810 2428 Sufficiebat
819 2363 919 2427 etiam
928 2363 969 2428 ad
979 2363 1180 2446 libertatem,
1189 2366 1215 2428 si
1225 2386 1353 2429 servum
1365 2364 1475 2428 domi-

220 2497 279 2539 nus
297 2473 360 2538 ΠΙ.
375 2489 534 2535 couvruo
553 2465 738 2536 adhiberet.
761 2472 900 2536 Glossae
923 2470 1073 2535 uomicae
1094 2473 1259 2537 Labbaei:
1281 2500 1338 2557 περ
1359 2478 1475 2556 μένσαν

220 2582 381 2664 ἐλευθερία
391 2630 400 2660 ,
430 2571 504 2644 ὅταν
538 2583 814 2662 συνεσθιασθῆναι
840 2607 893 2662 μοι
922 2579 1052 2644 κελεύσω
1084 2579 1138 2645 τὸν
1168 2581 1280 2646 δοῦλον
1304 2586 1380 2662 μοῦ,
1406 2581 1475 2642 Per

219 2711 359 2753 mensam
387 2689 513 2750 libertas
533 2697 590 2769 est,
623 2692 654 2749 εἰ
669 2709 787 2750 mecum
815 2689 942 2770 epulari
962 2707 1087 2750 servum
1106 2690 1244 2769 jussero.
1273 2681 1496 2751 Indecorum'

288 2935 332 3001 m)
351 2935 388 2985 Et
405 2931 515 3003 quidem
533 2933 729 2986 Constantinus
749 2935 790 2987 M.
811 2940 843 2986 ut
860 2941 934 3000 patet
951 2953 987 2988 ex
1004 2937 1036 2988 L.
1057 2941 1079 2988 1.
1100 2943 1126 2986 et
1142 2939 1167 2987 2.
1200 2933 1229 2986 0.
1247 2933 1279 2984 de
1298 2932 1366 2996 His,
1385 2933 1432 3001 qui
1447 2933 1476 2985 irs

220 3021 282 3073 ecel.
300 3035 414 3071 monum.
433 3018 511 3070 Cous.
527 3019 637 3072 Senem.
656 3019 725 3071 Hbt.
744 3019 805 3072 ecel.
824 3017 848 3073 Ι.
866 3021 891 3073 9.
914 3021 1032 3073 Videtur
1049 3025 1138 3072 temen
1157 3017 1320 3086 quibusdam
1338 3017 1475 3070 Constan-

219 3106 292 3158 tinus
310 3105 466 3170 exemplum
482 3104 624 3170 mnndum
638 3108 780 3172 sequutus,
799 3104 846 3174 qui
866 3105 965 3172 stipsi
983 3104 1098 3158 subinde
1116 3106 1159 3156 vel
1176 3102 1206 3156 in
1221 3103 1340 3170 'temnite
1358 3103 1395 3157 sd
1412 3117 1475 3154 aras

219 3192 355 3254 Deorum,
371 3191 414 3241 vel
429 3189 457 3240 in
475 3187 591 3254 publicis
608 3188 705 3254 populi
722 3188 844 3241 coetibus
862 3190 1094 3256 manumittebant,
1106 3197 1190 3256 prout
1206 3189 1332 3241 observat
1345 3187 1404 3238 Jac.
1419 3188 1476 3239 Go-

219 3274 334 3350 thofred.
355 3274 392 3325 ad
406 3274 439 3325 L.
455 3291 500 3325 un.
522 3272 551 3325 0.
573 3273 670 3343 Tbeod.
690 3274 721 3325 de
741 3275 861 3327 Manum.
879 3275 907 3326 in
926 3275 954 3328 S.
974 3275 1002 3328 S.
1020 3273 1142 3327 ecclesiis.
1162 3275 1241 3326 Heio.
1265 3274 1327 3325 Jem
1346 3271 1394 3325 diu
1412 3277 1476 3326 ante

219 3365 343 3425 tempora
367 3357 539 3410 Constantini
563 3358 742 3432 manumissio
765 3376 815 3426 per
833 3373 944 3410 censum
968 3375 1004 3410 ex
1021 3375 1074 3411 usn
1101 3357 1182 3412 abiit:
1201 3359 1266 3411 vide*
1281 3357 1428 3423 Spanbem.
1447 3355 1475 3409 in

225 3443 291 3498 ort.
310 3444 346 3496 R.
364 3443 464 3498 Nescio
483 3437 584 3512 itaque,
602 3457 637 3494 an
655 3448 726 3495 recte
744 3443 844 3496 dixerit
861 3449 970 3508 auctor,
988 3461 1070 3513 quem
1085 3449 1236 3512 sequuntur
1253 3444 1360 3510 plures,
1377 3457 1476 3494 menu-

218 3527 356 3584 missionis
368 3545 420 3594 per.
435 3544 546 3592 censum
560 3517 621 3579 loco
636 3527 818 3582 introductam
832 3529 917 3582 fuisse
933 3529 1177 3584 manumissionem
1192 3529 1220 3582 in
1238 3527 1367 3582 ecclesiis.
1391 3528 1476 3581 Caua.

219 3601 346 3668 Auctoris
364 3613 524 3665 sententiam
547 3598 628 3664 etiam
648 3613 767 3667 defendit
788 3631 841 3667 van
859 3615 941 3665 Beem
962 3612 1027 3666 diss.
1046 3615 1080 3666 de
1103 3631 1222 3668 manum.
1243 3613 1272 3666 in
1290 3627 1392 3666 sacros.
1409 3615 1476 3664 eccl.

219 3715 278 3764 cap.
295 3685 333 3750 ΪΙ.
352 3696 439 3750 mint.

289 3785 323 3851 n)
343 3782 515 3835 Monumr'ssio
532 3782 602 3834 inter
619 3785 716 3837 amicos
734 3783 841 3837 dicendi
859 3781 911 3835 fuit
933 3783 1051 3838 tonnula
1067 3784 1216 3854 generalis,
1233 3797 1328 3835 omnes
1353 3783 1475 3848 eomple-

220 3874 296 3922 ctens
312 3866 551 3931 manumissiones,
570 3881 640 3936 quac
658 3868 767 3937 quidem
786 3868 876 3922 nunus
890 3869 965 3934 juste
984 3870 1085 3939 tierent,
1099 3874 1128 3920 at
1144 3866 1214 3919 inter
1225 3873 1381 3933 praesentes
1396 3868 1476 3935 (st.

220 3955 283 4008 inst.
302 3956 324 4007 Ι.
341 3959 385 4006 41.
401 3956 442 4006 44.
457 3952 491 4003 Π.
507 3955 548 4004 25.
568 3953 692 4006 Giisclren
712 3955 729 4006 l.
745 3955 762 4004 l.
774 3969 802 4018 p.
814 3956 874 4006 256.
887 3957 943 4005 not.
959 3954 1024 4020 12),
1043 3953 1123 4006 tacite
1139 3952 1232 4018 etiam,
1251 3953 1325 4003 velut
1342 3967 1392 4018 per
1409 3968 1477 4004 con-

221 4039 330 4092 vivium.
348 4036 478 4090 Similiter
496 4053 566 4105 quae
585 4038 654 4091 inter
672 4039 797 4090 absentes
815 4037 916 4090 fiebant
934 4037 1177 4100 manumissiones,
1192 4055 1245 4106 per
1260 4037 1398 4105 epistotam
1416 4035 1476 4088 fieri

221 4124 379 4176 dicebantur
399 4123 520 4188 (Fregm.
532 4123 586 4188 jur.
604 4122 712 4174 Dosith.
731 4123 765 4174 de
782 4122 942 4174 manumiss.
961 4123 983 4190 5.
1003 4129 1043 4178 15.
1062 4141 1097 4176 ex
1115 4124 1180 4176 edit.
1200 4124 1289 4174 Bonn.
1307 4121 1399 4172 Paulli
1420 4137 1475 4173 reo.

221 4213 289 4261 sent.
308 4207 368 4260 Lib.
387 4206 435 4260 lv.
454 4207 507 4260 Tit.
527 4208 593 4260 XII.
611 4207 670 4272 M.
690 4205 810 4260 Omnino
828 4212 919 4260 autem
937 4207 992 4261 vid.
1007 4208 1125 4260 Dirlrsen
1151 4207 1221 4259 Vere.
1238 4225 1293 4258 zur
1310 4207 1404 4258 Ketis
1420 4207 1479 4258 und

220 4291 374 4359 Austeyunq
392 4293 418 4344 d.
436 4292 552 4355 Qnellen
566 4291 592 4342 d.
605 4292 638 4342 R.
650 4291 684 4342 R.
698 4306 725 4355 p.
736 4296 770 4344 91
785 4294 885 4359 -95).
910 4293 1007 4360 Neque
1024 4307 1090 4344 vero
1104 4292 1198 4360 paullo
1216 4300 1277 4345 ante
1294 4309 1327 4344 ea
1344 4300 1477 4358 temporo.

220 4377 255 4427 de
273 4375 373 4444 quibus
391 4377 512 4444 loquitur
530 4381 640 4437 Auctor,
658 4376 739 4427 hasce
755 4377 866 4430 domum
882 4377 1036 4430 obtinuisse
1052 4376 1298 4430 manumissionum
1316 4377 1428 4438 tomas,
1448 4377 1477 4428 id

220 4477 305 4530 quum
318 4463 449 4515 Veterum
469 4457 630 4512 testimoniis
648 4460 748 4514 diserte
764 4460 880 4528 senode,
892 4468 949 4515 tum
961 4475 1026 4514 vero
1038 4461 1081 4526 iis,
1100 4477 1171 4530 qnae
1188 4464 1222 4515 de
1239 4459 1371 4513 libertatis
1382 4459 1478 4514 minus

218 4545 308 4612 justae
326 4545 441 4599 tuitione
458 4543 759 4613 Praetoriaexptoraa
775 4546 856 4601 nobis
873 4553 947 4611 sont,
966 4551 1009 4600 sat
1024 4547 1169 4602 manilmto
1186 4545 1328 4600 evincitur.
1352 4543 1442 4600 must.
