3056 5168
247 393 320 464 710
603 408 645 426 ··
688 379 1070 458 ἶ111.11’.’1’1’1.Χ.-
1128 329 1153 431 ι·
1222 382 1231 405 ’

831 565 864 647 ς.
883 565 915 626 b.

642 699 646 706 ’
711 678 834 751 &Tectae
850 680 959 732 donico
976 678 1037 732 lte'e.

253 813 259 820 ·
331 783 427 848 Varii
444 803 526 846 vero
549 790 643 846 erant
663 781 759 866 hujus
775 780 913 844 dominii
936 779 1091 861 effectus,
1111 777 1217 842 veluti
1229 779 1256 842 1.
1270 779 1348 862 quod
1367 799 1446 842 onnes

243 891 364 978 judicii
379 899 469 955 actus
486 890 625 974 ipsaque
640 889 806 952 sententia
820 889 1116 971 in'procuratorsm
1132 886 1361 970 dirigebantur:
1373 887 1445 948 ber.

251 999 285 1060 0.
298 1000 338 1060 de
354 997 506 1060 Satisdot.
527 999 573 1060 lI.
589 998 698 1082 quod,
719 997 781 1059 lite
796 1002 999 1073 contestata,
1015 994 1132 1059 citatus
1154 993 1336 1078 priucipalis
1352 994 1446 1075 impune

250 1105 436 1186 emanabat,
451 1125 560 1187 neque
574 1113 679 1168 ratum
695 1113 777 1183 erat,
793 1103 883 1187 quod
899 1102 958 1165 ille
974 1101 1080 1192 invito
1095 1111 1303 1185 procuratore
1315 1101 1345 1162 in
1355 1101 1447 1183 judicio

249 1221 412 1298 gesserat:
428 1212 631 1275 Boehmerus
646 1207 906 1274 1111111111.
921 1208 1010 1293 quod
1024 1230 1086 1271 nec
1101 1217 1292 1291 procurator
1304 1228 1341 1270 ex
1354 1208 1447 1270 actione

248 1321 373 1384 famosa
395 1319 632 1382 condemnatus
654 1319 841 1394 notabatur,
857 1327 891 1380 et
913 1309 1103 1400 principalis
1122 1322 1200 1378 tunc
1219 1316 1357 1399 integrae
1375 1314 1448 1376 ianae

249 1426 460 1492 censebatur:
481 1428 517 1489 L.
533 1425 562 1488 6.
578 1427 607 1508 §.
624 1425 655 1488 2.
671 1427 712 1486 Ι).
727 1425 767 1486 de
783 1425 862 1500 His,
883 1429 939 1505 qui
951 1434 1070 1486 notant.
1091 1423 1200 1500 insum.
1222 1420 1280 1486 IV.
1295 1421 1371 1508 quod
1388 1423 1450 1505 prin-

249 1534 363 1619 cipalis
386 1541 518 1618 poterat
540 1553 600 1617 pro
627 1540 840 1616 procuratore
865 1531 1051 1594 cautionem
1073 1531 1300 1615 interponere:
1319 1529 1386 1591 bb.
1399 1527 1450 1609 18.

250 1651 284 1706 et
299 1644 336 1705 I..
356 1643 406 1704 15.
424 1642 464 1702 D.
481 1643 520 1702 de
543 1641 674 1702 Precor.
695 1641 738 1705 V.
755 1639 844 1724 quod
867 1638 1088 1723 procuratoris
1109 1637 1310 1722 negligentia
1326 1645 1354 1698 et
1371 1643 1450 1698 contu-

248 1751 354 1814 macia
375 1747 510 1812 domino
532 1748 696 1811 nocebat:
717 1748 755 1810 L.
770 1747 820 1809 78.
836 1748 864 1828 §.
882 1746 912 1808 2.
930 1747 971 1806 Ι).
988 1747 1026 1806 de
1042 1745 1154 1826 Legat.
1174 1745 1218 1806 11.
1236 1743 1295 1808 VI.
1310 1743 1383 1829 quod
1400 1762 1450 1824 pro

250 1864 382 1920 curator
403 1855 465 1917 sibi
485 1853 681 1938 adquirebat
702 1855 867 1918 actionem
890 1853 1048 1916 directam
1076 1863 1142 1914 tum
1170 1873 1215 1914 ex
1237 1851 1390 1935 stipulatu,
1406 1859 1448 1910 tun

249 1965 298 2028 rei
315 1962 498 2048 judicatae,
515 1961 668 2045 adeoque
687 1972 721 2025 et
737 1983 838 2046 agere
854 1982 897 2023 ex
914 1968 1054 2045 utroque
1071 1967 1204 2042 poterat
1222 1969 1256 2024 et
1271 1955 1407 2023 conveniri
1416 1953 1450 2032 1).

249 2070 329 2135 VII.
348 2067 437 2155 quod
451 2079 647 2154 ‘procurator
668 2071 701 2132 vi
715 2069 810 2154 hujus
831 2068 969 2134 dominii
990 2075 1123 2152 poterat
1138 2067 1239 2132 alium
1259 2069 1327 2152 ipso
1340 2067 1399 2150 jure
1411 2061 1452 2123 sibi
1489 2140 1490 2162 Χ

250 2179 462 2241 substituere:
484 2177 522 2239 Β.
538 2175 699 2240 8.11.23.
721 2178 753 2238 0.
764 2179 807 2238 de
821 2177 990 2239 Procurot.
1006 2196 1068 2238 nec
1084 2197 1149 2238 non
1167 2173 1408 2239 substitutionem
1418 2189 1453 2229 re
1489 2167 1490 2212 ἶ

249 2306 388 2366 vocare,
411 2283 588 2348 dummodo
610 2305 662 2347 res
689 2283 795 2348 adbuc
819 2291 906 2346 esset
934 2283 1077 2366 integra:
1099 2282 1303 2345 Boehmeius
1322 2283 1391 2342 Bisa.
1409 2275 1453 2337 ead

237 2395 292 2456 -11,
306 2393 357 2455 18.
379 2390 476 2456 VIII.
493 2390 583 2474 quod
599 2403 805 2475 procurator,
820 2391 882 2455 nisi
899 2412 1012 2454 caussa
1034 2390 1187 2474 cognita,
1203 2390 1320 2476 mutari
1333 2409 1388 2451 non
1404 2391 1454 2467 pot-

157 2616 162 2622 ’
249 2619 367 2667 retorem
384 2612 431 2665 Iitc
449 2615 600 2665 contestata
617 2612 758 2664 dominium
779 2612 831 2663 titt:
847 2611 914 2664 effici
940 2614 1011 2680 (nc.
1026 2613 1057 2664 L.
1070 2616 1095 2664 4.
1106 2611 1128 2678 ᾖ.
1139 2616 1165 2664 5.
1177 2612 1214 2663 D.
1227 2611 1259 2663 de
1277 2608 1390 2680 appell.);
1403 2603 1452 2656 limi

249 2697 339 2765 igitur,
358 2699 410 2748 boc
428 2697 537 2750 nomine
555 2696 603 2748 uti.
615 2725 643 2734 -
654 2696 725 2760 Iam,
744 2697 792 2764 qui
804 2696 894 2749 alieno
912 2697 1022 2749 nomine
1039 2697 1144 2761 agebat,
1158 2697 1325 2748 intentionem
1336 2709 1366 2744 ex
1376 2701 1454 2757 persone

249 2781 354 2835 domini
372 2782 503 2843 sumebat,
524 2782 762 2833 condemnationem
785 2787 876 2835 autem
899 2780 927 2833 iu
946 2796 1022 2834 suam
1048 2797 1191 2848 personam
1210 2780 1385 2836 convertebam
1400 2785 1454 2840 qum

249 2867 273 2920 si
290 2881 316 2919 r.
331 2886 354 2919 c.
372 2866 474 2918 Lucius
493 2865 581 2918 Titius
606 2881 656 2932 pro
672 2866 772 2918 Publio
792 2867 904 2920 Maeuio
931 2867 1036 2932 egebat,
1059 2868 1098 2920 ita
1120 2868 1240 2932 formula
1258 2870 1377 2930 concepta
1390 2853 1455 2911 esui

245 2961 329 3022 paret
340 2953 449 3004 Numer.
469 2951 608 3018 Negidium
627 2953 662 3003 P.
679 2951 784 3004 Maecio
796 2953 943 3004 sestertium
957 2951 991 3002 X
1001 2949 1085 3004 metm
1103 2952 1169 3003 dore
1181 2961 1313 3020 oportere,
1323 2949 1396 3020 Jitdeoe
1406 2943 1454 2995 1111·

251 3037 390 3104 Nepr'dium
409 3038 440 3088 L.
463 3037 530 3087 titio
549 3037 695 3088 sestertium
713 3037 746 3088 X
759 3037 842 3090 miliia
860 3038 1022 3096 conderent:
1039 3038 1063 3088 ri
1079 3046 1229 3104 :conparet
1245 3035 1344 3089 absolve
1361 3023 1455 3099 (61111-

248 3122 270 3188 fi.
284 3124 326 3172 86.
344 3121 379 3172 oi.
397 3118 457 3171 ibid.
480 3122 501 3188 ξ.
519 3126 561 3174 bb.
579 3121 607 3173 iu
625 3123 643 3173 f.
661 3121 863 3174 Miibieubrueb
888 3121 993 3174 ocem
1016 3121 1038 3187 §-
1058 3126 1083 3174 7.
1101 3128 1157 3174 not.
1172 3125 1216 3174 98.
1237 3138 1264 3187 p.
1280 3125 1321 3174 53.
1337 3119 1391 3186 eqd.
1407 3113 1455 3163 Huc

248 3203 375 3258 uImirum
393 3204 539 3272 praecipua
565 3211 622 3258 erat
647 3206 687 3258 vis
712 3206 912 3266 ntis'dominit,
937 3211 969 3256 ut
992 3205 1082 3271 agenti
1106 3205 1279 3271 procuratori
1304 3205 1343 3257 vei
1364 3191 1455 3266 cogniwri

249 3289 420 3342 adversarius
438 3289 671 3342 condemnaretur.
689 3291 793 3347 Eadem
811 3289 894 3357 igitur
910 3291 1028 3343 formula
1045 3290 1190 3341 utebantur
1208 3293 1238 3342 in
1255 3295 1311 3341 r'em
1328 3277 1453 3345 mammeti

249 3383 319 3426 tore:
336 3391 356 3425 r.
370 3384 570 3440 procuratores,
589 3391 658 3444 quos
676 3375 855 3429 cessionarios
875 3375 955 3429 bodie
972 3375 1063 3428 dicere
1087 3377 1207 3427 solemus
1233 3365 1454 3442 (1161111111

249 3473 349 3522 ,‚-ex
362 3465 479 3523 persona
495 3461 564 3525 ejus,
583 3459 661 3526 cujus
679 3461 753 3512 bona
769 3460 872 3524 emerit,
897 3466 986 3512 sumta
1010 3459 1166 3523 intentione,
1184 3459 1319 3512 convertit
1338 3455 1458 3509 mareon·

249 3540 351 3594 tionem
378 3543 406 3596 in
425 3557 503 3596 suam
521 3545 721 3612 personam”);
743 3551 826 3614 atque
849 3545 913 3598 hino
937 3551 987 3610 est,
1010 3545 1085 3612 quod
1103 3543 1210 3607 dicitur,
1235 3544 1345 3596 nomina
1360 3539 1389 3592 ad
1402 3531 1460 3586 ditm

249 3627 389 3678 transferri
413 3643 468 3679 non
487 3643 576 3693 posse,
594 3629 647 3681 nisi
671 3635 719 3682 aut
741 3631 911 3697 delegatIoue
937 3629 1105 3693 interposita,
1128 3636 1177 3681 aut
1195 3627 1252 3681 litte
1272 3624 1459 3680 contestationes

249 3709 383 3762 inchoatis
395 3711 487 3764 litibus
507 3712 523 3764 i.
538 3729 561 3765 e.
579 3712 702 3766 cessione
728 3717 776 3783 (cf.
790 3717 850 3784 Gaj.
869 3717 904 3768 11.
922 3716 943 3782 ς.
952 3719 994 3767 38.
1006 3719 1048 3767 39.
1070 3715 1125 3766 Vct.
1138 3713 1186 3766 Fr.
1202 3713 1224 3780 ᾖ.
1235 3717 1297 3765 260.
1313 3714 1367 3764 2631
1379 3698 1461 3758 ΗΕ

250 3795 281 3846 de
299 3793 349 3846 obl.
368 3803 393 3846 et
411 3798 485 3862 oct).
504 3799 548 3848 lix
565 3797 608 3848 bis
625 3806 746 3864 apparet,
764 3801 848 3869 idque
859 3799 940 3852 etiam
957 3798 1050 3851 multis
1074 3803 1195 3851 veterum
1222 3795 1378 3850 testimoniis
1393 3788 1461 3840 conir-

250 3883 346 3940 matur‚
365 3880 531 3946 cognitorem
545 3898 654 3949 quoque
665 3883 712 3937 lite
729 3891 879 3938 contestata
896 3883 1036 3937 dominum
1050 3882 1111 3936 litis.
1119 3881 1186 3935 beri.
1204 3885 1240 3935 m
1254 3881 1306 3933 nisi
1315 3881 1341 3932 iu
1353 3881 1462 3930 semaam

241 3964 373 4027 ,cognitor
391 3966 471 4016 datus
489 3972 560 4018 esset
580 3969 657 4032 (nam
668 3970 721 4023 vid
741 3973 796 4023 Vct.
811 3971 918 4036 Fropm.
938 3970 959 4035 ξ.
972 3974 1031 4022 317.
1049 3974 1076 4020 et
1094 3967 1296 4020 Mtibleubrueb
1317 3963 1409 4016 Certim
1424 3955 1463 4021 §.a

249 4061 276 4113 p.
291 4053 331 4101 74.
343 4054 399 4100 not.
416 4051 487 4114 151.)
495 4089 502 4114 ‚
522 4051 579 4102 sinc
591 4055 646 4105 ulla
664 4055 836 4108 cunctatione
853 4053 893 4106 rei
907 4055 1045 4120 judicatae
1056 4053 1127 4105 actio
1139 4067 1204 4103 vcro
1222 4050 1279 4102 litis
1291 4046 1395 4101 domiuo
1405 4047 1463 4105 tiqflt

250 4131 277 4184 iu
295 4150 357 4185 eum
376 4135 499 4198 dabatur,
517 4145 548 4188 ut
566 4153 620 4189 uon
638 4141 691 4192 nIsi
710 4140 778 4192 dicis
795 4137 878 4191 causa
896 4140 1022 4192 domiuus
1042 4137 1098 4191 11111Ι
1115 4138 1202 4188 tactus
1215 4149 1278 4186 esse
1301 4134 1432 4186 videretur:
1445 4119 1464 4172 ii

249 4219 323 4284 quod
341 4233 419 4270 secus
437 4225 494 4271 erat
511 4221 746 4288 in'procuratore:
765 4227 796 4276 L.
812 4229 852 4278 17.
866 4243 911 4292 pr.
929 4226 961 4276 L.
973 4230 1014 4279 27.
1036 4224 1069 4274 D.
1090 4223 1122 4274 de
1134 4239 1208 4289 proc.
1227 4219 1314 4272 molat.

200 4339 205 4346 -
318 4304 350 4368 h)
372 4305 475 4356 Neutro
493 4309 583 4360 tamen
601 4323 666 4359 casu
684 4307 730 4360 illa
748 4309 819 4360 actio
836 4311 932 4362 efficax
949 4314 1005 4360 est:
1023 4308 1056 4358 L.
1068 4309 1110 4358 28.
1128 4305 1163 4358 D.
1181 4307 1213 4357 de
1230 4305 1346 4356 Precor.
1363 4296 1464 4357 Sedpro

248 4392 355 4437 curator
373 4395 522 4442 conventus
540 4391 700 4456 exceptione
718 4392 775 4465 doli
796 4407 826 4444 se
849 4394 918 4446 tueri
943 4395 1049 4458 potest:
1074 4385 1242 4443 Bdehmerus
1261 4389 1331 4440 Diu.
1349 4385 1378 4435 de
1394 4377 1464 4430 donin

248 4468 285 4520 lit.
298 4469 337 4518 ΙΙ.
350 4477 388 4523 15.
408 4474 487 4526 Heio.
500 4475 541 4526 CI.
554 4477 575 4540 ξ.
586 4479 610 4526 3.
624 4481 679 4528 uot.
693 4494 717 4528 c.
729 4478 747 4527 s.
764 4479 785 4544 ξ.
796 4482 822 4530 4.
836 4483 892 4530 not.
902 4495 928 4543 g.
940 4476 1142 4530 Mirblenbrucb
1159 4475 1264 4527 ecaton
1276 4475 1299 4539 ξ.
1311 4476 1335 4524 7.
1345 4470 1464 4534 11111811·

83 4571 85 4574 ·
140 4623 143 4628 Ι
245 4565 320 4602 uum.
333 4557 355 4603 1.
372 4571 399 4619 p.
411 4561 453 4610 69.
467 4571 527 4626 sqq.
544 4574 619 4611 uum.
636 4563 661 4612 3.
681 4559 768 4613 Moti.
