3080 5154
226 338 295 404 126
366 381 369 388 ·
699 333 773 400 Lm.
800 334 826 400 l.
852 331 932 400 Ttr.
957 335 999 401 X.
1115 397 1120 404 ,

223 519 342 583 totum,
368 511 511 582 rurales,
536 509 570 570 in
597 507 813 583 marmoribus
830 481 881 570 ⁸et
906 509 994 592 apud
1022 516 1154 572 veteres
1179 517 1331 598 auctores
1358 511 1481 594 passim

98 629 102 637 '
165 649 168 656 ·
224 625 413 681 occurrunt:
437 613 532 678 Grut.
553 615 710 697 Inscripti.
724 637 757 696 p.
777 615 963 677 LXXVIII.
985 615 1014 676 1.
1028 637 1061 697 p.
1081 617 1162 678 cut
1182 615 1232 680 12.
1249 617 1325 680 et4.
1342 637 1377 698 p.
1393 617 1436 678 X.
1452 617 1481 680 2.

222 725 359 788 Reines.
381 725 480 784 Iason
504 723 605 786 Closs.
620 724 646 785 I.
662 721 734 784 240.
750 721 821 785 153.
841 731 876 786 et
893 722 964 784 159.
987 722 1103 786 Desid.
1121 723 1261 788 Herald.
1280 725 1325 785 od
1349 726 1481 786 Tertutt.

115 905 118 910 ,
224 836 315 915 Apol.
331 835 356 893 Ι.
373 831 424 893 25.
443 829 538 893 Idem
556 830 590 892 in
611 830 745 891 Adsere.
762 830 788 890 Ι.
804 829 835 891 7.
856 830 911 893 Jo.
932 830 1054 894 Meurs.
1070 834 1204 895 Auctor.
1219 834 1325 914 philol.
1345 831 1391 892 ad
1412 833 1481 894 aar.

224 943 264 1003 de
278 941 387 1002 Gloria
398 940 441 999 II.
465 935 623 1020 Utrisque
646 937 819 1000 simulacra
833 936 987 1000 dedicata
1003 948 1112 1019 erant,
1129 940 1254 1002 caninis
1273 939 1390 1001 induta
1404 939 1482 1022 pel·
1527 1023 1528 1026 Ἴ

223 1049 324 1129 libus,
344 1043 512 1110 Plutarch.
529 1045 670 1120 Quaerit.
684 1046 817 1106 Roman.
833 1066 859 1106 c.
876 1045 927 1105 51.
935 1065 969 1126 p.
990 1045 1062 1108 276.
1079 1045 1121 1132 [*
1133 1047 1197 1108 Vol.
1218 1047 1287 1107 VII.
1296 1069 1330 1128 p.
1348 1046 1421 1108 119.
1437 1069 1481 1129 sq.

227 1160 304 1241 opp.
323 1154 492 1217 Plutarchi
505 1173 545 1213 es
566 1153 639 1213 edit.
656 1151 711 1214 Jo.
734 1152 806 1215 Jac.
821 1151 993 1237 Reiskii,]
1024 1165 1058 1216 et
1076 1164 1158 1216 'arae
1185 1153 1315 1238 positae
1337 1175 1376 1216 ac
1400 1154 1480 1235 foci,

224 1285 277 1326 res
293 1263 327 1324 in
343 1261 443 1323 domo
465 1259 700 1340 sanctissimae,
720 1260 873 1343 aquibus
889 1259 975 1322 adeo
997 1281 1095 1322 nemo
1112 1270 1245 1344 potorat
1260 1261 1331 1323 sine
1346 1262 1479 1346 ingenti

224 1370 351 1434 scelere
373 1366 535 1430 abstrahi:
557 1365 626 1429 Cic.
642 1387 705 1448 pro
719 1367 819 1428 Domo
837 1367 866 1428 1.
886 1377 921 1432 et
932 1389 993 1450 pro
1007 1370 1096 1449 Rege
1110 1371 1214 1450 Dejot.
1230 1368 1272 1430 15
1285 1371 1329 1448 ⁰).
1351 1369 1480 1448 Quem-

224 1476 400 1542 admodum
424 1497 505 1539 vero
525 1474 567 1538 ad
589 1474 672 1538 haec
694 1495 787 1538 sacra
808 1475 939 1538 nonnisi
957 1475 1009 1538 illi
1030 1474 1307 1558 admittebantur,
1329 1477 1372 1539 ad
1395 1497 1478 1561 quos

224 1583 406 1671 aliquando
421 1582 599 1647 transitura
613 1591 700 1646 esset
722 1604 885 1645 sacrorum
901 1582 1086 1646 hereditas:
1111 1584 1159 1646 ita
1174 1605 1241 1645 non
1264 1585 1387 1647 arctior
1400 1593 1479 1668 pot-

226 1703 298 1764 erat
323 1714 394 1755 esse
418 1690 622 1775 conjunctio,
645 1711 743 1776 quam
769 1712 835 1775 qua
856 1690 929 1774 quis
949 1690 982 1752 in
1010 1689 1145 1754 alterius
1168 1699 1301 1775 gentem
1331 1697 1365 1754 et
1386 1712 1479 1754 sacra

225 1801 388 1866 transiret.
425 1799 605 1860 Praeterea
636 1798 799 1883 ejusmodi
828 1819 990 1860 sacrorum
1019 1799 1213 1862 communio·
1235 1798 1380 1862 rescindi
1410 1821 1478 1862 non

225 1912 373 1993 poterat,
391 1905 455 1968 nisi
474 1913 626 1969 auctores
648 1907 767 1969 tierent
785 1906 982 1989 Pontifices,
1000 1927 1063 1969 nec
1084 1909 1206 1970 certior
1227 1917 1299 1972 erat
1314 1928 1388 1991 spes
1405 1929 1478 1970 suc·

226 2014 399 2090 cessionis,
418 2035 516 2098 quam
537 2035 623 2096 quae
645 2035 688 2076 ex
705 2013 765 2076 illa
783 2035 949 2076 sacrorum
968 2019 1093 2097 μεθέξει
1107 2018 1314 2079 nascebatur.
1335 2015 1380 2078 Et
1400 2015 1477 2078 hinc

224 2131 319 2210 patet
329 2123 428 2204 ratio,
441 2144 498 2184 cur
514 2123 548 2184 in
563 2122 613 2185 his
628 2121 751 2205 nuptiis
763 2129 830 2184 tam
845 2123 1030 2185 necessaria
1045 2123 1147 2188 fiterit
1162 2123 1294 2187 domum
1309 2123 1476 2205 deductio,

225 2233 335 2297 multis
355 2231 444 2294 facta
462 2230 755 2311 sollemnitatibuS,
775 2252 856 2314 quas
878 2230 1035 2294 describit
1051 2232 1149 2296 Baro.
1168 2231 1314 2294 Brisson.
1330 2234 1476 2314 Antt'qd.

224 2340 380 2424 18.p.20.
393 2340 478 2403 etde
494 2345 558 2402 ritu
575 2347 664 2420 nupt.
674 2360 709 2420 p.
724 2359 765 2401 m.
777 2337 850 2402 223.
870 2319 961 2402 Fixa
977 2339 1064 2402 enim
1081 2347 1175 2402 erant
1188 2339 1364 2402 Penatium
1377 2361 1477 2420 sacra,
1530 2363 1531 2368 ¹

225 2473 264 2516 ac
284 2448 504 2522 hereditaria3
531 2446 608 2509 hinc
628 2466 727 2508 nemo
752 2466 813 2528 per
838 2446 1137 2510 confarreationem
1159 2468 1297 2510 uxorem
1323 2446 1474 2530 accipere

224 2566 374 2643 poterat,
388 2556 451 2618 nisi
466 2555 519 2618 cui
535 2563 622 2617 esset
639 2552 754 2614 domus
766 2574 805 2614 ac
820 2552 986 2637 lanarium,
1007 2555 1042 2618 in
1058 2575 1129 2644 ,quo
1144 2575 1227 2618 uxor
1244 2575 1316 2620 cum
1330 2575 1371 2616 eo
1389 2575 1477 2617 com·
1531 2564 1532 2592 ³

225 2665 375 2728 munibus
391 2663 490 2727 sacris
505 2661 669 2724 frueretur
683 2660 726 2742 f).

814 2831 843 2914 o.
864 2831 894 2894 5.

545 3036 548 3042 ι
627 2963 668 3017 ΙΙ.
686 2961 779 3017 Liberi
792 2965 904 3033 patrimi
919 2972 945 3015 ct
962 2965 1085 3017 matrimi.

309 3080 443 3144 Deinde
467 3090 501 3145 et
515 3081 551 3143 id
574 3081 741 3165 singulare
756 3091 829 3146 erat
847 3081 1121 3148 confarreationis
1140 3081 1304 3162 effectum,
1323 3081 1368 3144 II.
1388 3081 1475 3167 quod

155 3265 160 3276 ,
226 3213 269 3254 ex
286 3190 500 3255 confarreatis
522 3191 714 3272 parentibus
735 3171 949 3254 nascerentur
962 3195 1098 3272 patrimi
1112 3197 1146 3252 et
1167 3193 1307 3252 matrimi
1310 3235 1320 3272 ,
1339 3210 1474 3274 quorum

225 3321 346 3383 magua
369 3309 441 3362 erat
465 3298 499 3360 in
519 3297 618 3360 sacris
642 3300 893 3382 praerogativa:
915 3299 1023 3362 Tacit.
1049 3299 1212 3360 Hatris.
1230 3289 1281 3359 53.
1304 3298 1397 3360 Fest.
1418 3299 1473 3359 sub

136 3483 138 3489 Ι
225 3410 360 3470 Fiamt'n.
376 3429 409 3488 p.
423 3405 495 3469 289.
513 3414 547 3469 et
565 3410 725 3488 patrimus
734 3429 768 3488 p.
787 3406 858 3469 358.
881 3406 980 3487 Sunt,
1004 3407 1060 3490 qui
1080 3405 1237 3489 patrimos
1256 3412 1291 3467 et
1310 3405 1475 3468 matrimos

226 3536 283 3577 eos
307 3523 427 3577 vocant
445 3534 583 3597 pueroS,
603 3533 739 3598 quorum
758 3522 912 3597 parentes
936 3523 1045 3578 essent
1067 3516 1269 3598 superstites.
1292 3513 1370 3576 Vid.
1389 3511 1474 3575 Pith.

226 3615 269 3684 od
290 3623 411 3685 Collatt.
433 3624 531 3706 Legg.
553 3623 633 3682 Mos.
652 3631 685 3682 et
700 3623 790 3684 Rota.
809 3623 900 3684 XVI.
922 3622 953 3684 2.
969 3644 1002 3704 p.
1023 3621 1095 3684 790.
1114 3625 1186 3684 edit.
1203 3620 1387 3705 Schulting.
1410 3617 1475 3682 Sed

225 3729 259 3792 bi
279 3730 414 3793 omnino
434 3730 591 3814 opinione
610 3750 667 3792 sua
680 3728 847 3793 falluntur.
870 3729 1026 3807 Quamvis
1043 3730 1130 3792 enim
1149 3737 1183 3792 et
1201 3728 1237 3791 id
1252 3730 1475 3813 requireretur

225 3839 259 3900 in
282 3838 380 3901 sacris
400 3837 480 3901 boni
506 3837 623 3898 ominis
652 3857 782 3918 caussa,
805 3847 838 3900 et
857 3847 948 3901 recte
973 3837 1156 3902 aPithoeo
1178 3829 1387 3900 observatum
1412 3842 1474 3897 cst:

226 4111 248 4148 c.
265 4098 305 4147 14.
323 4109 373 4160 pro
392 4092 556 4144 modiorum
574 4093 761 4157 reponendum
779 4091 927 4155 uictorum,¹
944 4093 982 4146 ita
1000 4099 1027 4146 ct
1043 4097 1106 4145 ente
1124 4092 1280 4146 emendarat
1297 4091 1425 4145 Barthius
1442 4088 1476 4142 ad

228 4179 295 4232 Stat.
316 4193 351 4231 iv,
373 4175 453 4230 unet.
471 4177 492 4244 ξ.
509 4181 569 4230 475.
586 4194 614 4245 p.
635 4181 709 4232 1093.
731 4179 815 4231 Coun.

295 4263 325 4330 c)
345 4264 382 4314 Et
398 4263 461 4315 hinc
487 4263 568 4315 etiarn
586 4265 673 4318 lucem
694 4263 792 4331 accipit
809 4267 840 4319 L.
860 4269 900 4317 18.
916 4265 949 4317 0.
970 4265 1001 4316 de
1019 4263 1053 4316 In
1062 4264 1112 4334 jus
1136 4265 1266 4328 vocando,
1285 4264 1319 4316 dc
1337 4278 1393 4331 qna
1409 4259 1473 4314 intra

226 4347 278 4400 erit
295 4345 402 4399 distendi
420 4350 506 4400 locus.
529 4349 609 4400 Heio.

294 4433 324 4498 f)
350 4433 393 4484 De
419 4448 558 4486 sacrorum
581 4434 610 4486 in
637 4433 738 4499 nuptiis
764 4434 939 4488 confarreatis
965 4433 1175 4487 communione:
1202 4433 1235 4485 dc
1259 4429 1379 4500 Sevigny
1406 4428 1433 4482 in
1450 4427 1473 4480 d.

227 4515 357 4569 Zcitscbr.
376 4519 394 4569 f.
411 4520 500 4582 gesch.
519 4521 553 4572 R.
573 4520 619 4571 W.
638 4521 669 4572 T.
688 4520 722 4571 11.
741 4520 790 4571 Nr.
810 4520 876 4571 XV.
895 4535 921 4586 p.
939 4522 997 4571 403.
1016 4533 1057 4587 sq.
1078 4519 1166 4572 Horeb.
