3122 5162
423 441 426 448 ·
473 405 530 489 lla
554 407 719 480 Pusurcrs
740 405 904 492 dtmrcus.
1244 413 1318 483 763

63 587 215 652 missurus
230 583 413 667 videretur,
428 604 529 668 porro
546 603 587 648 an
609 581 760 648 inimicus
774 581 819 666 ei,
834 591 950 650 contra
964 603 1063 668 quem
1077 583 1209 658 ferebat
1224 585 1319 651 testi*

63 693 219 770 monium,
234 713 275 756 an
297 692 419 756 amicus
433 690 495 772 illi,
517 711 578 774 pro
594 709 660 774 quo
677 689 818 771 ferebat,
835 699 869 756 et
887 712 972 775 quae
988 702 1062 756 sunt
1077 691 1173 776 hujus
1186 693 1317 775 generis

62 801 149 881 alia,
165 819 251 884 quae
267 820 339 864 cum
364 821 441 865 cura
457 797 626 881 explicare
646 797 757 862 solent
777 798 800 861 J
802 797 1004 865 ureconsulti
1026 797 1068 862 ad
1088 802 1211 864 titulum
1225 801 1267 862 D.
1279 803 1319 865 de

66 909 216 970 Postibus.
237 905 428 972 Dolendum
452 914 522 982 est,
539 905 676 989 periisse
699 904 840 970 Domitii
862 905 954 986 Afri,
977 906 1125 970 oratoris
1140 916 1175 972 et
1197 907 1339 988 causei-f

62 1014 148 1095 dici,
170 1015 264 1076 libros
287 1016 364 1077 druos
386 1015 425 1076 de
443 1015 668 1096 confirmandis
687 1023 717 1076 et
739 1014 918 1096 refellendis
939 1017 1140 1102 testimoniis,
1164 1013 1317 1079 laudatos

62 1147 91 1185 a.
105 1121 333 1200 Quinctiliano
356 1122 433 1182 last.
454 1129 570 1183 orator.
594 1119 610 1206 [
618 1121 635 1158 *
648 1121 683 1182 V.
698 1120 728 1181 7.
742 1121 770 1201 §.
788 1119 818 1181 7.
839 1121 890 1182 VI.
904 1120 934 1182 3.
949 1122 977 1202 §.
994 1121 1045 1183 27.
1065 1120 1116 1183 32.
1131 1120 1182 1182 42.
1199 1121 1250 1182 54.
1265 1121 1317 1183 68.

60 1229 114 1292 92.
129 1251 174 1312 sq.
195 1227 272 1314 etc]
294 1228 372 1290 Fuit
394 1227 479 1290 enim
497 1236 613 1289 auctor
634 1226 696 1289 iste
712 1227 799 1290 inter
819 1235 970 1299 oratores
987 1237 1124 1300 veteres¹
1138 1228 1318 1290 celeberri-

60 1358 143 1416 mus,
166 1336 255 1420 cujus
270 1336 487 1400 meminerunt
505 1334 631 1397 Plinius
648 1337 761 1416 Epistt.
778 1333 864 1422 [*II.
879 1335 929 1397 14.
945 1336 973 1416 §.
990 1333 1056 1420 10.]
1079 1336 1166 1396 VIII.
1181 1334 1231 1397 18.
1247 1336 1275 1416 §.
1286 1335 1317 1398 5.

61 1443 200 1506 Tacitus
216 1445 333 1504 Annei.
351 1441 440 1504 XIV.
456 1441 505 1503 19.
528 1441 635 1526 [*IV.
651 1440 701 1503 52.
719 1452 752 1505 et
767 1441 818 1505 66.
840 1441 990 1525 Scriptor
1008 1443 1139 1524 Dr’alogi
1158 1443 1196 1504 de
1214 1443 1317 1506 Orott.

60 1573 87 1612 c.
99 1549 150 1613 13.
165 1560 199 1613 et
211 1547 276 1634 lo]
300 1556 334 1611 et
347 1549 509 1612 Eusebius
524 1549 557 1611 in
577 1549 727 1611 Chronico
745 1549 938 1629 Hieronymo
952 1555 1122 1631 r'nterprete
1134 1571 1164 1611 rr.
1176 1549 1316 1634 MMLX.

62 1658 119 1742 qui
136 1676 218 1751 eum¹
233 1654 332 1720 domo
348 1656 607 1720 Nemausensem
631 1656 731 1719 fuisse
750 1655 805 1719 ait.
828 1655 983 1719 Ceterum
1001 1655 1036 1717 hi
1059 1664 1160 1720 testes
1182 1655 1237 1719 vel
1259 1678 1318 1720 sua
1437 1743 1442 1751 ι

62 1771 181 1849 sponte
197 1764 354 1828 dicebant
375 1763 613 1845 testimonium,
628 1763 684 1826 vel
706 1763 813 1845 inviti,
836 1761 1011 1848 siquando
1032 1763 1082 1842 iis,
1099 1763 1315 1847 permittente

60 1871 151 1956 lege,
173 1870 348 1935 adcusator
369 1871 592 1936 testimonium
609 1869 832 1934 denunciaret.
854 1871 971 1954 Aqua
993 1878 1102 1937 tamen
1118 1873 1315 1936 necessitate

61 1979 120 2042 lex
141 1977 232 2042 Julia
253 1978 295 2041 de
307 1977 443 2062 judiciis
465 1969 605 2062 publicis
631 1987 802 2042 exemerat
824 1999 984 2063 generos,
999 2000 1149 2061 soceros,
1172 1979 1316 2062 vitricos,

50 2085 249 2170 privignos,
277 2087 448 2165 sobrinos,
473 2085 608 2148 sobrino
635 2094 744 2167 natos,
775 2077 918 2170 eosque,
944 2089 1000 2172 qui
1023 2088 1179 2171 propiore
1211 2088 1316 2172 gradu

63 2200 192 2274 essent,
204 2193 341 2257 libertos
356 2195 436 2258 item
457 2200 491 2255 et
508 2200 681 2277 patronos:
703 2193 739 2254 L.
755 2192 785 2252 4.
801 2193 841 2254 D.
857 2194 896 2255 de
911 2195 1019 2256 testis.
1043 2195 1197 2258 Ceterum
1213 2200 1315 2258 testes

60 2299 353 2384 interrogabantur
368 2302 401 2363 in
418 2300 548 2386 judicio
565 2301 606 2364 ab
624 2297 881 2380 adcusatoribus,
902 2307 936 2364 et
952 2300 985 2362 in
1003 2322 1044 2362 eo
1060 2323 1155 2385 quam
1172 2300 1315 2362 maxime

60 2407 196 2472 elucere
219 2407 395 2502 videbatur
411 2429 523 2470 eorum
546 2408 721 2492 prudentia
741 2414 775 2470 et
797 2405 990 2488 dexteritas,
1007 2406 1096 2491 quod
1116 2406 1248 2492 longius
1262 2429 1317 2470 re-

58 2515 167 2598 petita
196 2507 459 2601 interrogatione
490 2537 602 2580 verum
635 2522 884 2600 extorquerent·
904 2515 1003 2578 etiam
1035 2516 1164 2580 invitis:
1195 2516 1314 2578 Cicero

62 2623 153 2686 Orat.
170 2645 232 2706 pro
252 2625 288 2687 L.
304 2625 417 2687 Flacco
436 2645 462 2686 c.
485 2623 534 2686 10.
557 2623 646 2686 Hinc
669 2623 836 2687 Phaedria
857 2622 1050 2688 adolescens
1073 2623 1161 2708 apud
1185 2623 1316 2686 Teren-

57 2730 139 2792 tium
157 2731 299 2794 buruch.
317 2735 388 2793 Act.
405 2731 463 2793 IV.
484 2751 526 2792 sc.
541 2730 570 2791 4.
586 2752 613 2792 o.
628 2731 679 2793 33.
701 2731 868 2816 obliquius
889 2731 1118 2816 interrogabat
1131 2731 1314 2796 eunuchum

57 2837 103 2900 de
126 2836 230 2900 turbis
253 2819 403 2914 indomo
420 2837 600 2899 meretricis
616 2836 717 2926 datis:

298 2989 341 3000 -
368 2953 458 3014 Unde
469 2954 612 3030 srotrem
633 2973 736 3014 meum
756 2973 825 3014 esse
845 2955 991 3016 roribus?
1013 2989 1057 3002 -

54 3066 116 3132 Ad
133 3089 230 3154 quem
252 3067 361 3131 locum
383 3068 536 3131 Donatus
559 3075 669 3131 notat:
691 3069 736 3128 Et
756 3068 815 3128 liae
835 3077 912 3130 sant
930 3069 1071 3149 obliquae
1093 3057 1315 3152 interrogatio·

54 3197 132 3250 nes,
155 3177 265 3257 quibus
287 3181 337 3262 err
356 3187 497 3237 oratores
519 3176 674 3250 uidemus,
699 3197 793 3258 quum
815 3175 959 3238 derivare
980 3181 1186 3238 testr'mom‘um
1206 3179 1313 3238 nitun-

54 3295 124 3347 tur.
154 3281 361 3368 Quamquam
383 3305 464 3346 vero
496 3291 597 3346 testes
619 3282 749 3345 nonnisi
766 3283 870 3366 jurati
901 3283 1057 3347 dicebant
1079 3283 1313 3363 testimonium,

55 3401 94 3454 et
119 3391 161 3453 de
177 3391 217 3453 iis
240 3391 339 3454 etiam
355 3392 470 3472 rebus,
493 3413 573 3476 quas
594 3390 655 3473 ipsi
679 3389 839 3454 vidissent
860 3399 1109 3475 compertaeque
1131 3389 1313 3452 haberent:

53 3521 128 3563 non
155 3497 222 3562 alia
244 3508 353 3590 tamen
379 3499 521 3562 formula
542 3496 850 3581 interrogabantur,
876 3519 973 3582 quarn
995 3497 1070 3560 illa:
1092 3515 1119 3563 s.
1142 3514 1312 3578 ΤΕΜΡΑΝΒ,

54 3611 198 3682 Quaeso
219 3622 265 3670 ux
284 3624 338 3686 ru,
359 3621 904 3688 ARB1TRER1SNE,0.SEMPRON1UM
926 3622 995 3670 cos.
1017 3623 1053 3669 1N
1077 3614 1233 3668 rempotus
1255 3620 1315 3668 PU-

53 3728 157 3776 euau
179 3717 308 3777 missu?
330 3713 385 3776 Ad
401 3735 487 3800 quae
510 3713 602 3778 testis
624 3713 680 3776 vel
699 3719 881 3794 maranen,
903 3712 959 3775 vel
980 3729 1051 3775 nou
1071 3728 1241 3776 nnmrnon
1260 3733 1313 3774 re·
1371 3753 1372 3760 .

53 3820 265 3905 spondebat:
288 3820 407 3884 Cicero
429 3823 549 3882 Acadd.
570 3823 710 3898 Quaerit.
726 3822 782 3882 IV.
802 3821 854 3883 47.
877 3819 910 3882 in
925 3799 1009 3904 flue,
1028 3828 1062 3882 et
1082 3823 1171 3882 Orat.
1188 3839 1249 3902 pro
1269 3818 1312 3879 M.

50 3929 196 4016 Fontejo
213 3950 239 3991 c.
257 3929 287 3991 9.
322 3927 422 4005 Quod
443 3927 544 3990 ‘etiam
567 3928 719 4014 Cujaoius
740 3927 869 3992 notavit
896 3928 1069 3988 Obseroalt.
1094 3928 1152 3986 III.
1170 3925 1220 3987 26.
1241 3923 1311 3986 Ab·

51 4043 172 4098 sentes
184 4043 285 4098 testes
302 4056 362 4120 per
372 4033 500 4097 tabulas
513 4032 669 4100 dicebant
680 4035 903 4101 testimonium
916 4032 1119 4120 [*Ferratius
1133 4033 1213 4113 Irlpp.
1223 4031 1246 4093 I.
1256 4027 1311 4116 3.].

637 4219 666 4300 §-
687 4219 738 4283 27.

409 4349 527 4414 Tabulae
539 4351 705 4419 probotionis
724 4369 817 4406 caussa
834 4354 969 4406 recitatae.

145 4465 364 4532 TABULARUM
387 4468 519 4530 nomine
545 4490 642 4532 omne
666 4489 770 4552 genus
797 4471 1026 4554 scripturarum
1049 4465 1222 4544 veniebat,
1244 4482 1309 4546 quo

50 4595 206 4640 caussam
223 4575 387 4656 probabat
408 4575 594 4660 adcusator,
612 4597 720 4659 eoque
736 4576 770 4638 in
792 4575 905 4660 primis
926 4573 1137 4658 pertinebant
1158 4571 1192 4634 in
1213 4590 1311 4654 repe-
