3062 5164
587 367 775 472 snm
794 405 869 472 ιιι
894 405 922 474 1.
946 403 1034 474 cn.
1060 407 1087 475 ι

789 582 819 661 §a
840 582 892 642 5⁴.

690 745 700 764 .
728 682 802 740 Quid
818 682 949 734 mr

294 772 404 850 Quum
425 793 505 835 vero
521 771 602 835 olim
619 774 733 836 censui
747 773 880 836 Romae
898 774 1063 838 adsedere
1084 774 1295 836 consueverit
1309 776 1453 834 lustrum

211 881 243 943 id
263 901 418 964 quoque,
436 880 536 964 quale
559 880 677 959 fucrit,
681 901 738 942 ex
758 881 1011 964 antiquitatibus
1029 881 1190 944 Romanis
1208 881 1341 944 videtur
1356 877 1453 962 expli-

210 988 360 1052 candum.
381 988 525 1050 Peracto
544 987 673 1050 scilicet
691 1009 792 1050 censu
800 989 969 1072 ‚poprdus
981 991 1164 1072 jubebatur
1184 997 1328 1054 armabis
1349 986 1452 1050 adesse

211 1096 244 1160 in
263 1117 379 1179 campo
394 1095 530 1174 Martio,
551 1095 609 1158 ubi
626 1094 828 1158 lustrabatur
847 1117 922 1175 sue,
941 1117 1006 1158 ove
1025 1105 1061 1160 et
1078 1105 1187 1178 tauro,
1207 1118 1294 1180 quae
1310 1079 1452 1158 animalia

211 1211 264 1266 ter
278 1203 400 1267 circum
416 1204 598 1266 exercitum
612 1203 799 1285 agebantur
813 1203 897 1266 ab''
873 1225 926 1284 us,
940 1204 1059 1287 quibus
1074 1214 1184 1269 essent
1198 1206 1306 1268 fausta
1317 1201 1452 1266 nomina·

212 1309 282 1372 Cic.
297 1311 337 1372 de
353 1313 449 1374 dom
465 1312 492 1372 L
508 1310 560 1372 45.
576 1331 615 1372 ac
638 1309 716 1373 dein
735 1310 991 1377 immolabantur
1012 1311 1130 1376 Marti·
1150 1313 1224 1376 1.iv.
1238 1314 1265 1374 Ι.
1280 1312 1333 1372 44.
1356 1309 1452 1373 Varro

211 1417 251 1478 de
265 1437 302 1478 re
314 1427 395 1480 rust.
409 1419 452 1478 ΙΙ.
469 1419 500 1480 l.
521 1418 662 1501 Dionys.
679 1417 852 1480 Halicarn.
869 1421 948 1480 Ant.
969 1420 1059 1481 Rom.
1076 1421 1134 1482 IV.
1151 1419 1203 1482 22
1227 1419 1328 1482 Unde
1347 1424 1382 1480 et
1395 1415 1453 1480 sol·
1523 1423 1524 1466 t

211 1524 323 1588 lemno
341 1524 428 1589 istud
446 1525 638 1588 sacrificium
653 1525 777 1588 dictum
798 1541 1089 1607 summumst,
1104 1549 1126 1590 a
1140 1549 1211 1609 sue,
1225 1548 1292 1590 ove
1306 1534 1343 1589 et
1359 1534 1453 1604 tauro,
1523 1555 1524 1592 i

211 1631 279 1714 vel,
296 1632 404 1696 otalii
420 1632 563 1710 malunt,
580 1648 839 1706 nonistorum
852 1632 913 1694 sed
927 1635 1072 1716 priorem
1086 1635 1178 1698 vocis
1192 1634 1330 1698 somam
1347 1633 1455 1696 confir-

212 1747 280 1802 mat
304 1740 393 1822 apud
420 1738 553 1804 Gruter.
579 1741 724 1821 Inmipt.
742 1762 778 1822 p.
806 1741 923 1802 om
941 1762 973 1804 a
991 1741 1022 1802 l.
1048 1759 1164 1806 nurus.
1187 1746 1352 1822 (rosus)
1369 1757 1455 1804 omn.

213 1863 384 1910 rsnrscn.
398 1862 1141 1920 csoss.1.usmuu.rossou.soovnrsuntun
1152 1865 1350 1914 moninus.
1359 1847 1456 1932 Hujus

211 1953 306 2016 lustri
324 1975 421 2038 quam
440 1955 583 2018 maxime
601 1954 771 2018 habebant
787 1957 952 2020 rationem
968 1957 1210 2039 Jureconsulti,
1225 1979 1325 2042 quum
1347 1957 1455 2040 pleris-
1523 2019 1524 2026 ,

213 2082 280 2146 que
299 2082 366 2124 non
382 2085 403 2126 a
422 2083 539 2142 censu,
556 2062 617 2126 scd
634 2085 655 2126 a
670 2061 774 2126 lustro
791 2065 920 2147 potios,
932 2066 1012 2148 jura
1027 2087 1188 2130 novorum
1206 2067 1326 2130 civium
1340 2064 1456 2128 Roma·

212 2189 328 2232 norum
347 2170 476 2234 initium
497 2191 617 2254 capere
634 2170 843 2235 viderentur:
859 2173 966 2236 Cicer.
980 2175 1020 2236 de
1040 2175 1129 2236 orat.
1144 2177 1172 2234 1.
1187 2174 1239 2236 40.
1264 2173 1357 2236 Hinc
1371 2180 1457 2234 vetus

212 2279 430 2363 fragmentum
452 2277 679 2342 Joreconsulti
703 2278 793 2361 apud
819 2281 997 2346 Pitbooum
1026 2286 1106 2360 (seu
1129 2281 1257 2364 potius:
1277 2281 1311 2344 in
1335 2281 1457 2360 Fragor

205 2389 276 2468 jor.
296 2389 418 2450 Daritis.
436 2388 477 2449 de
497 2387 760 2450 manumisss'om'd.
778 2389 809 2468 ᾖ.
828 2386 917 2469 19.);
940 2390 1092 2470 „Magno
1116 2399 1223 2452 nutem
1245 2390 1397 2452 ds'ssemio
1418 2394 1459 2448 est

211 2497 294 2556 mter
307 2499 441 2574 peritos,
463 2503 571 2556 utrum
588 2496 645 2554 Ιιοο
660 2503 799 2574 tempore
813 2499 896 2560 vires
914 2500 1072 2578 ambiam
1084 2499 1199 2569 omnio,
1214 2500 1248 2558 iu
1269 2515 1329 2578 quo
1346 2515 1460 2566 omaus,

212 2621 257 2664 an
274 2605 308 2662 in
325 2621 362 2662 eo
376 2610 529 2679 tempore,
548 2603 582 2660 in
601 2620 662 2680 quo
679 2603 816 2663 lustrum
834 2604 988 2664 conditor.
1014 2605 1101 2668 Sunt
1114 2608 1196 2666 endu
1212 2607 1267 2686 qui
1281 2605 1460 2672 walemont,

212 2727 276 2770 non
292 2708 372 2768 atras
388 2709 471 2768 vires
489 2711 644 2788 accipere,
661 2728 743 2789 quoe
758 2719 901 2790 agontur
923 2714 957 2770 tn
977 2732 1087 2786 ocum,
1105 2715 1170 2774 mist
1180 2712 1339 2774 borodim
1356 2729 1462 2790 mqua-

213 2823 279 2887 tur,
306 2834 370 2894 qua
392 2816 527 2876 lustmm
550 2817 711 2888 eonditum
736 2820 918 2880 esbtbrront
943 2824 1042 2896 enim,
1067 2840 1196 2893 ceum
1215 2819 1405 2880 descendere
1427 2813 1464 2874 ad
1524 2847 1525 2902 ἦ

214 2923 295 2984 dim
311 2924 422 2994 lustri,
438 2942 501 2984 non
519 2924 656 2984 lustrum
672 2924 844 2986 doronem
856 2925 901 2987 od
909 2927 991 2987 dcem
1008 2948 1131 2990 maus.
1153 2927 1246 3003 Quod
1259 2926 1328 2988 ideo
1345 2925 1463 3006 qaaeri-
1524 2939 1525 2948 ¹

213 3039 281 3092 tum
299 3037 361 3102 est,
379 3034 525 3110 quouzbm
542 3035 658 3106 omnia,
670 3053 752 3113 quoe
766 3035 800 3092 in
813 3030 910 3094 censu
924 3043 1077 3115 agunto,
1093 3038 1195 3098 lustro
1212 3028 1463 3113 confirmantur?
1524 3059 1525 3066 ο

213 3136 303 3202 Add.
317 3137 430 3222 Cujac.
449 3139 537 3201 otas.
551 3140 610 3200 ΙΙΙ.
622 3139 674 3202 22.
688 3143 732 3220 ⁰).

280 3261 284 3268 ’
789 3248 818 3328 §.
841 3248 892 3309 55.

702 3348 799 3399 Poeno
815 3348 989 3400 memorum.

298 3444 585 3524 Quemadmodum
599 3468 679 3510 vero
696 3469 810 3511 census
825 3449 994 3532 proprium
1003 3447 1060 3532 jus
1074 3457 1147 3512 erat
1162 3448 1280 3512 civium
1297 3448 1462 3512 Romano-

215 3573 302 3618 rum=
318 3553 365 3616 ita
381 3560 415 3617 et
430 3555 577 3638 graviter
590 3556 918 3620 animadvertebatur
931 3557 964 3619 in
985 3577 1053 3637 eos,
1073 3557 1130 3640 qui
1140 3554 1234 3618 illum
1252 3555 1464 3640 subterfugis-

216 3669 306 3743 sent,
330 3659 453 3744 quippe
475 3683 576 3746 quos,
599 3663 776 3747 publicatis
798 3665 910 3746 bonis,
933 3666 1128 3728 verberatos
1154 3664 1314 3747 veniisse,
1334 3664 1463 3726 tradunt

214 3769 354 3853 Dionys.
371 3767 450 3832 Hal.
464 3770 522 3831 IV.
536 3769 588 3835 22.
602 3771 670 3835 Cic.
680 3792 741 3854 pro
755 3774 796 3833 A.
813 3772 935 3836 Ooecs‘n.
946 3794 972 3834 c.
985 3771 1035 3834 34.
1051 3771 1185 3856 Ulpian.
1198 3773 1330 3854 Frogm.
1345 3771 1405 3832 XI.
1421 3767 1463 3830 ll.

216 3877 294 3955 Qua
308 3876 391 3938 inre
405 3876 571 3940 fictionem
585 3880 760 3963 quamdam
772 3879 1006 3962 intercessisse,
1024 3900 1122 3963 supra
1131 3879 1274 3944 diximus
1283 3879 1326 3942 ad
1338 3877 1463 3941 titulum

216 3985 253 4045 de
264 3988 378 4066 capitis
396 3985 604 4049 deminutione
606 3987 658 4068 ,§.
673 3987 703 4050 3.

794 4097 822 4177 §.
845 4095 895 4158 56.

674 4194 725 4247 Jus
742 4213 798 4246 mss
770 4195 850 4246 iiltiae
837 4195 1012 4265 motionum.

300 4285 482 4350 Alterum
466 4307 521 4370 Jus
542 4285 684 4350 civitatis
702 4287 875 4350 Romanae
897 4299 969 4352 erat
991 4304 1051 4352 ωε
1069 4303 1234 4350 nnuman.
1256 4284 1367 4364 Quum
1385 4282 1473 4344 enim'

287 4443 393 4508 0)Est
415 4445 467 4495 hoc
492 4443 671 4508 fragmentum
698 4443 768 4495 Dos
769 4444 896 4495 theanum
921 4445 1086 4495 demonum
1077 4441 1192 4494 snomb
1216 4442 1295 4508 §.fio
1319 4437 1427 4490 -Vid
1444 4439 1465 4484 et

221 4541 291 4594 quse
304 4526 338 4578 dc
355 4528 580 4579 suovetaurilium
592 4528 645 4586 ritu
663 4527 778 4596 ejusque
795 4533 823 4580 et
841 4528 946 4594 origiue
963 4533 991 4580 et
1002 4528 1113 4581 interitu
1132 4528 1254 4593 disputat
1262 4523 1397 4579 Huschke
1413 4522 1465 4574 Ver·

211 4609 282 4678 sass.
302 4609 326 4662 d.
347 4609 421 4664 serv.
444 4609 514 4664 Tull.
534 4626 559 4676 p.
578 4615 638 4665 581.
656 4628 697 4681 sq.
715 4615 750 4666 ct.
769 4613 834 4667 ibid.
853 4629 880 4679 p.
901 4618 958 4668 130.
976 4620 1033 4667 not.
1053 4618 1096 4667 38.
1115 4612 1201 4666 Mitti.
