3056 5154
295 361 352 430 lln
377 358 548 430 Oenrcnn.
574 363 680 448 Qasr
704 361 758 433 Ex
782 365 940 436 Dsnrcro
968 379 1033 438 eto.
1220 375 1293 446 609
1369 385 1375 396 “

25 533 193 598 adhibitis
214 539 368 604 testibus:
384 539 420 601 L.
436 538 467 602 3.
483 541 524 600 D.
540 541 579 603 de
592 542 701 623 bugin.
722 539 777 604 Ad
795 561 892 626 quem
909 563 1032 608 rnorem
1057 545 1217 612 adludens
1233 566 1291 614 suo

25 663 128 706 more
145 642 284 710 Plautus
298 645 431 708 Mercot.
445 648 515 708 Act.
531 647 591 710 III.
606 669 648 710 sc.
663 648 694 712 4.
709 669 737 711 o.
751 648 802 712 78.
819 669 883 732 sqq.

165 767 293 830 certum
314 776 363 829 est
377 788 571 850 praeconum
585 771 701 852 jubere
714 774 795 852 jam,
818 785 969 854 quonium
991 786 1037 837 est
1059 779 1232 851 condurses,

166 875 230 951 Qui
247 875 333 937 illem
353 879 556 958 investigent,
579 882 637 957 qui
653 882 830 952 obveniant,
847 889 920 961 poet
943 881 987 942 od
1005 885 1191 945 Praetorem
1214 887 1291 948 ellico

161 981 224 1055 llo,
246 984 349 1056 orcle,
371 992 406 1044 ut
427 986 648 1063 conquisitores
670 987 724 1046 det
745 987 822 1047 mili
838 991 871 1047 in
892 990 965 1048 oicsb
987 990 1152 1066 morbose

161 1088 248 1150 Nom
269 1090 345 1151 milii
362 1091 441 1151 nilsil
461 1092 563 1172 relicti
581 1093 749 1172 quidquam
771 1093 861 1154 uliud
873 1095 945 1175 jum
967 1115 1035 1156 esse
1056 1099 1210 1179 intellego.

25 1211 261 1289 Quamobrem
284 1233 393 1275 errare
423 1213 562 1296 putarim
588 1213 674 1277 viros
699 1213 834 1297 doctos,
858 1215 914 1300 qui
937 1213 1023 1278 bunc
1046 1216 1158 1281 Plauti
1181 1216 1290 1282 locum

25 1318 76 1382 ad
92 1318 341 1402 inquisitionem
359 1340 430 1381 cum
448 1319 546 1382 lance
562 1330 596 1384 et
615 1320 696 1384 licio
715 1321 874 1404 referunt,
891 1344 987 1407 quam
1000 1325 1071 1408 jam
1094 1324 1287 1409 abrogatam

25 1426 134 1489 fuisse
151 1424 206 1488 vel
222 1425 300 1489 inde
316 1434 420 1510 patet,
434 1426 524 1512 quod
545 1447 612 1490 non
632 1428 704 1512 ipse
720 1429 872 1512 privatim
892 1451 961 1492 rem
984 1429 1136 1495 furtivam
1155 1453 1212 1497 seu
1231 1455 1292 1496 an-

25 1534 145 1598 cillam
163 1534 336 1597 abductam
355 1533 526 1618 requirere
541 1535 643 1598 audet
658 1533 826 1619 Eutychus
846 1535 905 1600 ille
924 1538 1114 1620 Plautinus,
1131 1539 1188 1602 sed
1212 1559 1290 1603 con·

25 1641 212 1726 quisitores
228 1663 248 1702 a
264 1641 426 1704 Praetore
446 1648 563 1724 petere
578 1641 703 1705 ¹statuit.
727 1643 804 1706 Non
820 1653 929 1707 tamen
949 1645 982 1708 in
1005 1647 1189 1709 universum
1207 1669 1291 1710 eno-

25 1750 164 1812 leverat
187 1749 322 1833 antiqua
341 1748 400 1811 illa
417 1750 617 1815 observatio.
643 1750 801 1826 Quamvis
817 1752 903 1814 enim
917 1773 980 1816 nec
994 1754 1074 1816 nudi
1088 1753 1290 1818 incedebant

26 1855 292 1941 conquisitores,
314 1875 377 1918 nec
398 1856 515 1920 faciem
536 1861 713 1941 tegebant:
735 1858 804 1920 licii
827 1869 936 1922 tamen
962 1867 997 1923 et
1016 1859 1120 1923 lancis
1140 1883 1213 1924 usus
1234 1861 1289 1924 vel

26 1965 65 2026 in
88 1962 297 2047 antiquitatis
316 1965 505 2026 memoriam
523 1961 723 2028 servabatur.
745 1965 907 2031 Dominus
925 1967 1289 2052 enim,eonquisitores

29 2071 226 2151 comitatus,
241 2069 321 2132 licio
337 2071 498 2135 incinctus
513 2071 734 2156 procedebat,
752 2075 835 2136 etin
854 2074 950 2139 lance
967 2076 1180 2160 praeferebat
1203 2075 1290 2138 indi-

27 2179 120 2241 cium
143 2185 175 2241 et
197 2178 313 2254 fidem3
337 2200 447 2264 eoque
468 2181 637 2262 pertinere
659 2181 794 2241 omnino
817 2181 950 2245 videtur
966 2183 1058 2246 locus
1080 2183 1231 2272 Petronii
1255 2184 1290 2246 in

28 2289 158 2348 Sotr'rr‘c.
180 2284 253 2371 [*o.
271 2287 322 2348 97.
340 2287 381 2350 ab
398 2287 495 2351 initio
514 2309 548 2368 p.
567 2286 638 2348 597.
656 2285 737 2372 sqq]
754 2290 840 2349 Dum
859 2288 1034 2370 Eumolpus
1051 2311 1122 2350 cum
1145 2291 1291 2380 Bergule

26 2399 63 2456 in
82 2404 204 2457 secroto
223 2395 367 2474 loquitur,
387 2399 489 2458 inlrot
510 2395 669 2457 stabulum
682 2413 800 2476 praeco
821 2415 891 2456 cuns
911 2416 999 2458 seruo
1013 2396 1151 2477 publico,
1167 2398 1291 2478 alioque

26 2523 111 2562 sone
125 2493 244 2562 nso'ds'co
252 2502 455 2582 frequentia,
465 2504 635 2584 fecemque
644 2503 807 2580 fumosam
822 2506 925 2584 magis
940 2522 1033 2584 quern
1049 2504 1183 2566 lucillam
1198 2524 1292 2585 qnos-

26 2630 110 2671 sans
126 2609 201 2670 boec
216 2610 438 2690 proclamavit:
459 2610 549 2672 Puer
563 2612 596 2670 in
609 2610 718 2672 balneo
731 2611 841 2690 paullo
857 2621 932 2674 onte
951 2612 1120 2682 oberravit,
1135 2631 1290 2674 unitorum

27 2718 118 2776 circa
134 2713 224 2776 XVI.
243 2720 380 2799 crs'spue,
395 2718 510 2789 mollis,
517 2719 697 2797 formosus,
718 2722 841 2780 noms'rse
860 2719 973 2780 Gitone
995 2722 1027 2780 si
1043 2723 1112 2800 quis
1130 2739 1200 2780 euns
1216 2717 1290 2780 red-

28 2825 124 2896 olere,
148 2831 205 2884 unt
225 2833 468 2886 commorsetrcre
497 2826 643 2895 coluerit,
666 2826 794 2903 acupiet
820 2845 930 2886 numos
954 2827 1045 2886 nulle.
1067 2825 1137 2886 Nec
1159 2826 1252 2906 longo
1269 2844 1290 2886 a

26 2949 188 3012 praecone
206 2932 349 3010 Ascyltos
372 2931 476 2993 stabat
495 2933 627 2992 amiotus
646 2949 846 2992 orscononrn
866 2950 994 3006 unsre,
1011 2939 1106 3012 etque
1125 2934 1158 2992 in
1177 2949 1290 2992 nancte

29 3044 190 3119 argenteo
204 3038 351 3100 indicium
365 3048 396 3100 et
403 3039 505 3121 fldem
519 3036 726 3120 praeferebat
736 3041 789 3116 n¹).
810 3035 951 3100 lllustris
963 3060 1041 3101 sane
1063 3037 1164 3102 locus.
1181 3034 1287 3098 Vide-

30 3166 104 3208 mus
125 3142 179 3206 hic
201 3165 327 3206 seruum
341 3147 515 3226 pullicum,
539 3165 636 3230 quern
658 3143 914 3228 conquisitorem
936 3143 1073 3208 Plautus
1094 3151 1288 3206 vocaveratz

29 3252 185 3316 videmus
205 3272 409 3334 praeconem,
433 3252 565 3336 qualem
589 3259 623 3315 et
643 3249 811 3333 Eutychus
833 3249 893 3312 ille
914 3249 1088 3314 Plautinus
1113 3271 1185 3312 sese
1209 3271 1289 3312 con-

30 3361 206 3424 ducturum
228 3359 350 3443 ajebat.
372 3359 533 3423 Videmus
555 3359 649 3443 pueri
672 3359 783 3421 furtim
805 3357 963 3420 subtracti
985 3359 1155 3432 dominum,
1170 3355 1289 3441 Ascyl-

30 3479 111 3550 ton,
128 3489 200 3530 cum
216 3468 378 3529 discoloria
393 3477 491 3540 veste,
506 3465 542 3530 id
558 3475 624 3550 est,
640 3470 718 3540 lobio,
735 3473 770 3527 et
785 3487 856 3528 cnm
871 3469 977 3539 lance,
993 3484 1058 3549 qua
1072 3485 1138 3528 non
1155 3465 1289 3549 quidem
1396 3531 1400 3537 ,

30 3577 155 3640 faciem
176 3575 283 3637 veteri
301 3575 366 3638 ritu
380 3575 528 3659 tegebat,
547 3573 605 3637 sed
623 3576 786 3646 indicium,
802 3574 835 3638 id
853 3582 920 3655 est,
936 3563 1083 3654 silotrum,
1099 3572 1153 3636 vel
1170 3573 1289 3636 indici-

30 3705 97 3749 nae
131 3683 329 3766 praemium,
359 3692 393 3745 et
412 3685 513 3764 fldem
529 3683 688 3765 publi'oom
708 3681 930 3764 praeferebat.
958 3681 1119 3746 Videmus
1143 3681 1288 3765 denique

30 3793 186 3854 modicum
196 3791 431 3872 frequentiam,
447 3790 483 3853 id
503 3798 570 3872 est,
595 3796 714 3871 testes,
737 3811 819 3873 quos
837 3789 979 3852 Praetor
1000 3791 1034 3852 in
1060 3789 1137 3852 furti
1152 3789 1290 3874 inquIsi-

30 3903 130 3964 tione
152 3898 320 3980 exigebat.
342 3895 442 3962 Unde
466 3898 617 3964 dubitare
639 3919 706 3960 non
723 3916 910 3983 possumus,
926 3899 1005 3982 quin
1020 3905 1055 3959 et
1078 3903 1153 3980 post
1174 3893 1288 3979 legem
1337 3983 1339 3990 Ι

33 4043 333 4059 m

105 4114 149 4180 m)
169 4112 283 4179 Eripere
299 4100 374 4166 bunc
390 4111 513 4166 Petronii
530 4113 718 4167 locumnobis
737 4117 870 4165 conentur
886 4110 937 4165 viri
964 4109 1104 4175 dentice,
1123 4107 1289 4178 quodspud

30 4197 198 4252 Petronium
216 4211 271 4250 non
289 4211 333 4250 res
350 4198 457 4263 furtiva,
476 4197 524 4251 sed
543 4196 643 4250 amissa
655 4198 778 4276 quaesita
796 4197 839 4250 sit.
859 4197 913 4251 Sed
929 4200 1003 4250 salva
1017 4213 1060 4250 res
1076 4201 1125 4249 est.
1143 4191 1289 4257 Quaeritur
1370 4187 1372 4192 ’

32 4285 122 4338 Giton
141 4282 285 4350 fugitivus,
304 4289 352 4335 aut
375 4283 467 4349 potius
490 4283 581 4337 lurtim
605 4282 640 4334 ab
657 4283 711 4334 alio
739 4282 899 4334 subtractus.
926 4281 983 4334 Nec
1007 4280 1158 4346 praemium
1184 4282 1288 4330 tantum

31 4369 155 4422 offerunt
173 4365 371 4434 conquisitores
389 4367 481 4430 indici,
502 4369 549 4421 sed
568 4373 595 4420 et
611 4382 706 4420 omnes
724 4371 804 4422 cellas
822 4372 974 4436 pererrant,
993 4366 1051 4418 imo'
1067 4367 1138 4417 fores
1157 4379 1290 4430 oppessu-

31 4458 106 4508 latas
127 4451 305 4518 perfringunt,
317 4452 357 4506 uti
375 4469 411 4506 ex
428 4455 602 4522 sequentibus
617 4452 740 4507 Petronii
757 4452 846 4505 verbis
864 4456 946 4517 petet.
966 4451 998 4502 Id
1017 4464 1080 4501 vero
1099 4463 1164 4499 sane
1181 4453 1290 4500 nonest

32 4537 180 4592 hominum
198 4553 256 4590 rem
274 4537 401 4592 amissam
419 4541 618 4607 quaerentium„
633 4540 681 4592 sed
700 4538 919 4606 investigantium
941 4535 1075 4590 furtivam.
1094 4533 1173 4586 Hsin.

1054 4618 1097 4681 39
