3062 5164
229 405 301 470 306
588 397 770 464 domurn
794 395 870 462 lan.
897 393 922 462 l.
946 394 1033 463 Cre.
1060 393 1119 462 lV.

229 575 408 638 Praetores
427 581 555 658 esseut,
579 591 717 657 quornm
740 571 827 634 alter
845 570 971 636 civibus
983 571 1040 656 jus
1059 571 1212 653 dicebat,
1229 572 1317 636 alter
1333 573 1490 658 peregri-

231 683 296 746 nis:
314 681 479 745 Siciliain
494 681 687 766 provinciae
702 679 839 743 sormam
850 677 997 760 redacta,
1011 680 1144 744 tertius:
1156 701 1255 765 quum
1271 679 1400 744 deinde
1413 681 1490 744 Sar-

108 849 114 862 ,
231 790 324 854 dinia
338 788 529 872 adcederet,
545 796 697 874 quartus:
712 808 878 874 quumque
894 796 929 850 et
943 787 1177 872 Hispaniarum
1193 788 1278 853 duae
1292 789 1489 874 provinciae

232 905 343 961 esseut
364 897 581 978 constitutae,
598 897 731 982 quintus
754 905 789 959 et
804 904 915 960 sextus
937 894 1042 959 additi
1067 906 1155 979 suut,
1177 898 1233 982 qui
1254 897 1344 960 inter
1359 917 1396 959 se
1412 918 1488 980 pro-

231 1007 355 1069 vincias
377 1005 486 1069 sortiri
510 1003 680 1069 solebant:
700 1002 814 1068 Livius
833 1003 974 1066 XXVII.
988 1003 1040 1068 36.
1060 1012 1095 1067 et
1116 1004 1270 1066 XXXIV.
1286 1006 1339 1066 55.
1361 1005 1487 1068 Postea

231 1122 415 1200 coeperunt
433 1122 468 1177 et
484 1109 693 1195 Consulibus,
709 1113 736 1175 si
753 1111 886 1198 quando
902 1113 1034 1196 gravius
1048 1113 1233 1176 immineret
1246 1111 1393 1194 bellum,
1408 1135 1487 1196 pro-

231 1223 361 1286 vinciae
378 1219 531 1304 decerni,
550 1221 638 1285 uude
656 1219 744 1284 aliae
762 1219 955 1304 provinciae
970 1221 1160 1284 Praetoriae
1176 1229 1280 1302 eraut,
1299 1220 1390 1285 aliae
1409 1223 1485 1282 Con-

230 1333 373 1394 sulares:
394 1331 466 1394 Liv.
492 1329 579 1391 VIII.
601 1327 653 1392 22.
679 1329 780 1391 XLV.
798 1329 849 1391 17.
875 1351 917 1392 ex
939 1330 1058 1415 quibus
1081 1327 1164 1394 locis
1187 1335 1297 1415 patet,
1323 1329 1484 1392 Consules

230 1449 308 1502 tune
326 1435 380 1503 vel
394 1437 482 1503 inter
497 1457 532 1502 se
547 1457 753 1522 comparasse
767 1437 968 1522 provincias,
985 1435 1040 1501 vel
1056 1437 1188 1502 sortitos
1205 1460 1286 1501 esse.
1302 1437 1402 1501 Conl'.
1417 1437 1483 1500 Liv.

230 1547 386 1611 XXXIV.
400 1547 451 1611 35.
478 1533 642 1610 Solebant
662 1555 773 1610 tamen
793 1545 975 1632 aliquando
997 1547 1191 1631 provinciae
1209 1568 1272 1609 nec
1291 1545 1480 1632 comparari,

229 1675 292 1719 nee
307 1664 413 1738 sorte,
429 1656 488 1720 sed
497 1654 628 1741 judicio
645 1653 785 1717 Senatus
808 1653 967 1739 populive
985 1655 1119 1718 decerni
1137 1653 1352 1736 Consulibus,
1375 1663 1413 1720 ut
1428 1655 1481 1718 do-

230 1773 308 1828 cent
330 1764 485 1848 exempla
507 1763 595 1848 apud
617 1762 691 1826 Liv.
714 1763 886 1825 XXXVII.
906 1763 935 1824 1.
950 1763 1064 1825 XXX.
1084 1763 1136 1826 27.
1155 1763 1294 1825 XXXV.
1308 1761 1360 1825 20.
1392 1763 1477 1825 Nou-

230 1893 404 1956 numquam
424 1872 573 1957 utrisque
596 1871 770 1955 prorogari
792 1869 923 1934 solebat
938 1871 1126 1956 imperium;
1151 1879 1187 1934 et
1200 1879 1279 1934 tune
1294 1872 1480 1954 Propraeto-

228 2001 281 2043 res
304 1979 359 2042 vel
376 1981 586 2043 Proconsales
609 1978 805 2043 dicebantur
819 1983 862 2060 ¹),
886 2002 1023 2064 quorum
1043 1980 1093 2043 illi
1115 2002 1174 2043 sex
1194 1979 1379 2062 lictoribus,
1399 1979 1480 2042 toti-

229 2087 372 2174 demque
402 2089 588 2171 securibus,
613 2085 649 2149 hi
671 2087 846 2150 duodecim
870 2088 1055 2152 utebantur.
1090 2087 1167 2166 Qua
1189 2087 1231 2151 de
1252 2110 1290 2151 re
1312 2088 1480 2172 Appianus

229 2195 353 2279 Syriae.
364 2218 389 2258 e.
396 2195 446 2258 15.
461 2193 614 2279 Σιρατιᾶν
628 2199 659 2270 ἒς
672 2191 822 2271 ἅπαντας,
840 2196 1012 2279 ἐφεδρεύειν
1026 2201 1186 2282 εἰρηνικῶς
1201 2197 1312 2276 αὐτοῖς,
1330 2200 1383 2262 καὶ
1398 2223 1480 2280 στρα-

178 2347 182 2356 ,
230 2301 342 2390 ιηγσῦς
357 2307 408 2370 ἐπὶ
426 2308 463 2397 τῇ
486 2307 612 2393 στρατιᾷ
628 2309 844 2389 περιέπεμπον,
863 2301 916 2380 οὓς
931 2304 1018 2376 αὐτοὶ
1034 2309 1182 2371 καλοῦσιν
1200 2306 1412 2383 {tunel-ineos,
1428 2295 1479 2380 liu,

232 2419 292 2479 τῶν
315 2409 441 2480 ὑπάτων
465 2411 604 2478 δυώδεκα
630 2413 790 2478 πελέκεσσι
812 2414 863 2476 καὶ
887 2409 1026 2477 δυώδεκα
1046 2411 1189 2498 ῥάβδοις,
1214 2409 1315 2496 ὥσπερ
1339 2419 1369 2478 οἱ
1388 2411 1479 2478 πάλαι

228 2522 381 2608 βασιλεῖς,
400 2524 567 2606 χρωμένων,
585 2517 620 2585 τὸ
642 2513 735 2605 ἥμισυ
760 2523 814 2606 τῆς
836 2517 989 2596 ἀξιώσεῶς
1006 2526 1069 2586 ἐστι
1091 2520 1194 2586 ’τοῖσδε
1216 2535 1279 2596 τοῖς
1295 2535 1479 2606 στρατηγοῖς,

229 2626 339 2694 καὶτὰ
359 2628 471 2713 ἡμίσεα
488 2623 664 2713 παράσημα.
692 2630 731 2690 In
747 2649 851 2690 omnes
869 2631 1048 2709 proer‘ncias
1069 2634 1223 2692 miserunt
1243 2633 1416 2704 euarestus,
1431 2631 1480 2710 qni

222 2744 340 2820 pacate
360 2757 415 2798 eas
436 2737 639 2799 observarent
645 2747 667 2807 ,·'
679 2744 711 2797 et
729 2757 799 2798 cum
822 2737 1007 2798 exercitibus
1031 2741 1235 2819 Imperatores
1249 2760 1321 2800 cum
1336 2743 1419 2801 senas
1437 2759 1476 2800 se

228 2845 369 2919 carabus,
390 2863 466 2925 quos
481 2843 652 2906 Praetores
673 2835 807 2917 vocant,
822 2847 890 2925 qni,
906 2853 943 2905 ut
963 2849 1104 2928 iusignia
1122 2835 1290 2909 Oormulm
1313 2847 1477 2916 diminuta,

229 2955 274 3014 aa
296 2953 458 3034 dignitatis
479 2972 600 3034 quoque
625 2973 663 3013 aa
685 2955 852 3034 potestatis
874 2953 989 3014 liabent
1010 2953 1180 3015 debentium.
1218 2956 1369 3017 Consules
1392 2959 1476 3024 eninr,

229 3066 267 3121 ut
283 3061 354 3121 attin
373 3075 474 3142 reges,
490 3059 651 3122 duodecim
672 3059 833 3122 securibus
851 3067 881 3121 et
900 3059 1060 3123 duodecim
1071 3061 1217 3142 fascibus
1230 3071 1376 3125 utuntur.
1395 3061 1476 3125 Add.

229 3163 396 3230 Plutarch.
411 3169 476 3228 etta
490 3166 605 3229 Paulo·
614 3188 639 3228 o.
654 3165 684 3227 4.

815 3397 823 3412 .
844 3351 917 3414 106.

388 3466 464 3520 Nera
481 3468 682 3536 maputretrturu
693 3352 898 3536 mandabunt
914 3470 1022 3522 nomine
1038 3470 1086 3524 ead
1102 3471 1324 3541 Imperatorum.

312 3566 491 3651 Postquam
507 3569 694 3652 provincias
709 3589 781 3631 cum
803 3569 927 3633 Senatu
951 3569 1064 3635 divisit
1078 3571 1264 3657 Angustus,
1282 3573 1353 3637 alia·
1365 3573 1474 3637 sensim

298 3821 326 3888 r)
347 3823 389 3876 lta
406 3837 466 3874 sese
483 3839 526 3878 res
544 3822 647 3889 hebuit,
666 3825 834 3892 temporibus
852 3824 1064 3894 antiquissimis:
1084 3827 1243 3897 primusque
1267 3829 1361 3892 Coss,
1378 3827 1424 3882 eui
1445 3825 1476 3879 ita

228 3913 404 3973 prorogatum
422 3907 575 3973 imperinm,
593 3915 636 3961 est
653 3909 687 3972 Q.
700 3909 836 3962 Publilius
848 3911 943 3964 Philo:
962 3911 1021 3966 Liv.
1041 3914 1119 3967 VIII.
1130 3919 1172 3967 26.
1184 3915 1283 3983 influe.
1298 3914 1375 3966 Idem
1389 3919 1476 3981 postea

228 3992 337 4058 saepius
356 3994 457 4044 lactum
474 4006 535 4046 esse
553 3993 651 4046 docent
668 3997 793 4061 exempla
808 3998 882 4062 apud
901 3997 961 4050 Liv.
983 3998 1104 4052 XXIX.
1126 4003 1166 4051 13.
1181 3999 1312 4050 XXXV.
1324 4004 1349 4052 6.
1368 4006 1397 4052 et
1410 3997 1476 4051 alibi.

228 4075 335 4130 Deinde
353 4081 381 4128 et
399 4075 418 4128 ii
437 4077 566 4131 Proooss.
585 4077 639 4131 diei
657 4088 805 4147 coeperunt
824 4085 851 4133 ct
869 4083 1022 4144 Praetores,
1041 4083 1097 4150 qui,
1108 4083 1190 4135 nullis
1203 4088 1283 4135 antea
1300 4082 1387 4149 gestis
1399 4081 1475 4148 magi·

225 4158 366 4226 stratibus,
384 4161 420 4213 ad
439 4162 539 4217 bellum
557 4166 706 4232 gerendum
724 4167 878 4220 missisunt
893 4165 921 4219 in
939 4167 1114 4234 provinciam.
1133 4168 1229 4231 Qualis
1243 4161 1362 4221 Procas.
1381 4169 1433 4222 tuit
1449 4169 1475 4220 P.

229 4246 373 4300 Cornelius
385 4246 493 4316 Scipio:
506 4250 565 4304 Lis.
579 4252 694 4304 XXVI.
707 4255 746 4306 18.
760 4255 925 4318 Propraetor
937 4254 968 4308 C.
981 4253 1125 4308 Octavius:
1144 4253 1202 4306 Cio.
1214 4253 1336 4321 Philipp.
1349 4254 1409 4306 IX.
1422 4257 1474 4307 ct.

226 4333 300 4386 Suet.
323 4331 413 4387 Oetae.
432 4339 510 4390 σ.10.
535 4337 637 4390 Postea
661 4335 787 4400 involuit,
807 4344 837 4390 ut
860 4339 1022 4407 quotannis,
1049 4344 1195 4408 numquam
1212 4337 1278 4390 novi
1298 4339 1437 4394 Consules
1453 4345 1476 4390 et

226 4417 372 4470 Praetores
392 4415 604 4488 designarentur,
623 4421 778 4487 provinciae
796 4423 866 4475 dnae
884 4423 1058 4488 Consulibus,
1070 4430 1098 4477 et
1115 4423 1235 4493 reliquae
1247 4425 1427 4476 Praetoribus
1439 4425 1474 4476 lu·

226 4499 295 4552 turis
313 4503 528 4572 decernerentur,
546 4522 614 4576 quos
632 4504 673 4560 illi
691 4505 825 4574 designati
841 4509 884 4559 vel
903 4507 1072 4572 sortirentur,
1090 4511 1133 4562 vel
1147 4510 1218 4562 inter
1235 4523 1264 4561 se
1282 4513 1474 4574 compararent,

224 4585 341 4640 attrito
350 4589 510 4654 magistratu
521 4591 550 4644 in
562 4607 608 4644 eas
618 4591 865 4658 proficiscerentur:
881 4590 974 4658 Sigon.
984 4593 1015 4645 de
1025 4596 1229 4666 entjrrnproo.
1244 4594 1283 4646 II.
1291 4612 1318 4662 p.
1331 4598 1389 4647 126.
1400 4593 1472 4646 Heia.
