3056 5168
689 547 1134 634 mmmm=

451 775 454 780 ,
856 729 892 768 ..

356 908 358 916 .
453 801 1288 932 sanlsnnulouluus.
1369 913 1373 924 ,

331 1011 431 1076 Τοτο
450 1011 547 1076 coelo
564 1035 583 1076 a
602 1013 666 1077 fori
683 1015 786 1078 nostri
805 1035 866 1077 usu
883 1012 982 1078 distat
998 1022 1092 1079 vetus
1107 1029 1372 1078 samsuamouun
1385 1017 1451 1097 ratio,

248 1121 332 1185 de
306 1140 371 1206 qua
386 1119 547 1216 quaedam
571 1141 613 1184 ex
629 1119 880 1207 antiquitatibus
897 1143 1032 1185 monere
1043 1123 1156 1206 juvat,
1174 1121 1232 1184 sed
1253 1143 1365 1238 pauca:
1383 1143 1452 1206 quun

244 1229 431 1314 pleraque
421 1249 493 1312 1pse
507 1228 694 1314 Imperator
709 1237 909 1314 exsequutus
925 1228 966 1292 sit
980 1233 1024 1311 ⁸).

851 1378 911 1442 .1.
1003 1400 1009 1418 ¹

729 1378 898 1546 ‘maiam
916 1493 996 1564 queat

331 1593 525 1658 Samsnnnu
545 1593 786 1658 iureconsultis
808 1602 872 1675 est,
889 1593 974 1657 datis
996 1591 1244 1678 fidejussoribus
1259 1613 1380 1656 cavere:
1397 1591 1425 1652 Ι.
1435 1590 1454 1652 1.

246 1703 288 1764 D.
305 1702 487 1777 Qm’sata’sd.
504 1711 668 1785 cogantur,
689 1702 836 1786 quamvis
851 1700 1031 1783 aliquando
1052 1700 1173 1765 latiore
1190 1698 1340 1764 vocabuli
1354 1699 1453 1760 notione

247 1816 282 1871 et
302 1806 453 1892 reliquae
479 1808 649 1871 cautiones
670 1807 920 1871 satisdationem
941 1809 1076 1872 nomine
1097 1808 1254 1870 veniunt:
1276 1807 1312 1868 L.
1328 1803 1371 1868 61.
1386 1805 1453 1866 aa
1493 1849 1494 1856 .

250 1913 286 1975 V.
305 1915 339 1976 S.
358 1915 395 1976 L.
413 1913 464 1976 21.
484 1915 512 1995 8.
526 1913 556 1977 2.
579 1917 619 1976 D.
636 1916 675 1976 de
692 1917 812 1978 Petam.
834 1925 929 1978 const.
950 1919 985 1978 L.
1001 1916 1051 1978 49.
1067 1917 1108 1979 D.
1128 1916 1166 1977 de
1181 1918 1280 1978 Salat.
1294 1915 1335 1994 b).
1353 1913 1386 1974 Et
1397 1929 1450 1971 sane

246 2021 382 2105 ignotae
407 2023 575 2085 veteribus
603 2022 702 2084 fnisse
724 2019 880 2085 videntur
910 2002 1080 2087 cautiones
1103 2022 1159 2086 vel
1180 2044 1244 2107 per
1263 2020 1396 2106 pignora,
1415 2015 1454 2079 vei
1493 2059 1494 2070 .

245 2150 308 2214 per
321 2129 565 2214 jusjurandum,
592 2127 647 2193 vel
673 2150 735 2214 per
763 2129 882 2193 nudam
912 2131 1160 2213 promissionem
1190 2129 1380 2214 praestitae,
1397 2143 1454 2208 quae
1493 2115 1494 2120 ’

244 2245 356 2300 tamen
372 2215 489 2320 postea
511 2237 611 2302 etiam
632 2237 666 2302 in
683 2257 742 2300 usu
761 2257 832 2300 esse
851 2247 1044 2321 coeperunt,
1064 2246 1101 2301 ut
1117 2235 1160 2300 ex
1175 2238 1267 2299 tituto
1283 2235 1375 2298 eodem
1388 2235 1455 2314 Dige-
1493 2263 1494 2268 κ

245 2352 365 2406 storum
384 2343 532 2428 adparet.
588 2335 590 2341 ¹
1493 2345 1494 2354 ¹

828 2470 858 2552 s·
878 2467 909 2531 2·
1151 2551 1154 2555 ,

459 2581 643 2637 Summam}
659 2601 787 2654 peanum
797 2584 889 2652 faerit
906 2585 975 2639 ratio
992 2585 1020 2638 ia
1028 2584 1141 2654 Jaa'at's
1157 2582 1295 2656 realibus!

330 2683 518 2767 Distingui,
535 2683 625 2768 quod
640 2684 683 2746 ad
704 2665 951 2748 satisdationem
975 2685 1104 2767 attinet,
1121 2683 1255 2748 solebat
1270 2685 1353 2746 inter
1365 2676 1454 2765 judicia

246 2807 284 2854 ΙΝ
305 2807 394 2872 REM,
423 2798 457 2853 et
481 2807 519 2853 m
539 2805 729 2854 nassonem.
759 2790 900 2869 Quoties
921 2809 1050 2856 nanum
1075 2791 1256 2874 agebatur,
1279 2785 1454 2854 satisdandum

247 2905 319 2959 erat
333 2896 359 2958 Ι.
374 2919 394 2959 a
412 2915 599 2980 possessore
608 2922 619 2972 ;
639 2899 747 2982 quod,
763 2899 789 2962 si
805 2900 909 2963 victus
925 2897 1030 2978 esset,
1052 2919 1115 2960 nee
1129 2918 1197 2961 rem
1222 2899 1325 2983 ipsam
1343 2885 1455 2959 restitue·

246 3011 307 3081 ret,
326 3025 389 3065 nec
410 3003 477 3066 litis
493 3005 766 3087 aestimationem,
782 3016 929 3092 potestas
946 3007 1056 3070 futura
1076 3006 1119 3068 sit
1140 3006 1282 3090 petitori
1297 3014 1349 3068 aut
1364 3015 1455 3064 cuneo

246 3109 385 3193 agendi,
402 3117 544 3174 autenm
568 3105 813 3198 fidejussoribus
831 3117 918 3200 ejus,
940 3135 1025 3199 quae
1048 3113 1219 3176 satisdatio
1236 3098 1346 3176 uocari
1364 3104 1456 3171 solebat
1493 3099 1494 3104 ’

246 3219 441 3281 suetonium
470 3235 581 3283 souvlz
602 3225 705 3302 prino.
726 3221 804 3283 last.
825 3223 853 3282 Ιι.
875 3231 895 3283 t.
934 3220 1023 3298 Quin
1049 3218 1138 3282 idem
1164 3239 1334 3303 possessor
1357 3212 1454 3279 cavebat

247 3326 347 3387 etiam
363 3325 448 3390 datis
470 3326 724 3414 fidejussoribus,
739 3327 822 3391 nibil
841 3348 875 3390 se
892 3329 1037 3392 deterius
1055 3329 1089 3390 in
1106 3326 1314 3410 possessione
1330 3325 1451 3389 faama

249 3465 553 3484 mun—ann.-
567 3483 570 3488 Ι

292 3546 347 3613 )
361 3546 472 3610 Duplex
482 3552 541 3600 erat
544 3546 717 3615 Judmsahum
726 3551 884 3604 caudunum
894 3549 1114 3616 apudRomauos
1122 3563 1261 3602 summum
1270 3563 1361 3615 genus.
1370 3543 1494 3597 naemu

142 3703 147 3712 Ι
248 3643 350 3693 mrum,
376 3645 446 3698 quae
470 3633 505 3684 ad
525 3633 698 3698 suscipienda
721 3634 834 3700 judicia,
859 3637 974 3687 atterum
991 3649 1037 3688 eas
1060 3637 1253 3700 complectens,
1272 3647 1341 3702 quae
1355 3629 1385 3681 ad
1398 3613 1494 3688 ΙΡΗΗ

248 3727 347 3767 rems.
364 3730 476 3767 oausam
492 3715 521 3768 in
535 3715 670 3782 judicium
689 3716 833 3770 deduotam
851 3720 1018 3786 spectabant.
1036 3720 1079 3771 De
1096 3719 1187 3784 priore
1200 3733 1299 3784 genere
1311 3713 1389 3781 GaJus
1398 3703 1460 3774 loqu

247 3803 291 3850 tur
310 3799 358 3852 tv.
376 3800 557 3866 8184-187.
576 3805 603 3850 et
625 3802 738 3854 adfatim
755 3819 772 3856 a
796 3804 876 3856 nobis
895 3805 1052 3870 expositum
1071 3807 1114 3854 est
1131 3817 1215 3868 supra
1234 3800 1346 3852 uiavl.
1359 3795 1405 3860 huj
1419 3783 1460 3841 ¹¹bn

247 3887 304 3936 not.
322 3899 345 3937 e.
362 3885 440 3950 adt.
452 3888 492 3937 19.
508 3884 580 3936 Nam
598 3884 646 3951 qui
664 3888 750 3939 acturi
767 3890 852 3952 erant,
872 3891 974 3942 nuttam
992 3887 1143 3956 antiquitus
1153 3886 1269 3958 judieii
1270 3881 1461 3947 ecstasapraetiare

223 3969 400 4023 ‘cautionem
418 3983 528 4020 neeesse
544 3968 687 4022 habebant.
708 3971 773 4037 (Jus
792 3988 901 4037 novum,
917 3975 993 4042 quod
1011 3975 1093 4041 hujus
1111 3972 1176 4024 loei'
1177 3985 1232 4023 non
1244 3975 1287 4021 est
1300 3965 1410 4033 pluribus
1420 3971 1461 4022 ΡΗ·

198 4061 200 4071 ⁴
249 4052 336 4121 sequi,
348 4052 550 4118 descripserunt
564 4053 701 4108 Zimmern
717 4057 792 4108 nam.
806 4059 889 4110 Prae.
903 4075 929 4124 p.
943 4064 1003 4112 441.
1016 4065 1043 4110 et
1058 4059 1222 4110 Bethmann-
1224 4055 1348 4116 Hoilweg
1361 4041 1461 4100 Gertetta

173 4129 178 4142 ⁸
248 4137 316 4236 pers.
328 4137 521 4190 dessinbendea
529 4135 611 4190 'Dim
608 4141 769 4206 Reicdsp.
781 4144 856 4208 255.)
882 4144 926 4195 De
941 4143 1026 4194 altero
1037 4159 1135 4208 genere
1149 4137 1325 4204 intelligenda
1339 4137 1402 4192 sunt,
1414 4135 1463 4193 qm

248 4220 277 4274 in
295 4225 346 4274 hoc
362 4221 593 4286 tituloieguntur,
617 4229 644 4274 et
667 4227 740 4290 apud
760 4227 860 4292 Gajum
882 4228 930 4280 lv.
948 4227 969 4294 8.
982 4231 1049 4283 88-
1054 4230 1110 4279 102.
1129 4227 1166 4276 Iit
1183 4223 1265 4288 hujus
1284 4233 1387 4289 quoque
1402 4221 1462 4273 θῐΡΗ

249 4307 331 4359 uendi
349 4304 454 4360 occasio
470 4306 528 4370 jam
546 4307 690 4376 aliquoties
706 4309 786 4362 nobis
803 4311 894 4368 oblata
910 4318 959 4375 est,
972 4327 1058 4379 eaque
1070 4309 1113 4362 usi
1131 4321 1225 4361 sumus
1237 4293 1291 4357 Tit
1303 4299 1408 4364 111111
1421 4287 1462 4346 ibn

248 4388 316 4453 823
318 4391 413 4456 829
427 4390 447 4456 8.
459 4395 502 4443 36.
515 4397 541 4442 et
553 4395 610 4455 37
628 4393 663 4442 ad
682 4409 751 4467 quos
769 4397 844 4446 locos
862 4395 986 4461 ablegare
1003 4396 1130 4446 lectorem
1148 4387 1245 4445 iioebit.
1265 4387 1350 4440 Miitl.

317 4471 529 4537 maedam.
553 4477 699 4528 D.contra
722 4477 801 4530 facit:
825 4479 967 4533 iuml.
991 4478 1249 4544 pessumdaturus·
1276 4469 1408 4538 tegendam
1422 4471 1463 4512 191

248 4553 444 4618 satisfacturum
462 4558 566 4610 dudum
584 4565 625 4612 est
643 4553 873 4618 demonstratum:
891 4564 959 4616 nibil
972 4565 1025 4616 buo
1038 4562 1146 4616 facitL.
1158 4564 1201 4614 49.
1212 4557 1247 4610 D.
1269 4556 1349 4609 Cana
