3062 5156
197 357 268 425 198
336 431 340 441 ,
632 353 708 424 Lm.
728 356 759 424 l.
786 355 865 425 Tm.
892 331 1027 424 xxm.

196 527 270 592 to're
286 527 320 590 in
340 527 434 592 litem
449 529 759 612 interpretabimur?
776 532 939 596 Neutrum
956 549 1022 614 ego
1037 529 1149 593 facere
1173 528 1287 592 ausim.
1312 527 1448 591 Utrum·
1522 537 1523 610 ᾗ

198 657 263 719 que
279 635 366 700 enim
381 657 494 700 verum
508 637 651 719 videtur,
666 638 732 702 no'n
752 618 875 703 invitos
894 639 1060 720 accepisse
1079 645 1265 718 curatores,
1284 644 1319 699 et
1335 657 1448 698 omnes
1522 647 1523 686 1

177 751 308 822 ‘tamen
327 746 503 828 accepisse.
525 745 621 808 Prius
635 767 701 810 non
720 747 824 810 solum
839 746 1043 810 Justinianus
1060 745 1151 826 dicit,
1171 743 1232 807 sed
1247 743 1356 807 etalii
1372 743 1448 806 Jcti
1522 755 1523 782 ³

196 850 371 916 Antonino
386 853 538 936 juniores
559 855 768 918 confirmante
790 857 827 918 L.
848 855 900 919 13.
916 856 946 936 ἓ.
966 857 1022 917 ola
1040 854 1081 914 D.
1100 855 1139 914 de
1157 852 1227 916 rut.
1246 859 1278 914 ct
1294 871 1364 913 car.
1387 851 1448 911 dat.
1522 901 1523 904 ,

196 959 234 1020 J..
249 959 280 1020 2.
294 960 323 1040 §.
333 981 407 1040 psa.
427 970 457 1022 et
470 963 529 1023 alt.
547 963 590 1024 D.
609 963 672 1039 Qui
683 972 748 1043 pet.
764 973 822 1024 tut.
836 961 1007 1025 Posterius
1024 981 1067 1023 ex
1081 960 1192 1024 verbis
1211 959 1295 1025 Julii
1311 957 1450 1040 Capito-

198 1065 259 1130 lini
277 1065 399 1131 clarum
413 1075 473 1130 est.
496 1067 649 1132 Servavit
664 1070 779 1154 itaque
798 1071 929 1134 Marcus
945 1069 1134 1133 Antoninus
1149 1076 1245 1132 vetus
1260 1065 1345 1129 illud
1359 1065 1450 1148 prin-

100 1177 108 1196 '
197 1164 334 1256 c'ipium,
352 1181 535 1238 curatorem
555 1176 626 1240 dari
644 1185 801 1260 oportere
814 1199 881 1241 non
900 1178 1023 1259 invitis,
1045 1175 1103 1239 sed
1118 1175 1329 1260 petentibus:
1350 1179 1387 1235 at
1400 1172 1450 1234 in·
1522 1255 1523 1264 ἵ

196 1282 289 1346 venit
302 1291 413 1346 tamen
427 1282 570 1366 modum,
587 1306 653 1368 quo
669 1305 783 1347 omnes
797 1293 915 1369 petere
932 1292 1140 1368 cogerentur.
1161 1283 1239 1346 Non
1254 1282 1344 1366 prius
1363 1279 1449 1342 enim
1522 1287 1523 1342 l

131 1376 134 1390 ’
196 1409 303 1452 rerum
326 1411 453 1454 suarum
471 1391 787 1455 administrationem
806 1415 826 1455 a
843 1393 1007 1456 tutoribus
1029 1391 1237 1475 recipiebant
1254 1388 1451 1452 adolescen-
1522 1413 1523 1428 ¹

197 1496 270 1578 tuli,
292 1518 389 1579 quam
406 1499 520 1580 petitis
538 1500 792 1584 constitutisque
807 1501 1012 1564 curatoribus
1026 1505 1070 1580 ⁰).
1088 1497 1292 1562 Luculenter
1304 1496 1340 1559 id
1357 1501 1450 1580 patet

198 1625 241 1666 ex
259 1605 296 1666 1..
316 1603 366 1666 aa.
388 1605 423 1684 s.w
436 1605 466 1668 1.
480 1608 522 1668 J).
539 1609 578 1669 a
594 1610 723 1670 ..rama
740 1619 772 1670 a
783 1631 853 1690 per.
875 1618 932 1672 rur.
950 1609 989 1670 n.
1007 1607 1059 1669 as.
1077 1608 1105 1688 s.
1125 1608 1155 1670 1.
1174 1607 1240 1668 eoa.
1260 1607 1298 1668 n.
1315 1603 1369 1666 31.
1386 1604 1449 1665 aa.
1522 1587 1523 1598 '

195 1714 235 1794 J..
252 1711 281 1772 1.
302 1712 331 1792 §.
348 1713 405 1772 ult.
423 1714 468 1774 1)..
476 1714 517 1776 de
534 1715 610 1777 Min.
628 1716 723 1779 ,Sunt
730 1763 740 1798 ,
759 1717 816 1800 qui
836 1715 932 1778 nobis
955 1717 1136 1778 obvertunt
1156 1712 1312 1796 exempla
1334 1710 1449 1774 adole·
1522 1727 1523 1748 ¹

198 1828 357 1898 ruentum,
374 1819 430 1902 qui
446 1819 516 1882 sine
530 1829 714 1885 curatorum
727 1823 853 1886 auxilio
865 1843 918 1885 res
933 1843 1005 1886 suas
1023 1822 1177 1885 dicuntur
1192 1821 1449 1884 administrasse:
1522 1825 1523 1830 ’

197 1928 236 1990 1..
250 1927 327 2006 7.,§.
344 1927 375 1988 2.
391 1930 431 1989 Ι).
447 1929 486 1988 de
502 1930 581 1992 Min.
597 1932 635 1992 L.
650 1931 680 1993 3.
697 1932 730 1993 0.
749 1933 789 1992 de
802 1931 913 1992 Iar'rrt.
928 1939 1004 1992 rest.
1024 1930 1149 1994 Verum
1168 1928 1302 1992 ealoca
1320 1948 1390 1998 non
1409 1925 1450 1990 ad

191 2025 258 2121 jus,
275 2032 334 2097 sed
352 2034 394 2097 ad
414 2032 554 2118 factum,
573 2039 758 2121 pertinere,
777 2059 875 2102 nemo
895 2059 962 2101 non
983 2039 1085 2101 videt.
1109 2035 1193 2101 Nam
1213 2046 1248 2100 et
1262 2035 1450 2119 impuberes

111 2196 115 2212 ,
197 2142 377 2227 aliquando
397 2143 606 2226 negligentia
624 2166 756 2228 eorum,
776 2147 833 2230 qui
857 2155 984 2210 tutores
1008 2153 1125 2229 petere
1147 2145 1356 2225 debuissent,
1381 2143 1450 2204 sine
1522 2173 1523 2230 i

196 2250 386 2316 custodibus
403 2259 514 2334 erant,
542 2253 590 2316 uti
612 2275 655 2315 ex
679 2262 754 2318 toto
773 2257 863 2316 italo
884 2257 927 2315 D.
946 2256 1011 2333 Qui
1022 2263 1085 2336 pet.
1108 2261 1165 2315 tut.
1187 2256 1244 2314 sel.
1262 2272 1331 2313 aar.
1355 2249 1452 2314 colli·

198 2361 319 2446 gimus:
339 2380 402 2422 nec
426 2367 537 2444 tamen
560 2361 639 2424 inde
664 2363 826 2446 sequitur,
846 2370 882 2425 ut
904 2362 938 2424 in
954 2362 1097 2424 arbitrio
1119 2360 1327 2443 impuberum
1352 2358 1451 2420 fuisse
1522 2341 1523 2402 l

198 2467 436 2548 existimemus,
460 2469 530 2532 sine
554 2469 719 2558 tutoribus
744 2491 844 2553 agere
868 2469 1022 2551 mallent,
1038 2491 1079 2532 an
1102 2467 1294 2536 custodibus
1308 2467 1451 2529 subesse.

174 2574 268 2638 ·Sed
287 2574 382 2657 plura
401 2575 485 2639 hanc
500 2576 534 2639 in
550 2598 620 2639 rem
637 2577 740 2641 habes
757 2579 792 2640 in
811 2579 912 2640 Elem.
927 2575 1047 2639 nostris
1057 2579 1127 2659 jura
1142 2581 1199 2639 cab.
1217 2577 1246 2657 §.
1261 2573 1336 2637 271.
1353 2595 1399 2655 sq.
1418 2581 1451 2635 et

198 2683 233 2746 in
247 2685 468 2748 Additr‘onr'dus
482 2685 602 2748 nostris
618 2687 662 2748 ad
680 2687 770 2748 Vrbs.
787 2686 814 2765 §.
829 2685 860 2748 2.
879 2686 1001 2748 Iastia
1017 2694 1038 2747 t.
1050 2705 1083 2766 p.
1099 2683 1171 2746 116.
1185 2703 1230 2765 sq.
1245 2687 1291 2763 t).

802 2908 809 2924 .
830 2861 882 2923 10.
1522 2913 1523 2918 Ν

594 2977 666 3030 Oura
686 2863 817 3030 miseridia
835 2978 939 3046 quando
948 2977 1053 3046 finita?
1522 2941 1523 2982 l

280 3075 475 3139 Finiebatur
501 3080 626 3141 curatio
649 3081 814 3142 ‘minorum
840 3099 927 3140 anno
953 3077 1072 3141 aetatis
1096 3075 1209 3141 XXV
1237 3076 1452 3139 circumacto:

200 3171 277 3245 ala.
292 3184 320 3264 §-
334 3183 365 3246 3.
377 3185 418 3245 1).
432 3187 471 3246 de
485 3187 601 3248 Minor.
615 3186 724 3263 Quum
738 3185 825 3248 enim
840 3184 1066 3270 longissimum
1084 3185 1174 3248 vitae
1189 3185 1353 3247 humanae
1371 3192 1453 3246 tem-

199 3311 258 3375 pus
278 3298 408 3354 centum
427 3295 521 3357 annis
537 3294 842 3357 circumscriberent
862 3291 1101 3357 Jureconsulti:
1125 3293 1161 3354 L.
1176 3291 1228 3354 76.
1242 3295 1283 3354 D.
1299 3293 1339 3354 dc
1355 3293 1453 3354 suda.
1522 3291 1523 3344 l

269 3507 301 3574 o)
321 3509 389 3561 Erat
406 3514 433 3561 et
451 3509 520 3563 alius
538 3508 637 3562 modus
661 3511 777 3577 cogendi
794 3512 994 3578 adolescentes,
1012 3515 1043 3563 ut
1060 3515 1199 3562 curatores
1221 3511 1361 3574 peterent,
1381 3505 1454 3573 quod

198 3584 327 3646 nimirum
341 3594 375 3648 iis
390 3595 462 3648 actio
479 3602 506 3647 et
523 3595 695 3660 exceptioin
712 3598 772 3650 loro
790 3598 976 3664 denegaretur.
1003 3596 1100 3662 Neque
1117 3596 1189 3647 enim
1207 3599 1280 3646 stare
1297 3591 1327 3643 in
1348 3590 1454 3658 judicio

198 3683 324 3744 poterant
348 3680 407 3732 siue
424 3687 563 3734 curatore:
587 3682 619 3734 L.
640 3687 662 3733 1.
680 3682 701 3748 t.
719 3687 746 3735 2.
765 3685 800 3736 D.
819 3685 851 3736 dc
868 3683 975 3736 Arimin.
994 3689 1020 3732 et
1034 3697 1095 3748 per.
1114 3687 1161 3732 tut.
1178 3680 1211 3732 L.
1232 3684 1255 3731 1.
1273 3683 1299 3730 2.
1316 3681 1342 3729 3.
1365 3677 1394 3730 0.
1413 3675 1456 3746 qai
1522 3675 1523 3730 J

201 3762 271 3831 lcqr't.
286 3782 359 3832 pers.
376 3767 460 3817 stand.
478 3767 506 3816 r'n
515 3767 602 3835 judic.
620 3766 701 3818 Heia.
1280 3794 1287 3800 ·

269 3849 302 3915 p)
322 3851 347 3902 Α
364 3866 429 3902 vero
448 3851 528 3916 longe
546 3850 652 3903 aberrat
669 3851 842 3918 Heineccius,
863 3855 995 3919 sequutus
1009 3848 1137 3902 crustum
1149 3845 1289 3914 aliosque:
1309 3845 1390 3900 inviti
1405 3845 1455 3898 mi-
1522 3893 1523 3910 q

200 3945 282 3986 nores
300 3940 454 3987 curatorem
471 3949 527 3987 non
545 3935 722 4002 accipiebant.
737 3941 927 4004 praeterquam
945 3933 974 3988 iu
992 3933 1076 3987 litem.
1098 3931 1171 3996 Scio,
1190 3947 1246 3999 quo
1264 3937 1346 3997 pacto
1364 3929 1456 3996 priora
1522 3973 1523 3988 ,

200 4019 283 4071 verba
301 4024 446 4086 torqueant
463 4020 571 4085 cruditi,
590 4023 638 4074 sed
657 4023 684 4075 in
703 4021 912 4087 interpretandis
931 4021 974 4085 iis,
993 4037 1063 4088 quae
1080 4017 1109 4070 iu
1121 4019 1175 4069 line
1187 4016 1363 4083 adjiciuntur,
1375 4017 1455 4081 longe

199 4119 217 4156 a
233 4120 326 4170 sensu,
344 4121 426 4173 quem
444 4106 526 4158 rerba
543 4107 612 4159 ferre
628 4106 744 4172 possint,
762 4107 901 4158 recedunt.
924 4107 983 4159 Nos
1001 4105 1030 4158 iu
1048 4104 1095 4159 lite
1112 4101 1194 4155 unice
1208 4101 1270 4167 cogi
1287 4115 1373 4167 posse
1390 4101 1455 4153 ado·

199 4191 332 4243 lesccntes
350 4190 521 4258 arbitramur,
540 4198 567 4244 et
585 4191 663 4244 facile
682 4205 806 4242 caussam
824 4191 1013 4245 odorabantur
1027 4188 1098 4256 juris
1116 4187 1214 4254 periti:
1232 4203 1282 4238 uec
1299 4193 1396 4240 eontra
1417 4188 1455 4238 fa-

199 4273 244 4334 cit.
263 4276 337 4343 quod
355 4274 480 4330 dicantur
497 4277 615 4330 minores
633 4275 698 4327 alibi
710 4273 802 4328 debere
821 4276 943 4342 accipere
960 4282 1108 4328 curatores.
1121 4273 1248 4340 Cogitant
1264 4273 1347 4325 velim
1366 4272 1455 4325 varies
1522 4261 1523 4330 f

197 4358 271 4412 illius
290 4359 366 4413 verbi
383 4361 605 4429 significationes.
626 4360 708 4412 Cana.
734 4361 878 4414 Caeterum
895 4361 977 4414 etism
995 4358 1141 4424 Sevignius
1157 4359 1264 4426 (comm.
1283 4356 1373 4423 laud)
1390 4353 1454 4407 Hei·

196 4441 283 4497 necui
306 4447 468 4502 sententiam
493 4445 551 4498 sere
566 4446 710 4511 amplexus
732 4452 774 4499 est
790 4461 905 4514 eamque
928 4445 1006 4500 novis
1029 4446 1189 4498 confirmare
1207 4441 1378 4505 argumentis
1398 4446 1454 4494 stn-

197 4527 265 4581 duit.
292 4527 380 4582 Mtte.
