3056 5168
269 379 341 446 674
713 371 791 440 bro.
816 369 878 438 lv.
904 369 987 438 Trr.
1015 370 1077 439 vt.
1490 403 1491 448 ᾗ

1078 521 1079 524 ,
1490 473 1491 522 ]

269 551 624 627 contemporaneum
649 549 799 619 emrttot,
812 550 851 608 or·
869 565 930 608 ereo
951 550 993 610 ett
1014 547 1188 619 tercclttos,
1209 548 1246 608 de
1270 547 1461 628 qoo'oonteodt.
1490 523 1491 540 ¹

269 656 414 718 Proedes
432 674 508 737 ergo
524 655 673 715 dabuntur
690 655 904 716 soucdotoree
914 655 1079 735 locupletes
1095 673 1158 734 pro
1174 675 1219 727 re,
1235 655 1271 715 de
1283 675 1339 734 quo
1349 657 1417 734 opud
1426 658 1462 736 jc·

269 765 366 825 deon
397 763 436 822 lis
464 770 527 823 est:
548 781 588 823 ne
607 765 745 832 intereo,
766 763 823 840 qui
840 767 940 834 tenet,
964 763 1112 843 dffytdans
1132 781 1278 833 coussoc,
1294 759 1462 841 pusseobnen

268 870 453 930 deteriorem
464 868 580 945 scotot,
598 876 680 929 tecto
698 867 834 949 dr'ssapet‚
857 870 983 928 crcrttot
1002 868 1138 940 arbores,
1161 879 1193 932 et
1211 869 1292 930 eobo
1308 868 1416 930 desero
1430 867 1462 928 Ex

268 976 333 1038 hoc
350 996 430 1060 ergo
454 974 618 1059 quantivis
639 974 741 1058 pretii
755 974 833 1036 loco
849 975 926 1038 satis
942 981 1046 1059 patet,
1069 995 1135 1060 qno
1151 983 1248 1058 pacto
1269 973 1300 1038 in
1314 973 1380 1056 jure
1391 972 1463 1036 vindi-

270 1084 341 1148 ciae
359 1081 544 1166 postulatae
563 1083 637 1146 sint.
660 1081 801 1159 Quoties
817 1081 944 1145 scilicet
959 1082 1086 1145 incerta
1102 1091 1174 1146 erat
1188 1079 1351 1167 possessio,
1364 1080 1394 1160 is,
1405 1080 1462 1162 cujus

269 1192 440 1270 intererat,
452 1189 643 1272 postulabat
659 1211 678 1252 a
694 1190 856 1253 Praetore
875 1189 1086 1253 interdictum
1102 1189 1145 1252 de
1161 1189 1354 1272 possessione
1367 1185 1409 1248 vel
1419 1186 1462 1248 adi·
1490 1205 1491 1272 J

270 1297 440 1383 piscenda,
451 1295 506 1360 vel
519 1296 705 1374 retinenda,
719 1296 775 1360 vel
787 1296 1024 1380 recuperanda,
1038 1295 1080 1358 de
1092 1297 1210 1380 quibus
1224 1296 1303 1358 infra
1314 1295 1351 1354 od
1367 1292 1462 1354 litlt.

270 1405 476 1468 Postremum
497 1403 707 1468 interdictum
725 1404 867 1468 dabatur
887 1403 937 1486 iis,
954 1405 1010 1488 qui
1026 1405 1059 1468 vi
1075 1425 1118 1466 ex
1134 1403 1247 1487 aliquo
1260 1402 1330 1464 loco
1345 1406 1417 1464 erant
1428 1398 1464 1460 de
1490 1393 1491 1456 i

264 1511 360 1597 jacti.
381 1513 427 1575 Et
441 1511 588 1595 quamvis
610 1511 645 1575 id
662 1513 799 1577 devera
815 1511 847 1574 vi
870 1511 940 1576 erat
960 1510 1233 1596 intelligendum:
1255 1509 1382 1572 Romani
1393 1515 1464 1569 tanen
1490 1487 1491 1577 i

271 1615 469 1684 invenerant
481 1622 546 1683 vim
565 1619 750 1684 simulatam
767 1628 801 1683 et
812 1619 933 1700 fictam,
950 1640 1035 1703 quae
1058 1619 1092 1682 in
1105 1639 1147 1682 eo
1163 1615 1365 1692 consistebat,
1376 1612 1465 1678 ntalter

270 1727 368 1792 alteri
391 1726 472 1790 dicis
497 1749 611 1791 caussa
625 1727 689 1790 vim
711 1727 850 1790 inferret
870 1726 1062 1810 injudicio,
1084 1735 1152 1788 turn
1175 1747 1287 1788 manus
1307 1718 1463 1796 conferendo,
1490 1705 1491 1738 ³

271 1843 339 1899 turn
366 1835 478 1921 verbis
504 1834 714 1898 vindicando.
743 1835 829 1898 Nam
854 1842 911 1897 ant
932 1854 1044 1897 servus
1067 1833 1297 1897 vindicabatur
1317 1830 1464 1913 aliaqueres

270 1944 413 2024 mobilis,
428 1951 484 2006 aut
500 1923 628 2006 fundus.
647 1942 715 2020 Qui
723 1921 816 2006 ‘servi
833 1942 1072 2026 possessionem
1089 1943 1240 2026 petebat,
1254 1949 1361 2004 tenens
1373 1953 1465 2008 servan,

271 2051 327 2116 vel
343 2073 470 2114 manum
487 2050 520 2112 ei
541 2049 710 2134 injiciens,
733 2050 766 2114 in
782 2049 860 2132 jure
876 2048 963 2133 apud
980 2049 1174 2116 Praetorem
1196 2049 1247 2113 ita
1261 2044 1432 2135 vindicabat,
1446 2038 1465 2100 id

272 2157 585 2242 est,·possessionem
604 2179 665 2241 per
680 2158 744 2220 vim
762 2157 944 2220 simulatam
964 2156 1170 2240 postulabat:
1191 2173 1287 2220 Hunc
1302 2165 1428 2218 nomnen
1439 2160 1466 2208 n

269 2285 353 2332 JURE
375 2281 558 2342 QUIRITIUM
584 2281 681 2329 MEUM
705 2281 784 2329 ESSE
806 2281 885 2345 ste,
907 2279 1055 2338 EtUSQUn
1078 2279 1251 2328 VINDIGIAS
1273 2279 1344 2326 MIHI
1357 2273 1420 2349 ΗΑΒ]
1433 2269 1467 2314 1¹⁰·

174 2377 178 2384 ’
270 2392 389 2440 snum.
405 2373 555 2436 Tacente
572 2371 689 2448 altero,
700 2380 755 2435 aut
771 2372 931 2452 cedente,
943 2372 1086 2438 Praetor
1101 2392 1231 2434 servum
1258 2367 1411 2436 addicebat
1423 2359 1466 2423 vin·

270 2481 406 2561 dicanti,
421 2480 456 2542 id
473 2487 533 2557 cst,
549 2481 789 2565 possessionem
805 2479 836 2542 ei
853 2479 1055 2542 decernebat
1070 2497 1173 2562 usque
1190 2479 1235 2542 ad
1255 2479 1368 2542 exitum
1381 2466 1467 2556 judieii.

270 2589 335 2652 Ille
351 2608 433 2651 vero
454 2587 480 2650 si
496 2596 612 2650 contra
627 2585 849 2650 vindicaturus
865 2593 947 2668 erat,
970 2593 1037 2649 tum
1055 2587 1176 2670 etipse
1199 2608 1327 2650 servum
1341 2576 1468 2661 corripiens

271 2694 370 2778 eique
386 2714 516 2758 manum
539 2693 691 2778 injiciens
706 2682 855 2757 dicebat:
878 2711 922 2757 nr
943 2711 1009 2757 nco
1031 2709 1125 2758 nuuc
1144 2709 1305 2758 nomnen
1323 2705 1403 2754 usvn
1418 2696 1467 2745 esst

268 2819 348 2884 noo,
376 2817 525 2877 eruscos
550 2817 722 2868 vrnnrcrss
743 2803 827 2866 uini
850 2817 1059 2872 conservam
1081 2815 1247 2889 eosruno.
1281 2801 1360 2864 Tum
1381 2794 1467 2856 denuo

173 2958 189 2971 ,.
268 2911 411 2974 Praetor
426 2908 663 2975 interdicebat:
685 2927 744 2986 Qui
764 2926 828 2972 uuo
846 2925 897 2990 vr,
920 2925 987 2972 uso
1007 2925 1116 2984 onan,
1138 2925 1203 2970 uso
1227 2923 1381 2974 nnsosnro
1398 2911 1467 2963 rossi·

146 3009 148 3014 ’
249 3033 347 3121 xnrsr,
373 3033 407 3078 nr
428 3031 599 3082 munrcrss
627 3033 737 3080 nano:
766 3016 921 3099 Sigonius
945 3017 985 3078 etc
1009 3008 1111 3078 Jodc‘c.
1141 3017 1167 3077 Ι.
1191 3014 1245 3078 21.
1261 3020 1305 3096 ν).
1335 3015 1422 3093 Saepe
1444 2999 1468 3064 at

337 3277 368 3345 a)
388 3278 451 3330 ram
469 3295 531 3330 oum
548 3265 597 3330 ns'
609 3279 790 3343 conferantur,
809 3291 880 3346 quae
897 3277 979 3329 nabet
996 3276 1083 3344 sajus
1096 3277 1145 3330 1v.
1164 3279 1184 3342 v.
1199 3281 1241 3330 ro.
1265 3275 1320 3342 „ss
1339 3272 1365 3325 n
1377 3286 1417 3324 nn
1428 3279 1467 3328 ue

266 3362 354 3425 batur,
372 3361 484 3414 mobilia
502 3362 612 3430 quidem
630 3369 657 3416 et
674 3361 819 3426 moventia,
837 3378 907 3432 quae
925 3365 1008 3415 modo
1026 3363 1054 3416 in
1073 3363 1119 3430 jus
1142 3361 1232 3414 afferri
1251 3359 1377 3413 adducive
1389 3351 1468 3422 posted

265 3445 294 3499 in
307 3446 371 3511 jure
383 3445 589 3499 vindicabantur
601 3447 636 3499 ad
653 3447 726 3500 bunc
744 3449 864 3500 modum.
884 3447 942 3510 Qui
956 3447 1119 3511 vindicabat,
1138 3448 1272 3500 festucam
1286 3445 1396 3503 benabab
1406 3433 1470 3490 deinde

162 3583 164 3588 ,
264 3528 353 3594 ipsam
371 3547 428 3582 rem
447 3531 674 3598 adprehendcbat,
691 3534 765 3585 velut
782 3533 927 3597 hominem,
945 3531 1027 3586 etita
1046 3532 1170 3586 dicebat:
1189 3531 1259 3583 tunc
1276 3547 1323 3598 epo
1341 3527 1470 3582 inmineret

255 3614 324 3684 jure
347 3617 489 3674 Quiritium
507 3633 593 3668 meum
610 3633 665 3668 esse
683 3617 726 3686 ajo
743 3619 885 3670 secundum
903 3635 977 3670 suom
995 3633 1110 3681 causam,
1136 3617 1202 3669 deut
1225 3617 1301 3676 dixi5
1323 3633 1375 3668 ecce
1389 3609 1425 3661 tili
1436 3605 1468 3656 νίν

264 3699 360 3754 dictam
377 3702 497 3769 imposui,
515 3705 542 3752 et
559 3701 641 3754 simut
659 3701 762 3754 homini
783 3704 915 3756 festucam
932 3699 1096 3768 imponebat.
1120 3702 1303 3755 Adversarius
1327 3699 1409 3752 eadem
1424 3685 1471 3744 dni·

263 3785 323 3840 liter
343 3785 448 3838 dicebat
459 3790 486 3836 et
504 3785 626 3842 faciebat.
644 3785 736 3847 Quum
754 3791 869 3855 uterque
885 3786 1058 3848 vindicasset,
1070 3789 1185 3840 Praetor
1196 3787 1321 3838 dicebat:
1338 3771 1470 3836 mr‘tttteemli

262 3868 391 3925 hminem
396 3891 406 3932 ,·
426 3869 465 3923 nu
478 3871 627 3922 mittebant
646 3871 702 3934 Qus
713 3872 788 3938 prior
800 3872 992 3936 vindicaverat,
1011 3872 1050 3926 na
1068 3875 1183 3924 ararum
1195 3869 1387 3936 interrogatae:
1399 3855 1470 3934 pocot

263 3971 331 4006 aune
350 3955 429 4015 dione,
450 3973 501 4024 quo
523 3973 556 4006 ec
573 3971 653 4008 causo
671 3957 849 4010 vindicaveris.
876 3957 927 4009 Ille
944 3957 1141 4022 respondebat:
1157 3957 1207 4023 jus
1223 3958 1325 4024 percpi,
1348 3953 1406 4006 sicu
1419 3941 1471 3997 nrt

262 4047 331 4092 aava
348 4040 461 4108 imposui
463 4059 473 4100 ;
490 4039 596 4104 deinde,
615 4041 662 4108 qu'i
680 4043 754 4108 prior
771 4043 962 4103 vindicaverat,
982 4043 1102 4094 dicebat:
1117 4041 1222 4109 quondo
1240 4049 1270 4092 tu
1287 4038 1380 4110 injuria
1392 4027 1471 4084 nstin·

262 4123 321 4176 cisti
338 4124 373 4178 D.
391 4126 461 4178 oesa's
483 4133 647 4177 reuomente
665 4135 690 4178 tc
707 4143 824 4195 provoco
829 4146 840 4187 ,·
863 4125 1036 4180 adversarius
1055 4141 1165 4194 quoque
1183 4125 1308 4178 dicebat:
1331 4121 1433 4176 similiter
1445 4125 1472 4176 ep

261 4215 286 4260 te
296 4225 422 4276 provoco.
442 4211 525 4261 Assos
538 4211 745 4264 nominabant.”
764 4212 827 4264 Jam
845 4212 887 4265 bis
901 4211 1016 4278 peractis
1025 4211 1162 4277 judicium
1176 4209 1393 4267 constituebatur,
1409 4209 1471 4252 serm·

260 4291 326 4344 dom
344 4294 458 4345 alterum
476 4291 638 4359 litigantium
658 4295 792 4349 vindiciae
803 4295 970 4358 dicebantur,
990 4295 1161 4364 praedesque
1173 4295 1315 4368 dabantur.
1333 4293 1374 4344 De
1387 4275 1473 4370 quodi·

260 4390 330 4440 quac
347 4382 413 4430 nota
428 4378 553 4442 proxime
572 4381 749 4447 praecedente
766 4397 783 4436 a
800 4381 879 4434 nobis
897 4381 1023 4446 exposita
1037 4386 1109 4434 sunt.
1127 4384 1260 4436 accurate
1276 4377 1355 4431 etiam
1367 4365 1472 4456 descripti

207 4469 211 4496 ²
260 4459 356 4523 Gajus,
374 4465 512 4529 quomodo
531 4465 725 4517 vindicationes
745 4466 848 4530 tierent,¹
865 4465 888 4518 si
908 4465 969 4518 tatis
988 4481 1030 4517 res
1049 4473 1115 4531 erat,
1131 4483 1201 4535 quae
1218 4465 1279 4516 sine
1295 4452 1472 4515 incommodet

256 4540 303 4607 jus
321 4543 421 4598 adferri
437 4547 575 4614 nequibat,
593 4551 667 4601 velut
684 4549 819 4616 columna,
836 4567 912 4617 grex,
930 4549 1016 4613 navis,
1035 4551 1190 4613 hereditasa
1204 4549 1253 4602 IV.
1266 4549 1288 4614 t
1303 4554 1341 4601 17.
1359 4539 1432 4598 Mitt.
