3062 5156
234 371 304 436 ret
684 363 760 434 Lm.
786 364 811 432 l.
837 361 915 431 Trr.
938 362 1032 430 xvi.
1104 411 1109 420 -

232 541 422 625 deportatio
439 540 499 622 ita,
517 547 554 602 ut
569 541 618 602 rei
633 536 848 623 compedibus
863 537 967 602 vincti
985 536 1198 622 impositique
1213 538 1362 622 naribus,
1379 541 1476 602 servis

159 633 162 640 ¹
232 648 389 733 publicis,
407 647 464 734 qui
480 668 537 711 cos
554 646 787 730 deportarent,
807 645 1025 710 traderentur.
1043 645 1145 710 Oisel.
1164 647 1208 708 ad
1224 647 1304 729 Gajr'
1313 648 1392 708 Istat.
1410 647 1434 706 Ι.
1451 645 1476 708 6.

232 757 262 817 l.
273 779 306 838 p.
321 777 361 818 m.
379 755 430 818 47.
453 755 600 818 Molesta
618 754 652 818 in
673 755 786 838 primis
807 763 879 818 erat
896 753 953 819 vel
973 754 1138 837 relegatio
1163 753 1219 818 vel
1239 752 1431 839 deportatio
1447 755 1475 816 in

234 863 397 948 Gypsum,
412 863 563 948 Aegypti
577 861 739 943 Insulam,
761 863 796 926 in
819 883 915 946 quam
934 871 1085 945 tempore
1107 861 1287 927 Iustiniani
1302 870 1337 925 et
1357 860 1477 924 Juridi-

233 993 289 1034 cna
308 970 539 1036 Alexandriae
559 977 594 1032 et
613 969 754 1032 Praenes
777 968 970 1034 Thebaidos
991 969 1145 1052 relegare
1170 975 1345 1052 poterant=
1371 969 1477 1052 Cujac.

237 1080 308 1146 (tto.
324 1077 398 1140 XX.
411 1077 463 1140 31.
478 1078 625 1162 itemque
637 1076 673 1140 in
686 1075 825 1160 Gyaros,
842 1075 932 1140 fumo
947 1077 1129 1142 notabiles:
1142 1076 1275 1140 Arriuu.
1285 1077 1371 1138 Dus.
1385 1079 1476 1157 Epc'ct.

232 1186 259 1246 I.
274 1184 325 1248 25.
341 1192 375 1248 et
388 1186 432 1246 II.
447 1185 477 1248 6.
493 1185 608 1269 Steph.
629 1185 669 1246 de
694 1183 798 1246 Urbib.
809 1205 842 1264 p.
857 1181 929 1256 280.
951 1191 986 1246 et
1008 1184 1109 1249 Oasin
1127 1185 1215 1249 inter
1234 1183 1428 1268 Aegyptum
1448 1191 1477 1246 et

233 1293 398 1377 Cyrenas,
415 1292 532 1355 muscis
555 1301 589 1355 et
612 1290 771 1354 culicibus
792 1292 965 1367 famosam3
982 1292 1160 1377 dequibus
1179 1292 1263 1356 locis
1280 1291 1395 1376 cujac.
1414 1291 1476 1352 on.
1519 1365 1520 1380 χ

176 1484 181 1492 ¹
238 1399 395 1462 V111.27.
413 1399 537 1464 Omnes
551 1408 661 1463 autem
677 1397 808 1461 exsules
823 1407 908 1463 teste
924 1400 1099 1464 Lactantio
1114 1395 1186 1463 Dio.
1201 1402 1280 1492 inst.
1297 1401 1338 1460 11.
1352 1399 1477 1481 perinde

232 1507 436 1581 habebantur,
458 1529 497 1570 ac
517 1512 548 1569 ss·
567 1517 679 1584 essent,
695 1511 752 1590 qur·
767 1529 837 1571 eam
856 1512 1043 1572 sententiam
1060 1518 1258 1590 exceperm,
1273 1515 1376 1569 morte
1388 1507 1476 1568 malo·
1519 1515 1520 1582 t

233 1618 301 1676 tati.
325 1612 426 1676 Unde
449 1622 483 1677 et
506 1614 613 1695 diem,
629 1634 695 1697 quo
720 1613 792 1698 quis
817 1613 858 1677 ab
881 1613 1001 1678 exsilio
1020 1615 1182 1698 redierat,
1205 1607 1373 1678 Nnrnnum
1389 1634 1476 1676 voca-

137 1711 143 1720 ’
232 1724 329 1796 bant,
350 1729 516 1804 tamquam
549 1742 614 1805 quo
639 1722 740 1785 vitam
766 1723 906 1806 primum
933 1724 1129 1808 recepisset:
1155 1722 1224 1788 cie.
1239 1731 1312 1806 post
1333 1723 1476 1784 reditio

235 1829 345 1891 Senot.
360 1849 386 1890 c.
402 1828 452 1890 11.
473 1829 621 1913 itemque
637 1831 769 1892 alterans
786 1836 869 1895 citae
890 1835 1029 1895 initium.-
1047 1831 1098 1895 Id.
1116 1833 1217 1914 Epist.
1235 1833 1280 1892 ud
1296 1831 1367 1892 Art.
1384 1833 1407 1890 1
1409 1829 1441 1890 V.
1453 1828 1477 1890 1.

234 1935 324 2013 Quin
341 1935 441 2000 Cotta
464 1937 505 2000 ab
530 1936 649 2000 exsilio
672 1947 846 2002 revocatus
868 1959 903 2002 se
919 1940 969 2002 bis
992 1941 1140 2025 genitum
1163 1937 1310 2003 vocatia
1333 1938 1476 2000 oratione

234 2043 323 2128 apud
339 2042 471 2108 Sallust.
487 2049 521 2107 s'n
535 2045 664 2126 Fragm.
675 2068 708 2127 p.
723 2045 795 2108 500.
810 2047 864 2110 lta
880 2055 914 2110 et
927 2047 1151 2112 Athenienses
1173 2046 1302 2131 patriae
1317 2045 1478 2109 restitutos

233 2151 364 2214 exsules
380 2149 653 2234 δευτεροπότμους,
669 2153 762 2237 quasi
777 2155 915 2218 secunda
924 2156 1003 2234 sota
1019 2177 1123 2239 orsos,
1143 2155 1349 2240 adpellasse,
1372 2153 1478 2216 obser-

233 2267 290 2322 vat
304 2260 364 2342 vir,
381 2259 432 2322 cui
447 2259 531 2323 haec
547 2259 715 2344 debemus,
732 2262 948 2345 doctissimus,
966 2264 1020 2328 Jo.
1035 2264 1127 2330 Frid.
1143 2263 1291 2331 Gronov.
1306 2261 1341 2324 in
1354 2261 1478 2330 Distrib-

233 2365 281 2454 cd
291 2366 372 2429 Stat.
391 2368 504 2450 Papin.
518 2390 545 2431 c.
560 2367 610 2430 12.
621 2391 655 2450 p.
670 2368 721 2432 69.

809 2525 838 2606 §.
861 2525 911 2589 12.
1168 2579 1172 2587 .

642 2639 756 2692 Minima
773 2641 867 2709 capitis
884 2642 1025 2696 demoto
1039 2645 1081 2710 ε).

316 2737 454 2802 Mrrumn
474 2737 619 2822 denique
643 2723 760 2824 capitis
782 2741 965 2832 deminutio
979 2744 1057 2828 jura
1078 2742 1224 2808 familiae
1243 2751 1345 2828 atquc
1363 2743 1477 2828 adgna·
1521 2713 1522 2734 .

234 2845 334 2910 tionis
357 2843 508 2910 tollebat.
531 2846 640 2925 Quum
666 2851 754 2913 enim
779 2871 895 2913 census
915 2851 1012 2914 fieret
1035 2852 1213 2916 secundum
1237 2851 1431 2927 facultates,
1450 2857 1478 2912 ut

236 2975 335 3037 supra
354 2951 494 3017 dictum:
515 2956 630 3039 patriis
646 2956 858 3021 facultatibus
874 2981 946 3022 cum
962 2961 1040 3045 jure
1056 2960 1202 3024 familiae
1226 2960 1367 3043 amissis,
1385 2967 1439 3024 aut
1450 2957 1477 3019 in

236 3060 337 3126 alium
358 3061 543 3145 translatis,
573 3063 691 3147 capitis
713 3066 875 3150 quaedam
898 3067 1081 3154 deminutio
1107 3070 1181 3132 lieri
1206 3069 1419 3133 credebatur.
1446 3064 1478 3130 ld

234 3191 315 3233 vero
330 3170 453 3234 factum
470 3191 541 3234 esse
557 3174 590 3232 in
606 3193 734 3236 monum
748 3181 964 3251 concentione,
980 3179 1160 3259 adoptione,
1178 3184 1213 3240 et
1233 3179 1477 3259 enmncipoticnb

235 3297 277 3340 ex
287 3278 365 3361 jure
380 3286 493 3341 notum
514 3286 580 3360 est,
598 3281 745 3363 quamvis
768 3281 811 3344 de
831 3284 1116 3368 emancipatione,
1138 3305 1179 3347 an
1203 3305 1243 3347 ea
1263 3285 1354 3348 inter
1374 3279 1478 3367 capitis

234 3386 479 3449 deminutiones
493 3385 670 3450 referenda
685 3388 745 3472 sit,
761 3390 977 3455 subdubitant
997 3392 1076 3456 Jcti
1099 3401 1165 3456 tum
1188 3400 1335 3475 veteres,
1352 3399 1421 3454 tum
1434 3408 1479 3449 re-

235 3493 410 3582 centiores.
438 3493 575 3556 Paullus
596 3515 674 3558 sane
690 3519 757 3560 non
776 3498 856 3562 ideo
873 3499 982 3584 capite
1004 3499 1150 3565 deminui
1168 3503 1322 3585 putabat,
1338 3497 1430 3584 quod
1444 3515 1478 3558 ex

234 3600 342 3684 patria
368 3606 535 3683 potestate
559 3601 706 3668 exirent:
733 3607 803 3685 (ita
826 3607 912 3670 enim
934 3609 1045 3693 potius
1069 3609 1194 3673 fiebant
1216 3609 1327 3693 capita
1348 3606 1478 3683 libera),

235 3709 295 3772 sed
311 3709 401 3793 quod
420 3709 641 3793 emancipatio
662 3721 776 3778 vetere
798 3715 863 3780 ritu
879 3716 951 3779 fieri
972 3715 1062 3780 baud
1078 3724 1201 3801 posset,
1217 3717 1281 3780 nisi
1295 3716 1479 3777 deduceren-

235 3939 290 4004 illa,
317 3953 400 4005 quam
425 3951 525 4004 passus
549 3946 592 3995 est
619 3944 753 4012 Ovidius,
771 3947 801 3999 in
821 3949 942 4000 Pontum
959 3949 1103 4014 relegatas.
1130 3946 1209 4000 Cous.
1226 3949 1259 4000 L.
1276 3951 1302 4000 7.
1318 3947 1354 3998 D.
1384 3945 1417 3998 Si
1431 3943 1479 4013 quir

236 4023 350 4074 cantion.
367 4023 395 4074 in
409 4025 515 4093 judicio
532 4029 640 4082 sistendi
656 4049 749 4084 caussa
757 4033 831 4099 sart.
849 4049 903 4084 non
919 4032 1030 4102 obtemp.
1049 4033 1124 4086 Suet.
1145 4031 1235 4086 iiber.
1258 4050 1281 4086 c.
1302 4038 1327 4084 1.
1345 4031 1422 4084 Huic
1437 4043 1479 4092 op·

235 4109 347 4173 ponitur
361 4108 502 4181 lutosupc,
514 4113 593 4180 eujus
604 4115 707 4168 mentio
722 4118 753 4168 nt
765 4118 796 4168 L.
809 4122 836 4170 5.
849 4119 885 4172 D.
898 4119 929 4170 de
944 4119 1048 4172 Interd.
1060 4118 1184 4186 relaepats's
1197 4127 1224 4170 et
1235 4118 1338 4186 deport.
1351 4114 1479 4170 Ammian·

237 4194 361 4247 Marcell.
381 4195 469 4248 XIX.
489 4200 528 4249 12.
550 4202 582 4250 ut
605 4198 680 4252 Julio
704 4199 821 4265 Capitol.
838 4203 882 4255 vit.
901 4203 992 4254 Marci
1006 4203 1105 4255 Antan.
1124 4221 1147 4255 c.
1165 4207 1207 4255 26.
1226 4207 1253 4253 et
1270 4202 1400 4254 Vulcatio
1418 4197 1479 4252 Gali.

236 4277 280 4329 vit.
297 4279 377 4332 Avia.
401 4278 486 4333 Cassii
502 4300 524 4334 c.
541 4286 570 4336 9.
591 4289 716 4337 vocatur:
735 4287 854 4340 exsilium
872 4296 897 4338 et
916 4281 999 4339 libera
1016 4289 1131 4354 oapcndc‘
1143 4296 1266 4355 potestas.
1290 4289 1371 4340 Heia.

305 4366 334 4430 s)
354 4365 449 4418 Franc.
462 4365 524 4418 Car.
537 4367 657 4419 Conradi
672 4387 762 4424 comm.
778 4373 810 4424 de
821 4375 929 4426 minimo
943 4374 1036 4440 capitis
1048 4373 1222 4426 deminutione
1232 4393 1241 4434 ‚¹
1253 4372 1313 4426 Lib.
1326 4373 1362 4424 11.
1380 4383 1479 4437 parerg.

235 4463 309 4499 flum-
327 4453 352 4500 ²·
370 4465 397 4514 Ρ·
417 4454 577 4522 163-193·
595 4451 685 4505 Haut.
702 4457 736 4510 A.
754 4456 791 4510 H.
808 4459 841 4512 E.
855 4458 887 4512 F.
904 4473 922 4509 a
940 4457 1119 4512 Seckcndorff
1140 4459 1172 4512 dc
1195 4459 1289 4527 copr'ts's
1311 4457 1479 4512 mumadam

234 4532 351 4586 minima.
369 4533 465 4588 Colou.
488 4539 562 4592 1828.
579 4539 605 4591 8.
623 4537 711 4624 mun.
