3080 5154
417 311 470 428 De
495 362 658 429 lasarum
682 383 728 430 ur
752 362 964 430 Lmnrmm.
1268 369 1316 436 95

63 539 249 610 manumissi
268 559 331 623 per·
353 535 528 621 epistolam
554 546 612 602 ant
636 538 725 602 inter
755 539 888 617 amices,
916 536 1057 623 aliisque
1082 539 1189 604 modis
1212 541 1317 606 minna

63 648 291 728 sollemnibus,
307 645 350 710 de
365 646 484 730 quibus
494 667 596 730 supra
606 632 677 728 §.d
692 664 759 708 non
771 645 901 727 civium,
916 646 973 710 sed
983 647 1176 712 Latinorum
1189 656 1316 714 tantum

57 759 129 842 jura
138 762 435 839 consequerentur.
447 753 581 837 Ulpian.
591 753 812 836 Fragmdlt).
823 752 896 838 Gaj.
905 755 1022 819 InstI.
1037 754 1066 817 1.
1076 755 1107 818 9.
1124 756 1174 835 (in
1184 757 1316 840 genuin.

62 863 135 947 Gaji
145 872 313 926 coamens.
325 863 352 926 L
363 862 413 924 12.
427 861 574 923 15-17.
588 859 629 922 21
640 859 769 943 -23.),
789 872 823 924 et
831 861 879 924 ibi
894 861 956 924 viri
970 862 1062 926 docti
1076 868 1122 944 t).
1143 865 1234 928 Hinc
1250 886 1316 929 non

62 971 179 1034 desunt
195 969 353 1053 exempla
369 968 658 1035 manumissionum
670 987 731 1052 per
751 967 925 1054 epistolam
941 978 997 1033 aut
1010 970 1098 1035 inter
1115 970 1247 1052 amicos,
1257 993 1317 1056 per

61 1079 243 1143 vindictam
260 1074 382 1140 deinde
402 1075 481 1139 ideo
505 1077 778 1158 confirmatarum,
800 1085 836 1143 ut
852 1076 965 1141 liberti
983 1075 1061 1162 jura
1079 1077 1221 1142 civitatis
1237 1100 1316 1143 con·

62 1194 293 1272 sequerentur:
309 1183 396 1247 Plin.
412 1185 512 1266 Epist.
532 1185 600 1246 VII.
613 1183 666 1246 16.
682 1185 936 1270 Nonnumquam
954 1191 988 1246 et
1001 1186 1043 1248 ab
1058 1185 1318 1271 Imperatoribus

61 1294 171 1358 Latini
178 1291 319 1358 Juniani
321 1293 399 1378 jura
407 1289 586 1370 Quiritium
599 1291 836 1375 impetrabant:
852 1292 940 1356 Plin.
951 1293 1099 1374 EpetX.
1109 1295 1139 1355 4.
1155 1298 1187 1376 ΙΙ)
1205 1296 1318 1359 Intro-

62 1403 147 1466 ducti
170 1399 313 1466 subinde
340 1397 450 1462 etalii
474 1399 576 1482 modi,
599 1387 717 1484 quibus
739 1401 816 1486 jura
835 1399 1013 1479 Quiritium
1034 1410 1317 1488 consequerentur

62 1510 171 1574 Latini
181 1511 205 1573 J
206 1506 332 1590 uniani,
345 1507 459 1590 veluti,
475 1507 503 1570 si
517 1506 589 1592 quis
601 1528 736 1572 uxorem
751 1507 902 1590 duxerat,
914 1509 1094 1572 testatione
1109 1509 1317 1594 interposita,

62 1619 149 1704 quod
165 1619 335 1681 liberorum
348 1617 599 1700 quaerendorum
611 1637 727 1678 caussa
740 1616 775 1679 id
788 1615 916 1699 fecerit,
927 1637 971 1678 ex
985 1637 1094 1702 eoque
1109 1619 1317 1683 matrimonio

63 1738 153 1792 natus
168 1734 246 1792 erat
261 1724 363 1788 filius:
380 1722 492 1808 siquis
509 1723 639 1786 Romae
657 1723 835 1790 triennium
855 1725 943 1788 inter
965 1723 1084 1810 vigiles
1103 1726 1317 1804 militaverat;

63 1837 86 1898 si
94 1857 181 1902 nave
190 1833 286 1896 XM.
296 1831 478 1895 modiorum
488 1831 684 1896 frumentum
694 1831 832 1896 Romam
843 1831 1093 1918 deportaverat:
1107 1835 1197 1908 Suet.
1207 1836 1317 1898 claud.

44 1991 48 2005 ,
63 1967 86 2007 c.
95 1946 146 2009 19.
164 1944 191 2007 si
207 1940 394 2006 aedificium
409 1937 539 2004 Romroe
553 1949 788 2004 construxerat.
800 1940 879 2004 Vid.
894 1941 1028 2026 Ulpian.
1042 1941 1196 2027 Iltzaq.
1210 1949 1254 2024 ¹).

648 2125 676 2206 §.
699 2123 749 2185 13.

245 2256 319 2308 Hine
337 2254 453 2308 libertini
475 2255 522 2308 aiii
534 2257 610 2320 cioca
629 2255 676 2307 alii
692 2255 784 2307 Latini
800 2255 928 2316 duuiani,
952 2255 1000 2308 alii
1017 2255 1134 2309 dedititii.

143 2376 198 2438 Ex
222 2394 265 2436 eo
281 2392 364 2456 ergo
385 2380 535 2457 tempore
560 2373 657 2436 trium
676 2392 834 2458 generum
852 2380 947 2435 erant
965 2372 1123 2437 libertini.
1139 2373 1211 2437 Alii
1230 2373 1317 2437 enim
1375 2349 1384 2360 .
1411 2407 1415 2422 .

65 2485 187 2547 fiebant
199 2497 296 2545 cives
310 2497 454 2564 ROMANI,
470 2479 528 2544 alii
545 2479 617 2546 sola
631 2481 919 2586 consequebantur
926 2481 1005 2566 jura·
1018 2481 1223 2565 Latinorum,
1238 2481 1319 2546 dicti

67 2757 207 2810 Gaetu-am
223 2755 386 2822 ugernum
403 2751 546 2818 uniusque
562 2750 712 2804 sentcntiae
723 2752 837 2806 collecta
853 2748 972 2817 reperies
988 2750 1063 2816 opud
1073 2751 1321 2808 Beuum-Hon-

66 2858 121 2910 περς
137 2845 186 2896 il.
205 2859 233 2910 p.
252 2841 385 2894 77-84.
403 2840 474 2902 etp.
492 2838 535 2888 99.
554 2851 595 2904 sq.
613 2834 702 2890 Haud.
730 2835 794 2890 Vid.
812 2841 839 2888 et
857 2835 889 2887 C.
909 2838 942 2890 Α.
961 2835 996 2888 de
1015 2836 1168 2902 vungerus
1189 2835 1256 2890 iiber
1279 2838 1320 2890 die

65 2926 151 2980 1.αᾶηὲ
166 2925 291 2978 Juniaai.
309 2922 399 2977 Marb.
415 2924 490 2974 1833.
508 2921 529 2988 ξ.
541 2925 566 2973 9.
585 2919 673 2973 Mu'dl.

130 3013 155 3078 t)
175 3009 352 3078 Antiquitas,
376 3005 424 3076 qui
441 3010 490 3058 aut
506 3021 562 3058 non
576 3006 654 3074 justo
673 3004 756 3058 modo
778 3004 938 3057 manumissi
955 3009 1046 3068 erant,
1065 3010 1113 3056 aut
1135 3021 1191 3058 non
1208 3023 1243 3059 ex
1258 3007 1321 3075 jure

66 3096 213 3159 Qniritium
231 3095 406 3147 manorum
422 3093 546 3156 sumant,
560 3090 715 3144 libertatem
732 3093 806 3144 band
825 3088 1061 3153 conscenderint,
1080 3092 1129 3142 sed
1146 3091 1175 3144 in
1198 3093 1322 3146 libertate

66 3185 240 3238 morabantur
259 3181 400 3234 voluntate
417 3175 604 3242 dominorum,
622 3176 670 3246 qni
687 3175 801 3229 arbitrio
824 3191 876 3230 auo
894 3175 924 3229 in
946 3176 1097 3228 libertatem
1116 3189 1243 3228 revocare
1260 3184 1321 3242 pot·

66 3275 137 3320 emnt
153 3263 349 3320 manumissos.
367 3265 468 3316 Postea
482 3261 593 3330 quidem
606 3263 721 3316 Praetor
738 3278 786 3314 eos
804 3263 832 3315 in
851 3260 973 3314 libertate
991 3259 1124 3322 tuebatur,
1139 3261 1214 3327 quod
1231 3268 1321 3314 tamen

67 3368 117 3404 non
128 3351 305 3418 impediebat,
321 3364 377 3415 quo
388 3348 478 3400 minus
491 3348 590 3414 omnia,
604 3355 743 3416 tamqnam
755 3347 835 3410 servi,
847 3345 1017 3416 acquirerent
1030 3350 1156 3410 patrono,
1168 3359 1218 3398 sen
1229 3347 1321 3412 potius

68 3438 183 3502 domino,
203 3436 240 3488 ad
259 3451 340 3504 quem
355 3434 419 3500 jure
430 3432 530 3500 peculii
548 3434 620 3486 bona
632 3449 726 3485 corum
741 3432 928 3500 pertinebant:
946 3432 1032 3483 donee
1044 3433 1102 3496 lege
1115 3430 1199 3484 Junia
1211 3438 1322 3486 emtum

68 3529 113 3584 est,
129 3529 160 3575 ut
179 3520 332 3574 libertatem
351 3523 378 3570 et
395 3517 554 3572 Latinorum
572 3517 784 3572 cotoniariorum
798 3518 845 3585 jus
864 3521 1093 3583 consequerentur
1113 3517 1162 3584 (ci.
1177 3519 1248 3585 Adp.
1265 3518 1322 3586 huj.

68 3608 125 3662 iibri
141 3609 213 3674 Cap.
229 3607 266 3658 IL
284 3606 308 3672 5.
324 3607 368 3656 82.
385 3605 473 3672 sqq),
490 3611 682 3672 praeterqum
700 3604 777 3672 qnod
792 3619 843 3656 nec
865 3601 920 3669 ipsi
938 3607 1126 3662 testamentum
1153 3605 1255 3669 facere,
1274 3619 1323 3656 nec
1346 3655 1355 3676 ,
1467 3631 1471 3638 -

69 3709 102 3744 ex
117 3697 283 3748 testamento
302 3689 390 3744 alieno
414 3704 511 3756 capere
530 3695 650 3756 possent.
676 3689 756 3742 Unde
773 3689 865 3742 Latini
880 3687 993 3740 laneat
1015 3688 1240 3752 appellassent:
1259 3705 1322 3742 nam

71 3794 148 3845 quum
167 3777 289 3830 deterior
306 3782 379 3828 esset
395 3789 489 3826 eorum
509 3773 645 3838 conditio,
657 3791 740 3842 quam
753 3774 923 3844 reliquorum
937 3772 1098 3824 Latinorum
1115 3774 1239 3841 adeoque
1250 3775 1324 3828 bona

71 3863 189 3928 ipsorum
206 3866 272 3929 post
289 3864 407 3912 mortem
426 3863 566 3927 tamquam
583 3860 720 3926 peculium
738 3875 755 3910 a
766 3857 889 3924 patronis
906 3859 1059 3925 horumque
1076 3857 1220 3910 heredibus
1235 3858 1323 3911 vindi-

69 3950 121 4002 cari
137 3952 270 4016 possent:
287 3960 398 3998 necesse
416 3943 505 3996 visum
524 3944 583 4010 fuit,
598 3951 630 3996 ut
645 3945 726 3998 etiarn
744 3943 862 3997 nominis
876 3944 1040 4011 proprietate
1053 3958 1070 3995 a
1081 3942 1186 3996 Latinis
1203 3943 1323 3996 cotonia-

70 4034 114 4088 riis
130 4034 361 4100 disjungerentur.
380 4027 442 4084 vid.
460 4031 568 4095 Fragor.
582 4029 638 4096 jnr.
651 4031 762 4084 Dosittr.
781 4030 813 4080 de
834 4045 950 4084 monam.
968 4030 989 4096 t.
1008 4034 1108 4082 t-ll
1124 4029 1181 4096 (ed.
1195 4030 1284 4081 Bonn.
1302 4029 1323 4096 t.

70 4120 171 4187 4-9).
190 4115 256 4184 Gaii
272 4115 562 4172 maturatam
579 4119 705 4170 56-69.
719 4145 753 4156 -
773 4116 807 4168 oc
825 4115 953 4168 Giiseben
970 4117 989 4167 i.
1006 4116 1026 4166 l.
1041 4129 1082 4166 nr.
1100 4113 1122 4165 1.
1140 4113 1176 4164 IL
1190 4129 1218 4177 p.
1231 4116 1322 4164 242-

70 4207 126 4258 251.
150 4205 186 4256 de
204 4199 342 4268 Sangus}
360 4199 492 4256 Zeitsohn
511 4201 529 4252 f.
545 4201 636 4266 gescb.
653 4201 688 4254 R.
707 4201 754 4254 W.
769 4203 802 4253 Τ.
820 4201 854 4254 V.
873 4200 921 4252 Νι.
939 4201 974 4252 V.
992 4215 1020 4265 p.
1037 4201 1090 4250 933
1107 4213 1169 4266 sqq.
1193 4197 1324 4265 Sebitiing

72 4289 143 4342 Bem.
161 4305 189 4356 p.
206 4292 267 4341 317.
286 4284 417 4353 sq.-de
438 4286 590 4352 Vangerow
609 4284 627 4337 1.
642 4285 659 4338 l.
677 4285 699 4352 t.
716 4290 808 4339 3-8.
827 4287 860 4339 cf.
878 4290 906 4337 et
923 4283 975 4338 Tit.
994 4299 1036 4350 sq.
1053 4282 1074 4349 ξ.
1091 4286 1118 4334 5.
1137 4281 1224 4334 Miiit

136 4375 170 4442 u)
189 4373 254 4426 Vid
273 4372 346 4426 inira
362 4371 434 4437 Adp.
451 4386 511 4437 cap.
528 4372 550 4424 1.
567 4371 590 4437 ξ.
607 4374 650 4424 93.
669 4370 757 4424 Miiit.
1059 4385 1061 4392 ·

136 4461 170 4526 x)
190 4459 231 4512 Ct.
250 4458 313 4525 Gaj.
332 4458 354 4510 L
372 4460 415 4510 28.
430 4472 474 4524 sq.
499 4457 759 4522 Bedrm-Hotlueg
775 4456 850 4509 Dies.
874 4454 918 4507 cit
945 4469 1004 4520 cap.
1022 4453 1071 4505 ΙΙΙ.
1092 4469 1123 4492 -’-
1142 4453 1185 4504 De
1210 4452 1324 4526 singulis

73 4544 158 4598 mrsu
175 4549 301 4600 murare
319 4541 375 4607 epit
392 4541 426 4594 de
444 4543 595 4605 vmgerow
615 4541 632 4596 l.
651 4542 668 4594 t.
686 4543 707 4607 t.
725 4547 758 4596 27
769 4569 800 4582 -
810 4546 853 4594 36.
873 4538 960 4594 Miilit.
