3062 5156
206 335 280 400 252
584 327 768 393 Aurnnmx
792 325 866 392 Lm.
892 325 918 392 l.
944 323 1036 399 Gar.
1055 325 1081 392 l.

209 505 341 567 Concab.
363 502 462 580 Quod
480 510 591 565 tamen
605 510 697 566 recte
716 500 980 585 intelligendum.
1002 500 1080 562 Non
1094 500 1181 562 enim
1201 519 1282 583 quas
1295 500 1462 578 honestas,

208 620 242 674 et
251 614 305 696 jus
321 609 421 692 illud,
438 609 527 694 quod
543 611 733 694 impressum
750 609 913 672 mentibus
927 607 1047 671 nostris
1062 608 1332 689 circumferimus,
1348 629 1369 670 a
1387 616 1462 670 toro

207 719 349 780 virorum
373 719 523 798 arcebat,
544 739 616 780 cum
635 717 675 779 iis
692 716 944 779 concubinatum
965 715 1049 778 inire
1075 715 1217 797 licebat,
1235 715 1283 778 uti
1307 714 1372 778 sibi
1386 697 1463 796 per·
1514 783 1515 808 ¹

208 825 308 888 suasit
325 823 478 908 Cujacius
498 825 568 886 obs.
590 823 626 884 V.
639 824 670 887 6.
685 824 743 887 sed
760 845 831 887 cum
848 823 914 885 illis
930 830 1068 903 tantum,
1084 844 1171 907 quae
1189 843 1248 905 per
1260 821 1358 904 leges
1374 841 1461 882 mere
1514 841 1515 906 l

208 930 322 995 civiles
343 952 464 1019 uxores
486 950 643 992 essenon
668 938 825 1014 poterant
843 935 884 1010 ε).
905 930 994 993 Hinc
1016 931 1065 992 fas
1082 937 1154 992 erat
1169 929 1317 1012 ingenuo
1342 949 1462 990 concu-
1514 931 1515 996 l

206 1039 317 1102 binam
338 1038 480 1120 habere,
495 1036 625 1122 judicio
640 1037 775 1121 publico
796 1037 1000 1100 damnatam:
1020 1038 1060 1099 L.
1077 1037 1107 1098 1.
1122 1038 1152 1117 §.
1167 1036 1198 1098 2.
1215 1038 1257 1096 D.
1270 1037 1310 1098 dc
1332 1034 1460 1098 concub.
1514 1023 1515 1100 l

207 1143 379 1208 mulierem
401 1144 657 1229 quaestuariam:
686 1145 723 1207 L.
741 1145 792 1207 16.
807 1147 849 1206 Ι).
872 1145 911 1207 dc
929 1144 1008 1217 His,
1027 1165 1107 1226 quaa
1124 1153 1162 1205 at
1178 1145 1299 1225 r'rtdtgn.
1320 1142 1460 1205 obscuro

207 1251 284 1315 loco
303 1259 428 1316 natam:
446 1254 484 1315 1..
501 1252 531 1315 3.
549 1274 602 1334 pr.
621 1253 664 1312 D.
681 1253 720 1313 dc
742 1252 873 1314 concub.
892 1250 1060 1314 ancillam:
1086 1251 1120 1311 Ia.
1136 1249 1187 1312 38.
1204 1270 1257 1331 pr.
1274 1251 1315 1310 D.
1332 1251 1374 1312 dc
1387 1251 1459 1311 nea.
1514 1235 1515 1314 l

208 1370 290 1422 arcet.
299 1362 372 1442 jad.
388 1381 471 1441 poss.
487 1359 657 1422 mulierem
673 1358 926 1442 provincialem,
942 1359 976 1420 in
992 1379 1057 1441 qua
1073 1356 1144 1440 quis
1164 1357 1306 1420 officium
1322 1357 1462 1420 admini-
1514 1345 1515 1392 i

208 1468 348 1532 strahat:
369 1468 405 1530 1..
420 1469 450 1528 5.
469 1467 511 1528 D.
534 1468 573 1528 dc
597 1467 728 1529 Concob.
750 1466 850 1530 etiam
871 1487 1001 1539 senem,
1023 1472 1059 1527 et
1080 1465 1312 1549 cujuscumque
1332 1465 1459 1545 aetatis,

208 1574 307 1638 modo
323 1582 410 1638 esset
425 1582 551 1637 matura
566 1573 655 1636 viro:
671 1573 708 1636 L.
724 1573 753 1634 1.
768 1575 796 1656 §.
811 1573 842 1636 4.
857 1575 922 1635 sod.
947 1572 996 1636 At
1010 1593 1076 1635 non
1095 1580 1229 1655 poterat
1244 1571 1317 1656 quis
1333 1572 1369 1634 in
1386 1593 1461 1635 con·

210 1682 364 1746 cuhinatu
379 1681 503 1744 habere
527 1682 682 1748 feminam
698 1701 951 1765 quamcumque,
970 1681 997 1742 si
1013 1679 1153 1754 haberet
1169 1680 1291 1764 justam
1308 1701 1460 1742 uxorem:

209 1789 305 1853 Paul.
324 1791 465 1870 Receptt.
488 1789 644 1850 Sententt.
659 1789 702 1851 ΙΙ.
720 1787 772 1850 20.
787 1789 817 1850 1.
833 1788 872 1849 L.
887 1791 942 1850 alt.
958 1788 987 1868 ἕ.
1002 1786 1032 1849 2.
1053 1789 1093 1849 da
1105 1788 1226 1850 Dicort.
1255 1787 1330 1850 Nec
1352 1789 1460 1872 plures
1514 1797 1515 1860 ζ

60 1961 63 1975 1
149 1896 151 1899 ’
209 1896 305 1960 simul
325 1895 523 1959 concubinas
543 1896 666 1958 hahere
686 1895 829 1976 licebat,
845 1894 923 1978 quia
943 1915 1073 1978 semper
1092 1893 1222 1958 infami
1236 1895 1401 1959 Romanis
1415 1897 1459 1958 vi·
1514 1889 1515 1908 ²

210 2005 350 2068 debatur
365 2003 451 2085 vita,
466 2007 549 2065 inter
566 2011 678 2083 stupra
693 2004 949 2075 concubinarum,
964 2011 995 2064 ct
1010 2005 1116 2083 osculo
1131 2002 1187 2065 vel
1202 2005 1306 2065 mollio
1319 2007 1460 2066 concute·-
1514 2077 1515 2080 Ἴ

209 2133 325 2173 norum
341 2120 372 2172 et
385 2111 558 2191 spadonum
570 2115 709 2190 agmina,
720 2116 895 2190 transacta,
907 2109 1037 2192 qualem
1053 2109 1088 2172 in
1104 2108 1276 2193 Sophonio
1288 2110 1460 2195 Tigellino

187 2226 245 2281 'et
265 2217 372 2280 Fabio
388 2216 534 2280 Valente
555 2216 769 2300 reprehendit
790 2217 896 2279 Tacit.
915 2217 1038 2278 Histor.
1054 2219 1078 2278 I.
1094 2217 1145 2280 72.
1161 2219 1219 2278 III.
1233 2217 1284 2280 62.
1307 2219 1343 2280 in
1365 2219 1460 2282 Com-

209 2326 309 2390 modo
330 2327 536 2409 Imperatore
552 2323 629 2386 Ael.
644 2323 852 2408 Lampridius
870 2325 922 2384 vit.
942 2324 1100 2386 Commodi
1110 2347 1136 2387 c.
1148 2327 1177 2386 5.
1203 2327 1247 2388 Et
1259 2326 1460 2389 lastinianus

210 2433 374 2514 mulieres,
394 2454 479 2516 quae
495 2432 638 2495 univiro
655 2452 797 2515 corpora
809 2433 975 2519 praebent
990 2430 1109 2494 eodem
1131 2441 1294 2516 tempore,
1310 2453 1378 2496 non
1394 2457 1460 2496 con-

210 2543 353 2612 cubinos,
369 2539 427 2602 sed
442 2545 664 2621 πορνευομένας
680 2538 854 2620 dicendas,
876 2536 1095 2622 indignasque
1112 2540 1368 2604 concubinarum
1379 2543 1460 2626 juri-

209 2649 270 2710 bus
287 2646 432 2732 judicat:
449 2647 529 2710 Noa.
546 2647 670 2708 XVIII.
691 2669 716 2708 c.
731 2648 761 2708 5.
787 2647 926 2709 Minime
950 2645 1095 2708 omnium
1117 2645 1283 2711 intereas
1305 2670 1460 2732 personas

212 2755 367 2817 honestus
387 2762 457 2816 erat
477 2755 728 2835 concubinatus,
744 2775 824 2838 quas
846 2755 1013 2837 sanguinis
1028 2753 1258 2838 propinquitas
1273 2757 1329 2819 vel
1347 2757 1459 2820 adlini-

210 2872 259 2927 tas
282 2885 301 2925 a
317 2861 524 2926 matrimonio
546 2863 696 2944 arcebat,
716 2871 751 2926 ut
774 2861 893 2946 passim
915 2861 1016 2924 docet
1034 2860 1213 2944 Ulpianus:
1230 2860 1267 2925 1..
1286 2863 1316 2938 1.
1333 2864 1363 2945 §.
1377 2864 1408 2926 3.
1423 2866 1459 2926 n

211 2971 249 3031 de
267 2969 397 3032 Consul.
413 2969 451 3032 L.
465 2970 515 3032 56.
531 2971 572 3032 D.
589 2972 628 3032 de
642 2973 683 3033 R.
698 2971 741 3031 N.

785 3085 814 3166 §-
835 3085 886 3147 40.

640 3199 684 3253 An
703 3208 729 3252 et
745 3201 873 3284 ipqenuae
891 3201 1035 3254 honestas?

281 3303 362 3366 'Sed
392 3303 570 3387 adjecimus
597 3311 728 3383 tamen,
753 3322 796 3363 ne
822 3310 900 3365 tunc
926 3302 1059 3386 quidem
1089 3301 1199 3365 locum
1230 3305 1458 3369 concubinatui

212 3410 328 3492 fuisse,
344 3411 371 3472 si
390 3411 513 3473 femina
530 3417 616 3472 esset
631 3409 723 3490 talis,
741 3409 914 3471 utineam
932 3417 1077 3494 stuprum
1095 3411 1366 3475 committeretur.
1389 3413 1458 3475 Stu-
1514 3405 1515 3458 l

211 3539 305 3602 prum
321 3539 400 3581 vero
417 3517 631 3580 committitur
646 3516 679 3579 in
697 3515 858 3600 virginem
874 3516 929 3579 vel
945 3516 1076 3579 viduam
1099 3519 1292 3602 ingenuam,
1309 3521 1458 3604 vitaeque

281 3725 310 3792 s)
331 3725 407 3778 Male
424 3723 576 3777 intellectus
595 3722 700 3790 Cujacii
718 3725 794 3776 locus
812 3724 847 3776 ab
864 3725 992 3786 Auctore,
1010 3722 1090 3790 quasi
1102 3723 1203 3776 dixerit
1219 3723 1273 3789 ille,
1286 3724 1398 3780 licuisse
1413 3723 1459 3777 ciri

212 3811 338 3864 Murano
356 3811 453 3862 eodem
470 3815 592 3874 tempore
609 3812 636 3858 et
652 3823 768 3860 uxorem
785 3812 813 3859 et
829 3807 1007 3861 concubinam
1019 3809 1126 3860 habere.
1145 3809 1221 3862 Nihil
1233 3810 1355 3875 profecto
1366 3812 1459 3864 minus.

213 3895 290 3948 Idem
309 3894 380 3947 dixit
397 3895 439 3946 vir
457 3909 581 3960 magnus,
600 3898 628 3943 at
645 3893 725 3958 plane
749 3899 777 3944 et
802 3892 928 3956 dilucide,
946 3894 1021 3960 quod
1039 3891 1202 3946 Heinecciua
1227 3895 1280 3946 hoc
1304 3894 1334 3946 in
1358 3899 1419 3948 loco
1437 3899 1460 3945 et

213 3981 348 4049 sequenti,
367 3978 511 4032 obscurius
529 3985 628 4041 tamen,
646 3977 728 4030 refert
748 3977 860 4045 (melius
878 3976 906 4028 in
923 3981 1065 4029 comment.
1083 3977 1120 4028 ad
1137 3977 1169 4028 1..
1186 3977 1242 4030 Jul.
1259 3986 1287 4031 et
1304 3981 1337 4031 P.
1355 3981 1388 4032 P.
1405 3979 1459 4030 Lib.

213 4067 248 4118 Π.
268 4083 291 4118 c.
308 4071 334 4118 4.
352 4065 373 4131 ξ.
390 4065 442 4128 ¹t),
457 4063 585 4115 nimirum
609 4080 671 4115 cum
693 4064 815 4130 ingenua·
835 4061 1045 4114 concubinatum
1064 4061 1193 4114 constitui
1210 4079 1267 4116 non
1293 4079 1388 4128 posse,
1412 4060 1459 4116 uisi
1514 4111 1515 4140 ,

212 4153 256 4204 vel
275 4150 419 4202 testatione
436 4147 604 4213 interposita,
623 4149 667 4200 vel
684 4147 743 4199 siue
760 4147 911 4209 testatione,
929 4148 954 4200 si
971 4148 1089 4200 obscuro
1107 4149 1168 4200 loco
1186 4153 1249 4200 nata
1267 4148 1312 4209 sit.
1323 4152 1367 4201 vel
1384 4151 1459 4213 vulgo
1514 4199 1515 4214 ,

214 4241 358 4304 quaestum
376 4233 476 4297 fecerit,
494 4235 583 4286 aliove
600 4233 683 4284 modo
696 4233 825 4284 honestae
836 4232 970 4284 foeminae
978 4233 1026 4298 jus
1041 4237 1068 4284 et
1081 4247 1181 4284 nomeu
1194 4233 1329 4295 amiserit:
1348 4234 1376 4286 id
1391 4233 1459 4301 quod
1514 4219 1515 4304 l

212 4319 252 4372 ita
271 4319 396 4382 obtinuit,
415 4336 449 4370 ne
467 4324 567 4370 temere
584 4316 781 4368 concubinatus
800 4319 1003 4370 contraheretur
1021 4334 1084 4369 cum
1102 4317 1238 4383 ejusmodi
1255 4319 1377 4382 muliere,
1398 4332 1459 4386 qua·

215 4421 278 4456 cum
296 4405 399 4470 nuptiis
413 4403 493 4471 jungi
519 4400 660 4455 honestius
682 4399 771 4452 visum
788 4407 837 4453 est
855 4431 888 4440 -—
907 4403 949 4456 cf.
968 4404 1002 4454 G.
1020 4403 1138 4454 Jordcns
1156 4401 1235 4467 Disp.
1259 4403 1281 4454 I.
1305 4405 1338 4454 dc
1361 4403 1458 4470 lepidus.

218 4489 261 4556 (in
279 4489 459 4555 Fellenbergii
476 4489 595 4557 Jurispr.
613 4487 722 4554 antiquo
741 4487 773 4538 Τ.
791 4487 827 4540 11.
846 4489 928 4540 Num.
946 4488 1056 4556 XVII.)
1077 4487 1144 4551 esp.
1162 4488 1212 4541 111.
1231 4487 1252 4554 ξ.
1270 4491 1296 4542 Β.
1315 4487 1400 4542 Mtal.
