3080 5154
548 435 602 504 lln
625 435 778 506 Nnorrrs.

203 614 321 674 Fsotsts‘
329 615 473 693 potrr‘um
486 611 617 676 dtherst's
631 614 777 696 gentibus
794 632 907 678 unum:

243 720 374 802 Profuit
387 722 530 802 injustis,
545 728 577 782 to
592 721 787 793 domr‘rrunte,
805 725 893 803 oapi:

202 829 350 908 Dumque
368 829 462 910 offers
480 831 569 890 vietsb
584 830 712 909 propris·
722 847 905 890 consonum
914 831 1019 910 juris,

250 935 363 997 Urbem
369 936 490 1016 seor'str',
506 935 590 1016 quod
597 940 690 1019 prius
708 935 800 997 Orlr‘s
814 943 893 996 erut.

489 1130 495 1142 .
611 1086 640 1167 ς.
663 1086 713 1148 17.

366 1167 418 1237 IV.
439 1185 579 1238 Gratiarum
591 1184 787 1254 prohibitorum
806 1183 958 1238 observatio.

125 1285 266 1349 Adsedit
281 1285 344 1350 IV.
364 1285 588 1350 consideratio
607 1287 769 1369 graduum
789 1291 996 1366 cognationis,
1010 1296 1175 1371 tamquam
1192 1310 1289 1371 quar-

64 1404 112 1458 tum
126 1397 282 1480 justarum
308 1394 492 1478 nuptiarum
520 1394 723 1480 requisitum.
759 1393 855 1471 Quae
879 1393 1037 1477 graduum
1053 1398 1084 1473 ⁸)
1106 1395 1289 1478 prohibitio

65 1525 112 1584 quo
123 1524 219 1588 usque
239 1502 452 1585 extendatur,
467 1501 546 1566 Jcti
562 1502 752 1585 ostendunt,
773 1510 806 1565 et
824 1503 966 1565 maxime
984 1501 1120 1564 illustris
1134 1501 1288 1566 Thomas.

65 1613 127 1671 Diss.
144 1612 186 1673 od
199 1612 301 1694 Legg.
319 1609 414 1674 1..18.
430 1632 474 1692 sq.
488 1633 521 1692 p.
536 1609 587 1672 59.
604 1632 648 1693 sq.
661 1611 701 1684 ¹³).

613 1761 642 1844 ς.
663 1761 714 1826 rs.

449 1911 456 1934 ,
553 1863 581 1916 V.
600 1861 778 1930 Monoqomr'a'.

124 1963 277 2048 Denique
286 1963 329 2026 V.
337 1945 519 2045 polygomr‘o
533 1971 606 2027 erat
623 1963 711 2047 apud
723 1960 893 2027 Romanos
906 1961 1086 2044 prohibita,
1102 1985 1198 2048 quam
1211 1963 1289 2048 lege

64 2071 204 2154 stabilire,
229 2079 384 2154 auctore,
404 2078 440 2134 ut
465 2071 652 2154 putabatur,
672 2070 833 2153 Caesare,
853 2072 1034 2147 conabatur
1058 2071 1179 2136 Helius
1205 2072 1290 2137 Cae-

63 2179 133 2260 rina,
148 2179 314 2242 Tribunus
336 2177 461 2262 plebis:
481 2177 539 2242 sed
563 2200 603 2242 ea
626 2177 683 2242 lex
706 2200 748 2242 ne
767 2179 975 2264 promulgata
997 2179 1146 2264 quidem,
1169 2180 1290 2245 nedum

62 2287 167 2368 perlata
185 2287 264 2351 fuit:
286 2285 421 2348 Sueton.
442 2288 505 2349 Jul.
519 2286 570 2348 52.
599 2286 728 2348 Primus
746 2285 970 2349 Romanorum
993 2287 1177 2370 Antonius,
1199 2290 1290 2373 quod

62 2402 139 2457 antea
152 2395 345 2478 inauditum,
364 2395 443 2457 duas
456 2395 490 2456 in
510 2394 720 2457 matrimonio
733 2415 854 2457 uxores
870 2393 995 2475 habuit,
1010 2402 1095 2457 teste
1108 2394 1290 2459 Plutarcho

62 2500 85 2562 in
110 2504 203 2585 Comp.
228 2505 351 2564 Demet.
373 2524 398 2564 o.
424 2505 499 2564 Ant.
515 2502 545 2563 4.
580 2502 705 2568 Postea
739 2511 773 2566 et
795 2501 1049 2566 Valentinianus
1071 2502 1186 2587 junior
1212 2503 1291 2590 lege

62 2618 207 2692 sanxerat,
227 2619 264 2674 ut
286 2609 408 2673 liceret
431 2610 534 2672 cuivis
560 2609 632 2672 viro
647 2610 727 2674 duas
753 2631 874 2673 uxores
896 2609 1035 2673 ducere:
1059 2610 1186 2676 Socrat.
1206 2613 1291 2678 Hor.

62 2721 120 2778 eccl.
131 2717 176 2808 W:
186 2715 236 2780 31.
248 2718 389 2802 Niceph.
402 2718 487 2779 Ht'st.
501 2719 572 2778 eccl.
586 2721 633 2778 11.
645 2717 696 2782 33.
713 2717 818 2803 [Add.
834 2717 1028 2782 Tillemont.
1046 2720 1166 2784 Hister.
1178 2722 1292 2804 Impar.
1371 2777 1374 2782 .

66 2823 132 2885 nm.
152 2826 183 2888 V.
198 2827 293 2888 Part.
311 2827 338 2887 Ι.
351 2848 385 2907 p.
399 2821 488 2908 345]
510 2823 578 2886 Sed
596 2846 658 2908 nec
676 2848 717 2890 ea
742 2826 875 2912 quidem
899 2826 1106 2909 constitutio,
1131 2828 1290 2891 amolien-

64 2929 112 2991 dae
125 2932 197 2997 facti
212 2933 340 3017 proprii
360 2932 554 3017 turpitudini
570 2934 776 3017 inservitura,
801 2932 906 2997 valuit
920 2934 1009 3017 apud
1022 2944 1189 3019 posteros:
1200 2937 1289 3000 Bris-

65 3058 118 3101 son.
133 3042 168 3102 de
181 3043 259 3104 Jare
275 3042 404 3102 senaab.
417 3063 452 3123 p.
472 3039 544 3102 292.

354 3221 606 3287 ADPENDIX
628 3223 778 3290 HUJUS
800 3218 974 3288 TITULI.

648 3355 683 3392 DE

449 3413 829 3520 nuorrrnxrroun
845 3429 902 3537 ο).

129 3586 222 3652 Alter
240 3588 357 3652 modus
370 3589 599 3652 'constituendi
617 3588 757 3673 patriam
776 3557 976 3670 potestatem
996 3594 1046 3650 est
1059 3603 1293 3670 nuorrrmxrm,

117 3776 144 3841 a)
165 3777 305 3829 Graedurrm
329 3773 456 3844 equidem
478 3775 710 3843 computationem
733 3775 769 3826 ad
788 3776 875 3826 solam
896 3772 1049 3828 doctrinam
1068 3775 1102 3827 de
1122 3776 1296 3830 suooessioue

65 3857 176 3933 pertinere
192 3867 299 3927 putant,
316 3862 392 3914 velut
405 3863 533 3914 Thomas.
552 3861 570 3913 1.
589 3879 610 3912 c.
625 3879 655 3930 p.
672 3865 714 3913 65.
734 3860 788 3911 Sed
806 3863 834 3910 et
850 3864 953 3912 veteres
968 3859 1031 3912 Jcti
1049 3861 1151 3926 gradus
1168 3877 1295 3914 numera-

64 3947 113 3994 runt
133 3943 158 3998 in
181 3946 306 3998 doouina
329 3946 368 3998 de
387 3945 500 4014 nuptiis.
530 3945 694 4012 Exemplum
717 3943 829 4010 Ulpiani
852 3943 939 3997 estin
961 3941 1056 3996 Collat.
1074 3945 1156 4014 leyq.
1175 3945 1244 3997 Mor.
1270 3955 1295 3998 et

64 4026 126 4082 rm.
149 4031 191 4084 rr.
209 4037 234 4085 2.
258 4031 339 4084 ma.
484 4019 487 4024 ’

117 4115 144 4180 b)
163 4116 316 4185 Quousque
334 4117 435 4169 h'berae
453 4114 617 4181 reipublicae
640 4114 809 4184 temporibus
830 4120 942 4182 proptor
959 4110 1129 4180 eoguationis
1146 4112 1295 4166 affinitatis-

64 4213 105 4262 que
120 4200 318 4265 proximitatem
330 4201 429 4254 vetitae
446 4199 547 4254 tuerint
564 4200 690 4266 nuptiae?
707 4202 763 4255 vid.
778 4201 893 4254 Klenne:
913 4199 954 4250 dtr
970 4198 1103 4267 Goynoten
1115 4198 1171 4249 und
1184 4198 1294 4266 Affinert

63 4283 116 4334 nath
131 4285 207 4340 R'o'm.
224 4287 262 4354 R,
279 4279 310 4338 iu'
327 4287 458 4340 zeitschr.
476 4287 494 4338 f.
511 4287 602 4353 gesoh.
622 4288 655 4340 R.
674 4285 721 4340 W.
740 4287 772 4338 T.
789 4283 907 4338 VL'Nr.
926 4285 949 4335 1.
968 4301 995 4350 p.
1017 4286 1090 4336 17-
1105 4285 1148 4333 21.
1170 4311 1202 4320 -
1227 4277 1297 4335 Uni·

22 4441 23 4449 *
63 4369 144 4421 terrim
161 4378 251 4423 autem
269 4371 305 4424 do
321 4369 527 4438 mutationibus,
546 4387 615 4440 quas
630 4375 716 4423 tottam
731 4371 784 4424 boo
795 4371 844 4438 jus
856 4369 977 4433 subterit,
987 4362 1042 4420 rid}
1055 4365 1193 4418 Zimn'reru
1210 4365 1246 4420 R.
1261 4363 1295 4420 0.

64 4449 80 4514 't-
96 4458 146 4508 rso.
170 4456 257 4508 murt.

118 4540 145 4607 o)
163 4543 209 4595 Ge.
228 4542 347 4594 Jordens
364 4541 438 4594 Diss.
457 4542 479 4593 I.
496 4541 532 4593 Il.
551 4542 583 4592 da
601 4540 794 4610 lepidmatione.
820 4541 894 4608 Trsj.
913 4540 948 4592 ad
965 4539 1018 4592 Rh.
1038 4540 1113 4591 1⁷42.
1135 4541 1211 4591 1743.
1228 4542 1254 4590 4.
1271 4541 1299 4590 et

65 4615 86 4668 in
101 4622 163 4678 Dan.
177 4625 357 4703 Pellenbergii
372 4626 524 4694 jurisprud.
542 4625 627 4693 antiq.
647 4629 679 4678 Τ.
699 4627 733 4678 ll.
751 4644 778 4692 p.
796 4630 849 4678 325
860 4653 895 4665 -
905 4629 966 4680 est.
995 4622 1084 4678 Harl.

439 4715 444 4742 l
