<?xml version="1.0" encoding="UTF-8"?>
<!DOCTYPE html PUBLIC "-//W3C//DTD XHTML 1.0 Transitional//EN"
    "http://www.w3.org/TR/xhtml1/DTD/xhtml1-transitional.dtd">
<html xmlns="http://www.w3.org/1999/xhtml" xml:lang="en" lang="en">
 <head>
  <title>
</title>
<meta http-equiv="Content-Type" content="text/html;charset=utf-8" />
  <meta name='ocr-system' content='tesseract 3.04.00' />
  <meta name='ocr-capabilities' content='ocr_page ocr_carea ocr_par ocr_line ocrx_word'/>
</head>
<body>
  <div class='ocr_page' id='page_1' title='image "./jogottliebheine00haubgoog_0503.png"; bbox 0 0 3030 5160; ppageno 0'>
   <div class='ocr_carea' id='block_1_1' title="bbox 76 297 1090 446">
    <p class='ocr_par' dir='ltr' id='par_1_1' title="bbox 76 297 1090 446">
     <span class='ocr_line' id='line_1_1' title="bbox 76 297 1090 446; baseline -0.01 -16"><span class='ocrx_word' id='word_1_1' title='bbox 76 297 79 311; x_wconf 40' lang='grc' dir='ltr'>Ι</span> <span class='ocrx_word' id='word_1_2' title='bbox 190 360 262 430; x_wconf 70' lang='grc'>452</span> <span class='ocrx_word' id='word_1_3' title='bbox 462 439 466 446; x_wconf 88' lang='lat'>.</span> <span class='ocrx_word' id='word_1_4' title='bbox 539 353 614 422; x_wconf 81' lang='lat' dir='ltr'>Ina</span> <span class='ocrx_word' id='word_1_5' title='bbox 639 351 684 420; x_wconf 91' lang='lat' dir='ltr'>ll.</span> <span class='ocrx_word' id='word_1_6' title='bbox 708 351 788 420; x_wconf 90' lang='lat' dir='ltr'>Trr.</span> <span class='ocrx_word' id='word_1_7' title='bbox 802 349 1090 422; x_wconf 71' lang='lat' dir='ltr'>,xxm-XXV.</span> 
     </span>
    </p>
   </div>
   <div class='ocr_carea' id='block_1_2' title="bbox 550 529 1081 711">
    <p class='ocr_par' dir='ltr' id='par_1_2' title="bbox 550 529 1081 711">
     <span class='ocr_line' id='line_1_2' title="bbox 794 529 854 592; baseline -0.033 0"><span class='ocrx_word' id='word_1_8' title='bbox 794 576 803 592; x_wconf 92' lang='lat'>.</span> <span class='ocrx_word' id='word_1_9' title='bbox 822 529 854 591; x_wconf 80' lang='lat'>5.</span> 
     </span>
     <span class='ocr_line' id='line_1_3' title="bbox 550 529 1081 711; baseline -0.009 -10"><span class='ocrx_word' id='word_1_10' title='bbox 550 529 810 700; x_wconf 48' lang='lat' dir='ltr'>mmai..</span> <span class='ocrx_word' id='word_1_11' title='bbox 831 643 1026 698; x_wconf 54' lang='lat' dir='ltr'>nezanum</span> <span class='ocrx_word' id='word_1_12' title='bbox 1040 641 1081 711; x_wconf 83' lang='lat' dir='ltr'>r).</span> 
     </span>
    </p>
   </div>
   <div class='ocr_carea' id='block_1_3' title="bbox 131 743 1452 2232">
    <p class='ocr_par' dir='ltr' id='par_1_3' title="bbox 131 743 1452 2232">
     <span class='ocr_line' id='line_1_4' title="bbox 275 743 1452 830; baseline -0.003 -20"><span class='ocrx_word' id='word_1_13' title='bbox 275 748 386 826; x_wconf 85' lang='lat' dir='ltr'>Quum</span> <span class='ocrx_word' id='word_1_14' title='bbox 397 767 479 830; x_wconf 82' lang='lat' dir='ltr'>ergo</span> <span class='ocrx_word' id='word_1_15' title='bbox 503 745 610 810; x_wconf 86' lang='lat' dir='ltr'>semel</span> <span class='ocrx_word' id='word_1_16' title='bbox 632 747 795 810; x_wconf 88' lang='lat' dir='ltr'>fiduciarii</span> <span class='ocrx_word' id='word_1_17' title='bbox 818 753 928 809; x_wconf 78' lang='lat' dir='ltr'>essent</span> <span class='ocrx_word' id='word_1_18' title='bbox 948 753 1040 808; x_wconf 87' lang='lat' dir='ltr'>certa</span> <span class='ocrx_word' id='word_1_19' title='bbox 1055 743 1141 830; x_wconf 87' lang='lat' dir='ltr'>juris</span> <span class='ocrx_word' id='word_1_20' title='bbox 1159 743 1365 809; x_wconf 76' lang='lat' dir='ltr'>necessitate</span> <span class='ocrx_word' id='word_1_21' title='bbox 1390 745 1452 807; x_wconf 95' lang='lat' dir='ltr'>ob-</span> 
     </span>
     <span class='ocr_line' id='line_1_5' title="bbox 190 852 1450 938; baseline -0.004 -18"><span class='ocrx_word' id='word_1_22' title='bbox 190 855 309 937; x_wconf 88' lang='lat' dir='ltr'>strioti,</span> <span class='ocrx_word' id='word_1_23' title='bbox 324 875 434 938; x_wconf 88' lang='lat' dir='ltr'>neque</span> <span class='ocrx_word' id='word_1_24' title='bbox 449 853 587 937; x_wconf 88' lang='lat' dir='ltr'>amplius</span> <span class='ocrx_word' id='word_1_25' title='bbox 607 854 932 918; x_wconf 88' lang='lat' dir='ltr'>fideicommissorum</span> <span class='ocrx_word' id='word_1_26' title='bbox 953 853 1120 916; x_wconf 82' lang='lat' dir='ltr'>restitutio</span> <span class='ocrx_word' id='word_1_27' title='bbox 1140 873 1185 916; x_wconf 86' lang='lat' dir='ltr'>ex</span> <span class='ocrx_word' id='word_1_28' title='bbox 1206 852 1373 916; x_wconf 83' lang='lat' dir='ltr'><strong>heredum</strong></span> <span class='ocrx_word' id='word_1_29' title='bbox 1391 875 1450 916; x_wconf 85' lang='lat' dir='ltr'>vo·</span> 
     </span>
     <span class='ocr_line' id='line_1_6' title="bbox 131 954 1448 1048; baseline -0.004 -19"><span class='ocrx_word' id='word_1_30' title='bbox 131 1035 132 1040; x_wconf 6' lang='grc' dir='ltr'><strong><em>ῒ</em></strong></span> <span class='ocrx_word' id='word_1_31' title='bbox 189 965 319 1028; x_wconf 87' lang='lat' dir='ltr'>luntate</span> <span class='ocrx_word' id='word_1_32' title='bbox 330 961 508 1046; x_wconf 83' lang='lat' dir='ltr'>penderet:</span> <span class='ocrx_word' id='word_1_33' title='bbox 525 961 645 1025; x_wconf 78' lang='lat' dir='ltr'>tactum</span> <span class='ocrx_word' id='word_1_34' title='bbox 662 970 723 1044; x_wconf 91' lang='lat' dir='ltr'>est,</span> <span class='ocrx_word' id='word_1_35' title='bbox 735 969 770 1026; x_wconf 91' lang='lat' dir='ltr'>ut</span> <span class='ocrx_word' id='word_1_36' title='bbox 785 983 886 1047; x_wconf 82' lang='lat' dir='ltr'>saepe</span> <span class='ocrx_word' id='word_1_37' title='bbox 900 963 935 1025; x_wconf 92' lang='lat' dir='ltr'>in</span> <span class='ocrx_word' id='word_1_38' title='bbox 950 954 1038 1026; x_wconf 88' lang='lat' dir='ltr'>hunc</span> <span class='ocrx_word' id='word_1_39' title='bbox 1053 983 1135 1024; x_wconf 91' lang='lat' dir='ltr'>onus</span> <span class='ocrx_word' id='word_1_40' title='bbox 1146 981 1245 1023; x_wconf 92' lang='lat' dir='ltr'>omne</span> <span class='ocrx_word' id='word_1_41' title='bbox 1261 961 1448 1048; x_wconf 79' lang='lat' dir='ltr'>obligatio-</span> 
     </span>
     <span class='ocr_line' id='line_1_7' title="bbox 189 1068 1449 1154; baseline 0 -18"><span class='ocrx_word' id='word_1_42' title='bbox 189 1095 286 1154; x_wconf 89' lang='lat' dir='ltr'>num,</span> <span class='ocrx_word' id='word_1_43' title='bbox 317 1068 523 1153; x_wconf 84' lang='lat' dir='ltr'>commodum</span> <span class='ocrx_word' id='word_1_44' title='bbox 546 1091 628 1133; x_wconf 92' lang='lat' dir='ltr'>vero</span> <span class='ocrx_word' id='word_1_45' title='bbox 651 1071 686 1133; x_wconf 91' lang='lat' dir='ltr'>in</span> <span class='ocrx_word' id='word_1_46' title='bbox 715 1069 1049 1134; x_wconf 85' lang='lat' dir='ltr'>fideicommissarium</span> <span class='ocrx_word' id='word_1_47' title='bbox 1073 1069 1313 1133; x_wconf 80' lang='lat' dir='ltr'>transferretur.</span> <span class='ocrx_word' id='word_1_48' title='bbox 1344 1069 1449 1154; x_wconf 87' lang='lat' dir='ltr'>Cujus</span> 
     </span>
     <span class='ocr_line' id='line_1_8' title="bbox 189 1177 1448 1263; baseline -0.003 -19"><span class='ocrx_word' id='word_1_49' title='bbox 189 1181 240 1244; x_wconf 88' lang='lat' dir='ltr'>rei</span> <span class='ocrx_word' id='word_1_50' title='bbox 266 1201 378 1244; x_wconf 87' lang='lat' dir='ltr'>caussa</span> <span class='ocrx_word' id='word_1_51' title='bbox 403 1200 502 1263; x_wconf 90' lang='lat' dir='ltr'>quum</span> <span class='ocrx_word' id='word_1_52' title='bbox 526 1178 615 1242; x_wconf 85' lang='lat' dir='ltr'>haud</span> <span class='ocrx_word' id='word_1_53' title='bbox 638 1199 714 1241; x_wconf 88' lang='lat' dir='ltr'>raro</span> <span class='ocrx_word' id='word_1_54' title='bbox 737 1185 935 1241; x_wconf 87' lang='lat' dir='ltr'>testamenta</span> <span class='ocrx_word' id='word_1_55' title='bbox 957 1177 1232 1244; x_wconf 89' lang='lat' dir='ltr'>destituerentur:</span> <span class='ocrx_word' id='word_1_56' title='bbox 1256 1178 1448 1262; x_wconf 78' lang='lat' dir='ltr'>imperante</span> 
     </span>
     <span class='ocr_line' id='line_1_9' title="bbox 190 1284 1447 1370; baseline -0.005 -17"><span class='ocrx_word' id='word_1_57' title='bbox 190 1289 327 1353; x_wconf 86' lang='lat' dir='ltr'>Nerone</span> <span class='ocrx_word' id='word_1_58' title='bbox 343 1286 440 1352; x_wconf 85' lang='lat' dir='ltr'><strong>VIII.</strong></span> <span class='ocrx_word' id='word_1_59' title='bbox 459 1285 536 1348; x_wconf 87' lang='lat' dir='ltr'>Kal.</span> <span class='ocrx_word' id='word_1_60' title='bbox 560 1286 651 1370; x_wconf 89' lang='lat' dir='ltr'>Sept.</span> <span class='ocrx_word' id='word_1_61' title='bbox 667 1287 705 1350; x_wconf 66' lang='grc' dir='ltr'>Ι..</span> <span class='ocrx_word' id='word_1_62' title='bbox 720 1287 863 1350; x_wconf 88' lang='lat' dir='ltr'>Annaeo</span> <span class='ocrx_word' id='word_1_63' title='bbox 887 1284 1016 1348; x_wconf 83' lang='lat' dir='ltr'>Seneca</span> <span class='ocrx_word' id='word_1_64' title='bbox 1038 1293 1073 1348; x_wconf 92' lang='lat' dir='ltr'>et</span> <span class='ocrx_word' id='word_1_65' title='bbox 1096 1284 1272 1348; x_wconf 86' lang='lat' dir='ltr'>Trebellio</span> <span class='ocrx_word' id='word_1_66' title='bbox 1294 1285 1447 1349; x_wconf 80' lang='lat' dir='ltr'>Maximo</span> 
     </span>
     <span class='ocr_line' id='line_1_10' title="bbox 191 1392 1447 1476; baseline -0.002 -16"><span class='ocrx_word' id='word_1_67' title='bbox 191 1397 283 1460; x_wconf 84' lang='lat' dir='ltr'>Coss.</span> <span class='ocrx_word' id='word_1_68' title='bbox 299 1394 441 1459; x_wconf 82' lang='lat' dir='ltr'>suffectis</span> <span class='ocrx_word' id='word_1_69' title='bbox 456 1394 578 1458; x_wconf 89' lang='lat' dir='ltr'>facturn</span> <span class='ocrx_word' id='word_1_70' title='bbox 591 1401 642 1458; x_wconf 90' lang='lat' dir='ltr'>est</span> <span class='ocrx_word' id='word_1_71' title='bbox 653 1392 786 1476; x_wconf 88' lang='lat' dir='ltr'>SCtum,</span> <span class='ocrx_word' id='word_1_72' title='bbox 797 1401 845 1475; x_wconf 93' lang='lat' dir='ltr'>ut,</span> <span class='ocrx_word' id='word_1_73' title='bbox 858 1393 1010 1458; x_wconf 87' lang='lat' dir='ltr'>restituta</span> <span class='ocrx_word' id='word_1_74' title='bbox 1022 1415 1066 1456; x_wconf 86' lang='lat' dir='ltr'>ex</span> <span class='ocrx_word' id='word_1_75' title='bbox 1079 1399 1279 1474; x_wconf 83' lang='lat' dir='ltr'>testamento</span> <span class='ocrx_word' id='word_1_76' title='bbox 1291 1393 1447 1457; x_wconf 84' lang='lat' dir='ltr'>universa</span> 
     </span>
     <span class='ocr_line' id='line_1_11' title="bbox 189 1500 1443 1587; baseline -0.003 -19"><span class='ocrx_word' id='word_1_77' title='bbox 189 1503 395 1584; x_wconf 89' lang='lat' dir='ltr'>hereditate,</span> <span class='ocrx_word' id='word_1_78' title='bbox 419 1502 566 1567; x_wconf 83' lang='lat' dir='ltr'>actiones</span> <span class='ocrx_word' id='word_1_79' title='bbox 590 1523 719 1576; x_wconf 89' lang='lat' dir='ltr'>omnes,</span> <span class='ocrx_word' id='word_1_80' title='bbox 736 1523 821 1587; x_wconf 87' lang='lat' dir='ltr'>quae</span> <span class='ocrx_word' id='word_1_81' title='bbox 844 1500 962 1564; x_wconf 90' lang='lat' dir='ltr'>heredi</span> <span class='ocrx_word' id='word_1_82' title='bbox 986 1511 1021 1566; x_wconf 87' lang='lat' dir='ltr'>et</span> <span class='ocrx_word' id='word_1_83' title='bbox 1041 1503 1076 1566; x_wconf 82' lang='lat' dir='ltr'>ln</span> <span class='ocrx_word' id='word_1_84' title='bbox 1098 1501 1257 1566; x_wconf 88' lang='lat' dir='ltr'>heredem</span> <span class='ocrx_word' id='word_1_85' title='bbox 1273 1511 1443 1585; x_wconf 87' lang='lat' dir='ltr'>compete-</span> 
     </span>
     <span class='ocr_line' id='line_1_12' title="bbox 190 1609 1443 1704; baseline -0.003 -27"><span class='ocrx_word' id='word_1_86' title='bbox 190 1615 286 1692; x_wconf 86' lang='lat' dir='ltr'>bant,</span> <span class='ocrx_word' id='word_1_87' title='bbox 306 1611 401 1674; x_wconf 90' lang='lat' dir='ltr'>simul</span> <span class='ocrx_word' id='word_1_88' title='bbox 418 1631 492 1674; x_wconf 87' lang='lat' dir='ltr'>curn</span> <span class='ocrx_word' id='word_1_89' title='bbox 513 1609 708 1704; x_wconf 76' lang='lat' dir='ltr'>hereditatis</span> <span class='ocrx_word' id='word_1_90' title='bbox 724 1609 897 1700; x_wconf 82' lang='lat' dir='ltr'>commodo</span> <span class='ocrx_word' id='word_1_91' title='bbox 913 1610 1091 1673; x_wconf 83' lang='lat' dir='ltr'>transirent</span> <span class='ocrx_word' id='word_1_92' title='bbox 1110 1609 1145 1672; x_wconf 92' lang='lat' dir='ltr'>in</span> <span class='ocrx_word' id='word_1_93' title='bbox 1161 1631 1253 1690; x_wconf 89' lang='lat' dir='ltr'>eum,</span> <span class='ocrx_word' id='word_1_94' title='bbox 1276 1610 1333 1673; x_wconf 87' lang='lat' dir='ltr'>cui</span> <span class='ocrx_word' id='word_1_95' title='bbox 1351 1611 1443 1673; x_wconf 90' lang='lat' dir='ltr'>resti·</span> 
     </span>
     <span class='ocr_line' id='line_1_13' title="bbox 191 1716 1441 1800; baseline 0 -18"><span class='ocrx_word' id='word_1_96' title='bbox 191 1727 340 1783; x_wconf 90' lang='lat' dir='ltr'>tueretur</span> <span class='ocrx_word' id='word_1_97' title='bbox 361 1718 543 1782; x_wconf 82' lang='lat' dir='ltr'>hereditas:</span> <span class='ocrx_word' id='word_1_98' title='bbox 573 1720 602 1800; x_wconf 82' lang='lat'>§.</span> <span class='ocrx_word' id='word_1_99' title='bbox 623 1718 655 1780; x_wconf 85' lang='grc'>4.</span> <span class='ocrx_word' id='word_1_100' title='bbox 674 1720 751 1780; x_wconf 80' lang='lat' dir='ltr'>last.</span> <span class='ocrx_word' id='word_1_101' title='bbox 772 1720 801 1780; x_wconf 81' lang='lat' dir='ltr'>h.</span> <span class='ocrx_word' id='word_1_102' title='bbox 822 1727 843 1779; x_wconf 83' lang='lat' dir='ltr'>t.</span> <span class='ocrx_word' id='word_1_103' title='bbox 873 1716 951 1779; x_wconf 92' lang='lat' dir='ltr'>Non</span> <span class='ocrx_word' id='word_1_104' title='bbox 974 1739 1056 1781; x_wconf 88' lang='lat' dir='ltr'>vero</span> <span class='ocrx_word' id='word_1_105' title='bbox 1079 1717 1205 1780; x_wconf 87' lang='lat' dir='ltr'>directe</span> <span class='ocrx_word' id='word_1_106' title='bbox 1228 1717 1381 1780; x_wconf 80' lang='lat' dir='ltr'>actiones</span> <span class='ocrx_word' id='word_1_107' title='bbox 1402 1719 1441 1782; x_wconf 89' lang='lat' dir='ltr'>ab</span> 
     </span>
     <span class='ocr_line' id='line_1_14' title="bbox 188 1825 1436 1907; baseline -0.003 -17"><span class='ocrx_word' id='word_1_108' title='bbox 188 1826 316 1890; x_wconf 88' lang='lat' dir='ltr'>herede</span> <span class='ocrx_word' id='word_1_109' title='bbox 331 1827 596 1907; x_wconf 88' lang='lat' dir='ltr'>removebantur,</span> <span class='ocrx_word' id='word_1_110' title='bbox 612 1826 671 1889; x_wconf 92' lang='lat' dir='ltr'>sed</span> <span class='ocrx_word' id='word_1_111' title='bbox 687 1825 785 1888; x_wconf 89' lang='lat' dir='ltr'>utiles</span> <span class='ocrx_word' id='word_1_112' title='bbox 800 1832 926 1888; x_wconf 85' lang='lat' dir='ltr'>tantum</span> <span class='ocrx_word' id='word_1_113' title='bbox 942 1825 1245 1888; x_wconf 84' lang='lat' dir='ltr'>fideicommissario</span> <span class='ocrx_word' id='word_1_114' title='bbox 1270 1826 1354 1888; x_wconf 92' lang='lat' dir='ltr'>etin</span> <span class='ocrx_word' id='word_1_115' title='bbox 1369 1847 1436 1887; x_wconf 91' lang='lat' dir='ltr'>eurn</span> 
     </span>
     <span class='ocr_line' id='line_1_15' title="bbox 191 1931 1438 2019; baseline -0.003 -21"><span class='ocrx_word' id='word_1_116' title='bbox 191 1935 356 1999; x_wconf 88' lang='lat' dir='ltr'>dabantur</span> <span class='ocrx_word' id='word_1_117' title='bbox 375 1955 395 1997; x_wconf 87' lang='lat' dir='ltr'>a</span> <span class='ocrx_word' id='word_1_118' title='bbox 412 1933 592 2014; x_wconf 82' lang='lat' dir='ltr'>Praetore&#39;,</span> <span class='ocrx_word' id='word_1_119' title='bbox 613 1934 766 2019; x_wconf 89' lang='lat' dir='ltr'>adeoque</span> <span class='ocrx_word' id='word_1_120' title='bbox 790 1933 886 1995; x_wconf 90' lang='lat' dir='ltr'>heres</span> <span class='ocrx_word' id='word_1_121' title='bbox 909 1941 1092 1997; x_wconf 88' lang='lat' dir='ltr'>conventus</span> <span class='ocrx_word' id='word_1_122' title='bbox 1114 1955 1134 1996; x_wconf 90' lang='lat' dir='ltr'>a</span> <span class='ocrx_word' id='word_1_123' title='bbox 1157 1931 1374 1996; x_wconf 87' lang='lat' dir='ltr'>creditoribus</span> <span class='ocrx_word' id='word_1_124' title='bbox 1393 1951 1438 1994; x_wconf 83' lang='lat' dir='ltr'>ex</span> 
     </span>
     <span class='ocr_line' id='line_1_16' title="bbox 191 2040 1440 2127; baseline -0.005 -20"><span class='ocrx_word' id='word_1_125' title='bbox 191 2041 281 2107; x_wconf 87' lang='lat' dir='ltr'>scto</span> <span class='ocrx_word' id='word_1_126' title='bbox 305 2040 522 2105; x_wconf 86' lang='lat' dir='ltr'>Trebelliano</span> <span class='ocrx_word' id='word_1_127' title='bbox 543 2041 690 2106; x_wconf 88' lang='lat' dir='ltr'>habebat</span> <span class='ocrx_word' id='word_1_128' title='bbox 714 2041 961 2127; x_wconf 83' lang='lat' dir='ltr'>exceptionem:</span> <span class='ocrx_word' id='word_1_129' title='bbox 988 2043 1024 2104; x_wconf 71' lang='lat' dir='ltr'>l).</span> <span class='ocrx_word' id='word_1_130' title='bbox 1044 2041 1074 2106; x_wconf 92' lang='grc'>1.</span> <span class='ocrx_word' id='word_1_131' title='bbox 1095 2043 1123 2124; x_wconf 83' lang='lat'>§.</span> <span class='ocrx_word' id='word_1_132' title='bbox 1142 2041 1172 2104; x_wconf 78' lang='lat'>4.</span> <span class='ocrx_word' id='word_1_133' title='bbox 1195 2043 1238 2102; x_wconf 86' lang='lat' dir='ltr'>D.</span> <span class='ocrx_word' id='word_1_134' title='bbox 1260 2043 1307 2104; x_wconf 84' lang='lat' dir='ltr'>od</span> <span class='ocrx_word' id='word_1_135' title='bbox 1327 2041 1440 2103; x_wconf 69' lang='lat' dir='ltr'>sctum</span> 
     </span>
     <span class='ocr_line' id='line_1_17' title="bbox 195 2147 1156 2232; baseline 0.001 -20"><span class='ocrx_word' id='word_1_136' title='bbox 195 2151 283 2212; x_wconf 72' lang='lat' dir='ltr'>uret.</span> <span class='ocrx_word' id='word_1_137' title='bbox 298 2150 335 2212; x_wconf 72' lang='lat' dir='ltr'>J..</span> <span class='ocrx_word' id='word_1_138' title='bbox 350 2147 379 2211; x_wconf 91' lang='grc'>1.</span> <span class='ocrx_word' id='word_1_139' title='bbox 395 2151 424 2232; x_wconf 70' lang='lat' dir='ltr'>S.</span> <span class='ocrx_word' id='word_1_140' title='bbox 439 2149 469 2230; x_wconf 70' lang='lat'>8,</span> <span class='ocrx_word' id='word_1_141' title='bbox 486 2151 527 2212; x_wconf 77' lang='lat'>1).</span> <span class='ocrx_word' id='word_1_142' title='bbox 546 2151 669 2229; x_wconf 76' lang='lat' dir='ltr'>Quoad.</span> <span class='ocrx_word' id='word_1_143' title='bbox 685 2151 724 2214; x_wconf 86' lang='lat' dir='ltr'>de</span> <span class='ocrx_word' id='word_1_144' title='bbox 735 2153 835 2231; x_wconf 76' lang='lat' dir='ltr'>pecul.</span> <span class='ocrx_word' id='word_1_145' title='bbox 852 2156 911 2211; x_wconf 83' lang='lat' dir='ltr'>oct.</span> <span class='ocrx_word' id='word_1_146' title='bbox 925 2152 1035 2226; x_wconf 12' lang='lat' dir='ltr'>ueneat.</span> <span class='ocrx_word' id='word_1_147' title='bbox 1050 2158 1099 2214; x_wconf 85' lang='lat' dir='ltr'>est</span> <span class='ocrx_word' id='word_1_148' title='bbox 1110 2154 1156 2232; x_wconf 79' lang='lat' dir='ltr'>s).</span> 
     </span>
    </p>
   </div>
   <div class='ocr_carea' id='block_1_4' title="bbox 777 2301 857 2383">
    <p class='ocr_par' dir='ltr' id='par_1_4' title="bbox 777 2301 857 2383">
     <span class='ocr_line' id='line_1_18' title="bbox 777 2301 857 2383; baseline 0.025 -20"><span class='ocrx_word' id='word_1_149' title='bbox 777 2302 806 2383; x_wconf 71' lang='lat' dir='ltr'>s.</span> <span class='ocrx_word' id='word_1_150' title='bbox 827 2301 857 2365; x_wconf 82' lang='lat' dir='ltr'>a.</span> 
     </span>
    </p>
   </div>
   <div class='ocr_carea' id='block_1_5' title="bbox 133 2417 1440 3466">
    <p class='ocr_par' dir='ltr' id='par_1_5' title="bbox 583 2417 1049 2486">
     <span class='ocr_line' id='line_1_19' title="bbox 583 2417 1049 2486; baseline 0.004 -16"><span class='ocrx_word' id='word_1_151' title='bbox 583 2417 842 2470; x_wconf 78' lang='lat' dir='ltr'>Senatusconsultum</span> <span class='ocrx_word' id='word_1_152' title='bbox 861 2418 1049 2486; x_wconf 69' lang='lat' dir='ltr'>Peyesianum.</span> 
     </span>
    </p>

    <p class='ocr_par' dir='ltr' id='par_1_6' title="bbox 133 2503 1440 3466">
     <span class='ocr_line' id='line_1_20' title="bbox 274 2503 1440 2604; baseline 0.002 -24"><span class='ocrx_word' id='word_1_153' title='bbox 274 2517 439 2596; x_wconf 83' lang='lat' dir='ltr'>Quoniam</span> <span class='ocrx_word' id='word_1_154' title='bbox 454 2538 534 2581; x_wconf 91' lang='lat' dir='ltr'>vero</span> <span class='ocrx_word' id='word_1_155' title='bbox 551 2516 596 2580; x_wconf 92' lang='lat' dir='ltr'>sic</span> <span class='ocrx_word' id='word_1_156' title='bbox 613 2519 712 2582; x_wconf 90' lang='lat' dir='ltr'>etiam</span> <span class='ocrx_word' id='word_1_157' title='bbox 728 2517 869 2582; x_wconf 91' lang='lat' dir='ltr'>heredes</span> <span class='ocrx_word' id='word_1_158' title='bbox 883 2519 1005 2604; x_wconf 81' lang='lat' dir='ltr'>rogati,</span> <span class='ocrx_word' id='word_1_159' title='bbox 1019 2503 1169 2584; x_wconf 83' lang='lat' dir='ltr'>inutilem</span> <span class='ocrx_word' id='word_1_160' title='bbox 1187 2520 1381 2584; x_wconf 85' lang='lat' dir='ltr'>molestiam</span> <span class='ocrx_word' id='word_1_161' title='bbox 1395 2541 1440 2583; x_wconf 91' lang='lat' dir='ltr'>re-</span> 
     </span>
     <span class='ocr_line' id='line_1_21' title="bbox 191 2623 1435 2712; baseline 0.001 -23"><span class='ocrx_word' id='word_1_162' title='bbox 191 2626 373 2712; x_wconf 77' lang='lat' dir='ltr'>fugienteS,</span> <span class='ocrx_word' id='word_1_163' title='bbox 388 2623 609 2710; x_wconf 88' lang='lat' dir='ltr'>repudiabant</span> <span class='ocrx_word' id='word_1_164' title='bbox 629 2625 867 2708; x_wconf 83' lang='lat' dir='ltr'>hereditatem,</span> <span class='ocrx_word' id='word_1_165' title='bbox 884 2647 1008 2710; x_wconf 83' lang='lat' dir='ltr'>exque</span> <span class='ocrx_word' id='word_1_166' title='bbox 1029 2626 1113 2693; x_wconf 91' lang='lat' dir='ltr'>nihil</span> <span class='ocrx_word' id='word_1_167' title='bbox 1136 2627 1178 2691; x_wconf 90' lang='lat' dir='ltr'>ad</span> <span class='ocrx_word' id='word_1_168' title='bbox 1202 2627 1435 2694; x_wconf 86' lang='lat' dir='ltr'>eoscommodi</span> 
     </span>
     <span class='ocr_line' id='line_1_22' title="bbox 192 2733 1436 2819; baseline 0.001 -22"><span class='ocrx_word' id='word_1_169' title='bbox 192 2743 279 2797; x_wconf 89' lang='lat' dir='ltr'>esset</span> <span class='ocrx_word' id='word_1_170' title='bbox 300 2733 497 2796; x_wconf 84' lang='lat' dir='ltr'>rediturum:</span> <span class='ocrx_word' id='word_1_171' title='bbox 522 2734 579 2796; x_wconf 92' lang='lat' dir='ltr'>sub</span> <span class='ocrx_word' id='word_1_172' title='bbox 596 2733 815 2818; x_wconf 89' lang='lat' dir='ltr'>Vespasiano,</span> <span class='ocrx_word' id='word_1_173' title='bbox 834 2733 965 2819; x_wconf 88' lang='lat' dir='ltr'>Pegaso</span> <span class='ocrx_word' id='word_1_174' title='bbox 989 2741 1023 2796; x_wconf 87' lang='lat' dir='ltr'>et</span> <span class='ocrx_word' id='word_1_175' title='bbox 1043 2735 1189 2799; x_wconf 92' lang='lat' dir='ltr'>Pusione</span> <span class='ocrx_word' id='word_1_176' title='bbox 1206 2733 1302 2800; x_wconf 87' lang='lat' dir='ltr'>Coss.</span> <span class='ocrx_word' id='word_1_177' title='bbox 1323 2736 1436 2804; x_wconf 86' lang='lat' dir='ltr'>SCtuur</span> 
     </span>
     <span class='ocr_line' id='line_1_23' title="bbox 192 2841 1436 2928; baseline -0.001 -22"><span class='ocrx_word' id='word_1_178' title='bbox 192 2843 359 2906; x_wconf 91' lang='lat' dir='ltr'>conditum</span> <span class='ocrx_word' id='word_1_179' title='bbox 375 2847 435 2922; x_wconf 89' lang='lat' dir='ltr'>est,</span> <span class='ocrx_word' id='word_1_180' title='bbox 449 2861 514 2928; x_wconf 92' lang='lat' dir='ltr'>quo</span> <span class='ocrx_word' id='word_1_181' title='bbox 527 2841 778 2924; x_wconf 90' lang='lat' dir='ltr'>permittebatur</span> <span class='ocrx_word' id='word_1_182' title='bbox 788 2841 904 2905; x_wconf 89' lang='lat' dir='ltr'>heredi</span> <span class='ocrx_word' id='word_1_183' title='bbox 917 2841 1087 2907; x_wconf 89' lang='lat' dir='ltr'>fiduciario</span> <span class='ocrx_word' id='word_1_184' title='bbox 1101 2841 1278 2907; x_wconf 81' lang='lat' dir='ltr'>detrahere</span> <span class='ocrx_word' id='word_1_185' title='bbox 1297 2849 1436 2928; x_wconf 85' lang='lat' dir='ltr'>quartam</span> 
     </span>
     <span class='ocr_line' id='line_1_24' title="bbox 192 2948 1437 3038; baseline 0.001 -25"><span class='ocrx_word' id='word_1_186' title='bbox 192 2971 235 3013; x_wconf 90' lang='lat' dir='ltr'>ex</span> <span class='ocrx_word' id='word_1_187' title='bbox 256 2949 352 3012; x_wconf 94' lang='lat' dir='ltr'>bonis</span> <span class='ocrx_word' id='word_1_188' title='bbox 375 2948 454 3011; x_wconf 88' lang='lat' dir='ltr'>fidei</span> <span class='ocrx_word' id='word_1_189' title='bbox 480 2970 557 3012; x_wconf 91' lang='lat' dir='ltr'>suae</span> <span class='ocrx_word' id='word_1_190' title='bbox 574 2950 759 3012; x_wconf 90' lang='lat' dir='ltr'>commissis.</span> <span class='ocrx_word' id='word_1_191' title='bbox 779 2948 946 3038; x_wconf 85' lang='lat' dir='ltr'>Adeoque</span> <span class='ocrx_word' id='word_1_192' title='bbox 969 2951 1034 3013; x_wconf 93' lang='lat' dir='ltr'>hoc</span> <span class='ocrx_word' id='word_1_193' title='bbox 1059 2950 1180 3014; x_wconf 87' lang='lat' dir='ltr'>SCtum</span> <span class='ocrx_word' id='word_1_194' title='bbox 1197 2950 1312 3038; x_wconf 88' lang='lat' dir='ltr'>legem</span> <span class='ocrx_word' id='word_1_195' title='bbox 1335 2951 1437 3015; x_wconf 88' lang='lat' dir='ltr'>Falci-</span> 
     </span>
     <span class='ocr_line' id='line_1_25' title="bbox 192 3056 1436 3144; baseline -0.001 -23"><span class='ocrx_word' id='word_1_196' title='bbox 192 3057 290 3138; x_wconf 89' lang='lat' dir='ltr'>diam,</span> <span class='ocrx_word' id='word_1_197' title='bbox 302 3077 387 3142; x_wconf 92' lang='lat' dir='ltr'>quae</span> <span class='ocrx_word' id='word_1_198' title='bbox 400 3056 442 3121; x_wconf 93' lang='lat' dir='ltr'>ad</span> <span class='ocrx_word' id='word_1_199' title='bbox 452 3056 566 3144; x_wconf 88' lang='lat' dir='ltr'>legata</span> <span class='ocrx_word' id='word_1_200' title='bbox 577 3066 703 3122; x_wconf 91' lang='lat' dir='ltr'>tantum</span> <span class='ocrx_word' id='word_1_201' title='bbox 719 3059 918 3143; x_wconf 88' lang='lat' dir='ltr'>pertinebat,</span> <span class='ocrx_word' id='word_1_202' title='bbox 929 3057 971 3122; x_wconf 92' lang='lat' dir='ltr'>ad</span> <span class='ocrx_word' id='word_1_203' title='bbox 986 3059 1238 3124; x_wconf 87' lang='lat' dir='ltr'>fideicommissa</span> <span class='ocrx_word' id='word_1_204' title='bbox 1254 3061 1358 3126; x_wconf 91' lang='lat' dir='ltr'>etiam</span> <span class='ocrx_word' id='word_1_205' title='bbox 1375 3057 1436 3122; x_wconf 90' lang='lat' dir='ltr'>uni-</span> 
     </span>
     <span class='ocr_line' id='line_1_26' title="bbox 193 3147 1432 3254; baseline -0.003 -25"><span class='ocrx_word' id='word_1_206' title='bbox 193 3165 333 3230; x_wconf 88' lang='lat' dir='ltr'>versalia</span> <span class='ocrx_word' id='word_1_207' title='bbox 350 3147 505 3250; x_wconf 80' lang='lat' dir='ltr'>protulit:</span> <span class='ocrx_word' id='word_1_208' title='bbox 528 3168 558 3248; x_wconf 63' lang='grc' dir='ltr'>ἓ.</span> <span class='ocrx_word' id='word_1_209' title='bbox 572 3167 602 3230; x_wconf 85' lang='grc'>5.</span> <span class='ocrx_word' id='word_1_210' title='bbox 620 3169 696 3228; x_wconf 85' lang='lat' dir='ltr'>[nst.</span> <span class='ocrx_word' id='word_1_211' title='bbox 713 3167 743 3226; x_wconf 82' lang='lat' dir='ltr'>h.</span> <span class='ocrx_word' id='word_1_212' title='bbox 765 3175 787 3227; x_wconf 88' lang='lat' dir='ltr'>t.</span> <span class='ocrx_word' id='word_1_213' title='bbox 812 3165 959 3230; x_wconf 86' lang='lat' dir='ltr'>Gravina</span> <span class='ocrx_word' id='word_1_214' title='bbox 978 3167 1017 3228; x_wconf 84' lang='lat' dir='ltr'>de</span> <span class='ocrx_word' id='word_1_215' title='bbox 1034 3168 1172 3254; x_wconf 79' lang='lat' dir='ltr'>Legibus</span> <span class='ocrx_word' id='word_1_216' title='bbox 1193 3177 1224 3230; x_wconf 83' lang='lat' dir='ltr'>et</span> <span class='ocrx_word' id='word_1_217' title='bbox 1241 3167 1336 3230; x_wconf 79' lang='lat' dir='ltr'>SGtr&#39;s</span> <span class='ocrx_word' id='word_1_218' title='bbox 1350 3190 1374 3230; x_wconf 87' lang='lat' dir='ltr'>c.</span> <span class='ocrx_word' id='word_1_219' title='bbox 1391 3163 1432 3227; x_wconf 81' lang='lat'>78.</span> 
     </span>
     <span class='ocr_line' id='line_1_27' title="bbox 185 3271 1430 3360; baseline -0.002 -23"><span class='ocrx_word' id='word_1_220' title='bbox 185 3271 309 3360; x_wconf 58' lang='lat'>1:639.</span> <span class='ocrx_word' id='word_1_221' title='bbox 334 3271 408 3359; x_wconf 83' lang='lat' dir='ltr'>[cf.</span> <span class='ocrx_word' id='word_1_222' title='bbox 425 3273 468 3338; x_wconf 88' lang='lat' dir='ltr'>V.</span> <span class='ocrx_word' id='word_1_223' title='bbox 488 3272 538 3338; x_wconf 85' lang='lat' dir='ltr'>cl.</span> <span class='ocrx_word' id='word_1_224' title='bbox 562 3274 679 3338; x_wconf 89' lang='lat' dir='ltr'>Jacob.</span> <span class='ocrx_word' id='word_1_225' title='bbox 698 3273 837 3337; x_wconf 90' lang='lat' dir='ltr'>Voorda</span> <span class='ocrx_word' id='word_1_226' title='bbox 859 3273 1064 3338; x_wconf 83' lang='lat' dir='ltr'>Commentar.</span> <span class='ocrx_word' id='word_1_227' title='bbox 1089 3277 1133 3336; x_wconf 85' lang='lat' dir='ltr'>cd</span> <span class='ocrx_word' id='word_1_228' title='bbox 1149 3278 1208 3360; x_wconf 78' lang='lat' dir='ltr'>leg.</span> <span class='ocrx_word' id='word_1_229' title='bbox 1230 3275 1350 3338; x_wconf 77' lang='lat' dir='ltr'>Falcid</span> <span class='ocrx_word' id='word_1_230' title='bbox 1366 3271 1430 3338; x_wconf 73' lang='lat' dir='ltr'>ab</span> 
     </span>
     <span class='ocr_line' id='line_1_28' title="bbox 133 3379 302 3466; baseline -0.006 0"><span class='ocrx_word' id='word_1_231' title='bbox 133 3385 136 3391; x_wconf 82' lang='grc'><strong>’</strong></span> <span class='ocrx_word' id='word_1_232' title='bbox 188 3402 220 3466; x_wconf 89' lang='lat' dir='ltr'>r·</span> <span class='ocrx_word' id='word_1_233' title='bbox 235 3379 302 3465; x_wconf 79' lang='lat'>83·]</span> 
     </span>
    </p>
   </div>
   <div class='ocr_carea' id='block_1_6' title="bbox 224 3603 1409 3766">
    <p class='ocr_par' dir='ltr' id='par_1_7' title="bbox 224 3603 1409 3766">
     <span class='ocr_line' id='line_1_29' title="bbox 224 3603 1409 3675; baseline 0.001 -18"><span class='ocrx_word' id='word_1_234' title='bbox 224 3603 410 3673; x_wconf 62' lang='lat' dir='ltr'>&amp;thetmaer</span> <span class='ocrx_word' id='word_1_235' title='bbox 427 3605 590 3660; x_wconf 81' lang='lat' dir='ltr'>necessariae</span> <span class='ocrx_word' id='word_1_236' title='bbox 607 3605 677 3658; x_wconf 81' lang='lat' dir='ltr'>inter</span> <span class='ocrx_word' id='word_1_237' title='bbox 694 3605 816 3658; x_wconf 79' lang='lat' dir='ltr'>heredem</span> <span class='ocrx_word' id='word_1_238' title='bbox 832 3612 858 3654; x_wconf 83' lang='lat' dir='ltr'>et</span> <span class='ocrx_word' id='word_1_239' title='bbox 865 3603 1157 3672; x_wconf 66' lang='lat' dir='ltr'>fideicommissariam</span> <span class='ocrx_word' id='word_1_240' title='bbox 1176 3613 1202 3656; x_wconf 88' lang='lat' dir='ltr'>et</span> <span class='ocrx_word' id='word_1_241' title='bbox 1217 3622 1315 3658; x_wconf 77' lang='lat' dir='ltr'>nerum</span> <span class='ocrx_word' id='word_1_242' title='bbox 1324 3604 1377 3675; x_wconf 78' lang='lat' dir='ltr'>jus</span> <span class='ocrx_word' id='word_1_243' title='bbox 1394 3622 1409 3658; x_wconf 80' lang='lat' dir='ltr'>e</span> 
     </span>
     <span class='ocr_line' id='line_1_30' title="bbox 639 3689 989 3766; baseline 0.006 -25"><span class='ocrx_word' id='word_1_244' title='bbox 639 3689 788 3766; x_wconf 57' lang='lat' dir='ltr'>Iustiniano</span> <span class='ocrx_word' id='word_1_245' title='bbox 804 3690 989 3743; x_wconf 80' lang='lat' dir='ltr'>introductum.</span> 
     </span>
    </p>
   </div>
   <div class='ocr_carea' id='block_1_7' title="bbox 274 3789 1437 3872">
    <p class='ocr_par' dir='ltr' id='par_1_8' title="bbox 274 3789 1437 3872">
     <span class='ocr_line' id='line_1_31' title="bbox 274 3789 1437 3872; baseline 0 -20"><span class='ocrx_word' id='word_1_246' title='bbox 274 3789 368 3852; x_wconf 92' lang='lat' dir='ltr'>Nihil</span> <span class='ocrx_word' id='word_1_247' title='bbox 383 3797 492 3852; x_wconf 88' lang='lat' dir='ltr'>tamen</span> <span class='ocrx_word' id='word_1_248' title='bbox 508 3789 571 3852; x_wconf 94' lang='lat' dir='ltr'>hoc</span> <span class='ocrx_word' id='word_1_249' title='bbox 588 3790 675 3854; x_wconf 85' lang='lat' dir='ltr'>scto</span> <span class='ocrx_word' id='word_1_250' title='bbox 692 3789 799 3854; x_wconf 80' lang='lat' dir='ltr'>fuerat</span> <span class='ocrx_word' id='word_1_251' title='bbox 814 3790 856 3853; x_wconf 91' lang='lat' dir='ltr'>de</span> <span class='ocrx_word' id='word_1_252' title='bbox 873 3790 1058 3853; x_wconf 86' lang='lat' dir='ltr'>actionibus</span> <span class='ocrx_word' id='word_1_253' title='bbox 1074 3789 1282 3854; x_wconf 88' lang='lat' dir='ltr'>hereditariis</span> <span class='ocrx_word' id='word_1_254' title='bbox 1299 3799 1437 3872; x_wconf 87' lang='lat' dir='ltr'>cautum,</span> 
     </span>
    </p>
   </div>
   <div class='ocr_carea' id='block_1_8' title="bbox 191 4017 1515 4522">
    <p class='ocr_par' dir='ltr' id='par_1_9' title="bbox 191 4017 1515 4522">
     <span class='ocr_line' id='line_1_32' title="bbox 260 4017 1438 4088; baseline -0.003 -14"><span class='ocrx_word' id='word_1_255' title='bbox 260 4023 289 4087; x_wconf 81' lang='lat' dir='ltr'>f)</span> <span class='ocrx_word' id='word_1_256' title='bbox 309 4020 373 4074; x_wconf 79' lang='lat' dir='ltr'>vid.</span> <span class='ocrx_word' id='word_1_257' title='bbox 391 4021 426 4071; x_wconf 87' lang='lat' dir='ltr'>ad</span> <span class='ocrx_word' id='word_1_258' title='bbox 443 4019 470 4071; x_wconf 93' lang='lat' dir='ltr'>h.</span> <span class='ocrx_word' id='word_1_259' title='bbox 487 4019 508 4085; x_wconf 63' lang='lat' dir='ltr'>t.</span> <span class='ocrx_word' id='word_1_260' title='bbox 526 4024 553 4070; x_wconf 91' lang='lat' dir='ltr'>et</span> <span class='ocrx_word' id='word_1_261' title='bbox 570 4034 629 4088; x_wconf 88' lang='lat' dir='ltr'>sqq.</span> <span class='ocrx_word' id='word_1_262' title='bbox 647 4023 672 4072; x_wconf 88' lang='lat'>6.</span> <span class='ocrx_word' id='word_1_263' title='bbox 686 4026 713 4072; x_wconf 89' lang='lat' dir='ltr'>et</span> <span class='ocrx_word' id='word_1_264' title='bbox 725 4024 762 4073; x_wconf 83' lang='lat'>7.:</span> <span class='ocrx_word' id='word_1_265' title='bbox 781 4020 842 4086; x_wconf 85' lang='lat' dir='ltr'>Gaj.</span> <span class='ocrx_word' id='word_1_266' title='bbox 856 4019 891 4072; x_wconf 92' lang='lat'>11.</span> <span class='ocrx_word' id='word_1_267' title='bbox 910 4017 931 4086; x_wconf 63' lang='lat' dir='ltr'>t.</span> <span class='ocrx_word' id='word_1_268' title='bbox 943 4021 1090 4072; x_wconf 65' lang='lat' dir='ltr'>tol-259.</span> <span class='ocrx_word' id='word_1_269' title='bbox 1109 4018 1193 4071; x_wconf 78' lang='lat' dir='ltr'>Andr.</span> <span class='ocrx_word' id='word_1_270' title='bbox 1213 4017 1286 4070; x_wconf 86' lang='lat' dir='ltr'>Guil.</span> <span class='ocrx_word' id='word_1_271' title='bbox 1305 4019 1438 4072; x_wconf 83' lang='lat' dir='ltr'>Crameri:</span> 
     </span>
     <span class='ocr_line' id='line_1_33' title="bbox 193 4101 1438 4174; baseline -0.003 -15"><span class='ocrx_word' id='word_1_272' title='bbox 193 4107 227 4160; x_wconf 87' lang='lat' dir='ltr'>D.</span> <span class='ocrx_word' id='word_1_273' title='bbox 252 4106 431 4174; x_wconf 78' lang='lat' dir='ltr'>Vespasianus,</span> <span class='ocrx_word' id='word_1_274' title='bbox 448 4120 495 4155; x_wconf 83' lang='lat' dir='ltr'>seu</span> <span class='ocrx_word' id='word_1_275' title='bbox 512 4104 543 4155; x_wconf 84' lang='lat' dir='ltr'>de</span> <span class='ocrx_word' id='word_1_276' title='bbox 561 4105 613 4157; x_wconf 80' lang='lat' dir='ltr'>vito</span> <span class='ocrx_word' id='word_1_277' title='bbox 630 4114 656 4156; x_wconf 86' lang='lat' dir='ltr'>et</span> <span class='ocrx_word' id='word_1_278' title='bbox 672 4105 832 4174; x_wconf 69' lang='lat' dir='ltr'>lepislatr&#39;one</span> <span class='ocrx_word' id='word_1_279' title='bbox 857 4104 1010 4172; x_wconf 75' lang='lat' dir='ltr'>Vespasiani</span> <span class='ocrx_word' id='word_1_280' title='bbox 1030 4104 1128 4157; x_wconf 78' lang='lat' dir='ltr'>Comm.</span> <span class='ocrx_word' id='word_1_281' title='bbox 1145 4120 1173 4170; x_wconf 88' lang='lat' dir='ltr'>p.</span> <span class='ocrx_word' id='word_1_282' title='bbox 1189 4108 1333 4156; x_wconf 77' lang='lat'>94-142.</span> <span class='ocrx_word' id='word_1_283' title='bbox 1351 4101 1438 4158; x_wconf 75' lang='lat' dir='ltr'>Haut.</span> 
     </span>
     <span class='ocr_line' id='line_1_34' title="bbox 258 4186 1437 4258; baseline -0.002 -14"><span class='ocrx_word' id='word_1_284' title='bbox 258 4191 291 4258; x_wconf 82' lang='lat' dir='ltr'>g)</span> <span class='ocrx_word' id='word_1_285' title='bbox 311 4191 398 4244; x_wconf 76' lang='lat' dir='ltr'>Antea</span> <span class='ocrx_word' id='word_1_286' title='bbox 413 4186 518 4242; x_wconf 73' lang='lat' dir='ltr'>emtori:</span> <span class='ocrx_word' id='word_1_287' title='bbox 530 4191 590 4240; x_wconf 92' lang='lat' dir='ltr'>loco</span> <span class='ocrx_word' id='word_1_288' title='bbox 605 4188 736 4250; x_wconf 82' lang='lat' dir='ltr'>fueratis,</span> <span class='ocrx_word' id='word_1_289' title='bbox 754 4187 799 4241; x_wconf 86' lang='lat' dir='ltr'>cui</span> <span class='ocrx_word' id='word_1_290' title='bbox 811 4189 946 4244; x_wconf 89' lang='lat' dir='ltr'>hereditas</span> <span class='ocrx_word' id='word_1_291' title='bbox 960 4189 1161 4254; x_wconf 74' lang='lat' dir='ltr'>restituebatur,</span> <span class='ocrx_word' id='word_1_292' title='bbox 1174 4189 1246 4241; x_wconf 89' lang='lat' dir='ltr'>unde</span> <span class='ocrx_word' id='word_1_293' title='bbox 1261 4189 1331 4242; x_wconf 85' lang='lat' dir='ltr'>dicis</span> <span class='ocrx_word' id='word_1_294' title='bbox 1349 4205 1437 4250; x_wconf 79' lang='lat' dir='ltr'>causa,</span> 
     </span>
     <span class='ocr_line' id='line_1_35' title="bbox 191 4271 1437 4344; baseline -0.002 -16"><span class='ocrx_word' id='word_1_295' title='bbox 191 4290 214 4329; x_wconf 89' lang='lat' dir='ltr'>s.</span> <span class='ocrx_word' id='word_1_296' title='bbox 231 4291 287 4328; x_wconf 90' lang='lat' dir='ltr'>uno</span> <span class='ocrx_word' id='word_1_297' title='bbox 305 4289 426 4334; x_wconf 90' lang='lat' dir='ltr'>nummo,</span> <span class='ocrx_word' id='word_1_298' title='bbox 442 4271 468 4325; x_wconf 88' lang='lat' dir='ltr'>ei</span> <span class='ocrx_word' id='word_1_299' title='bbox 484 4272 593 4327; x_wconf 88' lang='lat' dir='ltr'>venibat</span> <span class='ocrx_word' id='word_1_300' title='bbox 604 4275 753 4339; x_wconf 84' lang='lat' dir='ltr'>hereditas,</span> <span class='ocrx_word' id='word_1_301' title='bbox 773 4281 854 4343; x_wconf 86' lang='lat' dir='ltr'>atque</span> <span class='ocrx_word' id='word_1_302' title='bbox 871 4275 941 4329; x_wconf 89' lang='lat' dir='ltr'>inter</span> <span class='ocrx_word' id='word_1_303' title='bbox 958 4273 1049 4344; x_wconf 90' lang='lat' dir='ltr'>ipsum</span> <span class='ocrx_word' id='word_1_304' title='bbox 1064 4280 1091 4328; x_wconf 90' lang='lat' dir='ltr'>et</span> <span class='ocrx_word' id='word_1_305' title='bbox 1105 4275 1231 4328; x_wconf 87' lang='lat' dir='ltr'>heredem</span> <span class='ocrx_word' id='word_1_306' title='bbox 1248 4274 1437 4340; x_wconf 82' lang='lat' dir='ltr'>stipulationes</span> 
     </span>
     <span class='ocr_line' id='line_1_36' title="bbox 191 4357 1437 4428; baseline 0.001 -18"><span class='ocrx_word' id='word_1_307' title='bbox 191 4357 439 4425; x_wconf 84' lang='lat' dir='ltr'>interponebantur,</span> <span class='ocrx_word' id='word_1_308' title='bbox 454 4375 524 4428; x_wconf 87' lang='lat' dir='ltr'>quae</span> <span class='ocrx_word' id='word_1_309' title='bbox 545 4359 573 4412; x_wconf 88' lang='lat' dir='ltr'>in</span> <span class='ocrx_word' id='word_1_310' title='bbox 596 4358 776 4411; x_wconf 82' lang='lat' dir='ltr'>hereditatum</span> <span class='ocrx_word' id='word_1_311' title='bbox 793 4359 994 4414; x_wconf 88' lang='lat' dir='ltr'>venditionibus</span> <span class='ocrx_word' id='word_1_312' title='bbox 1018 4360 1154 4427; x_wconf 89' lang='lat' dir='ltr'>interponi</span> <span class='ocrx_word' id='word_1_313' title='bbox 1180 4359 1278 4413; x_wconf 83' lang='lat' dir='ltr'>solitae</span> <span class='ocrx_word' id='word_1_314' title='bbox 1301 4367 1395 4422; x_wconf 78' lang='lat' dir='ltr'>erant:</span> <span class='ocrx_word' id='word_1_315' title='bbox 1412 4367 1437 4412; x_wconf 83' lang='lat' dir='ltr'>at</span> 
     </span>
     <span class='ocr_line' id='line_1_37' title="bbox 192 4444 1515 4522; baseline -0.001 -26"><span class='ocrx_word' id='word_1_316' title='bbox 192 4444 264 4498; x_wconf 86' lang='lat' dir='ltr'>scto</span> <span class='ocrx_word' id='word_1_317' title='bbox 287 4447 359 4498; x_wconf 84' lang='lat' dir='ltr'>laeto</span> <span class='ocrx_word' id='word_1_318' title='bbox 382 4445 434 4497; x_wconf 87' lang='lat' dir='ltr'>hae</span> <span class='ocrx_word' id='word_1_319' title='bbox 457 4444 611 4510; x_wconf 82' lang='lat' dir='ltr'>cautiones,</span> <span class='ocrx_word' id='word_1_320' title='bbox 630 4450 660 4496; x_wconf 92' lang='lat' dir='ltr'>ut</span> <span class='ocrx_word' id='word_1_321' title='bbox 682 4459 910 4522; x_wconf 71' lang='lat' dir='ltr'>supervacaneae,</span> <span class='ocrx_word' id='word_1_322' title='bbox 934 4446 961 4498; x_wconf 93' lang='lat' dir='ltr'>in</span> <span class='ocrx_word' id='word_1_323' title='bbox 986 4462 1040 4500; x_wconf 89' lang='lat' dir='ltr'>usu</span> <span class='ocrx_word' id='word_1_324' title='bbox 1066 4461 1126 4500; x_wconf 85' lang='lat' dir='ltr'>esse</span> <span class='ocrx_word' id='word_1_325' title='bbox 1151 4445 1302 4506; x_wconf 85' lang='lat' dir='ltr'>desierunt;</span> <span class='ocrx_word' id='word_1_326' title='bbox 1323 4447 1385 4511; x_wconf 89' lang='lat' dir='ltr'>GaJ&#39;.</span> <span class='ocrx_word' id='word_1_327' title='bbox 1402 4445 1435 4496; x_wconf 92' lang='lat'>11.</span> <span class='ocrx_word' id='word_1_328' title='bbox 1514 4478 1515 4495; x_wconf 70' lang='lat'>.</span> 
     </span>
    </p>
   </div>
   <div class='ocr_carea' id='block_1_9' title="bbox 192 4528 471 4613">
    <p class='ocr_par' dir='ltr' id='par_1_10' title="bbox 192 4528 471 4613">
     <span class='ocr_line' id='line_1_38' title="bbox 192 4528 471 4613; baseline 0.004 -32"><span class='ocrx_word' id='word_1_329' title='bbox 192 4529 213 4594; x_wconf 74' lang='lat' dir='ltr'>s.</span> <span class='ocrx_word' id='word_1_330' title='bbox 230 4533 289 4582; x_wconf 80' lang='lat' dir='ltr'>asa.</span> <span class='ocrx_word' id='word_1_331' title='bbox 305 4534 366 4613; x_wconf 76' lang='lat' dir='ltr'>:sa</span> <span class='ocrx_word' id='word_1_332' title='bbox 384 4528 471 4583; x_wconf 76' lang='lat' dir='ltr'>narr.</span> 
     </span>
    </p>
   </div>
   <div class='ocr_carea' id='block_1_10' title="bbox 0 0 1520 5160">
    <p class='ocr_par' dir='ltr' id='par_1_11' title="bbox 0 0 1520 5160">
     <span class='ocr_line' id='line_1_39' title="bbox 0 0 1520 5160; baseline 0 0"><span class='ocrx_word' id='word_1_333' title='bbox 0 0 1520 5160; x_wconf 95' lang='lat' dir='ltr'> </span> 
     </span>
    </p>
   </div>
  </div>
 </body>
</html>
