3040 5164
495 405 549 477 lin
572 409 866 482 Desinemus.-

642 633 650 648 .
671 586 723 649 18.

486 693 602 746 Donatia
614 588 729 762 {tapsar
745 697 858 764 napum.

115 794 187 871 *Ad
206 795 403 858 donationes
425 802 563 877 propter
584 795 715 878 nuptias
740 797 829 879 quod
854 797 992 880 attinet,
1015 819 1125 862 aarum
1149 809 1296 866 naturam

51 903 125 966 satis
143 902 299 966 adcurate
317 900 456 984 exponit
475 901 660 985 imperator
676 903 704 983 §.
719 901 750 964 3.
764 905 840 966 Iast.
856 906 886 968 Ιι.
904 916 925 967 l.
946 905 1041 969 Alias
1059 907 1191 992 quidem
1212 909 1300 973 inter

51 1011 153 1072 uirum
177 1019 211 1072 et
233 1031 366 1073 uxorem
388 1016 560 1072 constante
579 1009 787 1101 matrimonio
812 1011 948 1076 donatio
974 1035 1040 1076 non
1067 1015 1217 1096 valebat,
1236 1017 1298 1080 nisi

52 1118 148 1180 certis
164 1139 206 1180 ex
220 1118 351 1199 caussis,
363 1117 468 1180 veluti
486 1117 599 1180 mortis
610 1137 733 1198 caussa,
747 1119 834 1181 servi
848 1121 1099 1185 manumittendi
1112 1123 1219 1206 gratia
1235 1133 1298 1188 etc.

54 1225 207 1288 Eamdem
224 1224 482 1308 prohibitionem
501 1224 737 1288 constitutione
755 1247 812 1290 sua
827 1227 1012 1291 firmaverat
1026 1229 1215 1294 Antoninus
1232 1233 1297 1294 lm·

55 1341 200 1415 perator:
219 1334 257 1407 L.
277 1332 328 1393 42.
340 1333 381 1393 D.
400 1331 441 1393 ds
457 1335 573 1394 Donat.
590 1339 674 1394 sister
687 1336 743 1394 uir.
760 1341 793 1394 st
810 1355 900 1396 usar.
915 1339 944 1417 Ι)
955 1310 1022 1420 ⁸qui
1037 1343 1148 1400 tamen
1170 1347 1204 1400 et
1219 1339 1297 1402 ideo

55 1439 178 1502 mulieri
199 1438 325 1502 donare
339 1439 549 1522 permiserat,
565 1447 601 1502 ut
623 1439 674 1502 vir
695 1442 737 1502 ab
758 1440 963 1523 Imperatore
981 1443 1052 1506 lato
1072 1444 1168 1507 clavo
1184 1451 1228 1526 ⁸),
1243 1445 1299 1510 vel

57 1567 133 1630 equo
152 1545 289 1630 publico
305 1549 347 1625 t),
363 1545 502 1610 similive
517 1547 645 1610 bonore
660 1557 850 1610 ornaretur:
866 1549 1001 1632 Ulpiani
1019 1552 1150 1632 Ftagm.
1168 1551 1253 1615 VIII.
1269 1552 1298 1615 1.

59 1653 142 1715 Pauli
160 1654 315 1715 Sententt.
330 1654 469 1734 Recepit.
489 1656 530 1715 11.
545 1654 597 1716 23.
617 1653 716 1731 Quod
735 1654 788 1718 vel
804 1654 882 1718 ideo
898 1655 1063 1739 provisum
1080 1659 1189 1741 ajunt,
1204 1668 1298 1723 utne

59 1763 205 1845 conjuges
224 1763 269 1823 ob
285 1755 428 1823 mutuum
444 1782 587 1824 amorem
604 1783 639 1824 se
655 1762 794 1824 invicem
811 1763 1004 1846 spoliarent,
1018 1771 1061 1838 ,ut
1076 1765 1123 1827 ait
1137 1764 1299 1850 Ulpianus

61 1867 93 1927 L.
106 1869 129 1927 l.
144 1869 184 1928 D.
201 1867 241 1928 de
256 1869 371 1928 Donat.
388 1871 470 1930 sister
484 1873 541 1930 vir.
557 1879 589 1930 et
603 1889 688 1930 uuor.
704 1869 769 1949 vel,
785 1891 827 1932 ne
844 1869 1021 1952 bonorum,
1038 1892 1123 1954 quae
1139 1871 1226 1936 inter
1242 1896 1299 1938 eos

60 1975 138 2057 quusi
151 1975 337 2038 communia
350 1995 420 2036 esse
434 1974 612 2056 debebant,
625 1977 765 2040 societas
780 1973 937 2041 levissimi
949 1977 1129 2042 munusculi
1146 1991 1301 2066 accepta-

59 2081 138 2144 tione
162 2081 355 2163 tolleretur,
379 2089 415 2144 ut
437 2083 604 2146 existimat
628 2083 822 2147 Plutarchus
847 2087 987 2162 Quaestt.
1010 2086 1097 2146 Rom.
1120 2109 1146 2148 c.
1161 2088 1191 2149 7.
1207 2092 1239 2170 Ι)
1267 2098 1302 2151 at

117 2283 145 2346 r)
166 2283 225 2334 Lex
242 2282 308 2332 haec
326 2284 368 2332 est
384 2297 420 2331 ex
438 2281 501 2347 Gaji
521 2279 730 2332 commentariis
757 2280 791 2332 ad
811 2279 937 2332 Edictum
958 2281 1101 2345 desumta,
1119 2281 1244 2351 adeoque
1259 2284 1301 2338 in·

57 2363 136 2430 telligi
153 2379 207 2416 non
225 2369 316 2430 potest
333 2363 487 2417 Antoninus
506 2365 654 2428 Caracalla,
672 2369 704 2415 ut
720 2364 859 2416 existimat
878 2362 948 2414 Lud.
967 2363 1126 2418 Charondas
1144 2367 1181 2418 ad
1197 2368 1300 2436 Ulpica.

59 2449 76 2501 l.
89 2467 111 2500 c.
127 2451 204 2516 cujus
221 2451 254 2502 ad
268 2456 391 2514 tempora
406 2450 492 2515 Gajus
510 2464 565 2501 nou
583 2449 713 2514 pervenit,
733 2449 781 2501 sed
795 2447 950 2501 Antoninus
968 2447 1045 2500 Pius.
1058 2449 1120 2502 Vid.
1137 2451 1211 2504 Guil.
1222 2453 1300 2505 Grot.

58 2533 87 2582 dc
107 2534 147 2585 ait.
166 2531 302 2587 Juraeons.
316 2533 358 2586 11.
377 2539 402 2587 7.
420 2535 500 2586 Heia.
519 2533 561 2585 Cf.
580 2532 718 2585 Zimmern
737 2535 774 2586 fl.
795 2533 828 2585 G.
840 2534 861 2585 Ι.
880 2533 900 2600 5.
912 2536 954 2586 93.
973 2537 1028 2586 not.
1039 2537 1083 2586 33.
1104 2533 1191 2588 Mill.
1212 2539 1300 2589 Anto-

59 2617 130 2669 ninus
148 2617 287 2670 Caracalla
305 2617 515 2683 prohibitionem
532 2617 725 2681 donationum,
751 2633 822 2687 quae
840 2618 910 2671 inter
930 2617 1060 2684 conjuges
1078 2620 1180 2682 flerent,
1199 2619 1301 2672 eonsti-

60 2701 153 2754 tutione
171 2717 223 2754 sua
239 2703 421 2757 confirmauits
438 2703 493 2754 uid.
513 2704 545 2754 L.
557 2705 582 2754 3.
596 2721 641 2770 pr.
658 2708 685 2754 et
696 2705 728 2756 L.
740 2708 783 2756 32.
791 2721 837 2771 pr.
850 2704 885 2754 D.
905 2703 936 2752 da
952 2702 1047 2754 Donat.
1059 2703 1130 2756 inter
1144 2705 1192 2754 uir.
1211 2713 1237 2754 et
1254 2721 1299 2758 aa.

65 2786 114 2838 lam
127 2786 329 2855 antiquioribus
347 2787 516 2854 temporibus
534 2787 645 2838 donatio
664 2787 711 2839 illa
724 2787 862 2852 prohibita
880 2785 944 2850 luit,
963 2787 1024 2839 binc
1038 2785 1154 2839 moribus
1171 2788 1238 2840 illud
1258 2805 1299 2840 re-

63 2878 153 2935 ceptum
179 2871 281 2924 dicitur
304 2870 332 2923 in
350 2874 382 2924 L.
403 2877 424 2923 l.
448 2870 520 2933 aad,
538 2887 572 2921 ne
596 2871 755 2922 donationes
779 2870 849 2922 inter
866 2871 954 2922 virum
980 2876 1008 2922 et
1029 2887 1144 2924 uxorem
1164 2874 1301 2926 valerent:

62 2953 162 3018 rigorem
180 2955 261 3008 illurn
279 2961 390 3008 eatenus
407 2954 541 3020 mitigavit
562 2954 712 3007 Antoninus
730 2946 799 3007 Pius
817 2955 875 3006 sive
893 2955 1079 3021 Philosophus
1096 2957 1125 3007 in
1144 2958 1175 3009 L.
1189 2962 1231 3010 42.
1249 2960 1300 3022 eit,
1407 2953 1415 2970 ’

62 3043 88 3087 nt
101 3041 262 3108 reciperetur
272 3041 385 3104 donatia,
400 3057 478 3108 quam
491 3041 599 3092 diuma
611 3040 718 3092 honoras
735 3056 844 3092 caussa:
860 3039 884 3090 si
896 3055 966 3090 uxor
984 3042 1040 3090 uiro
1058 3041 1184 3093 laticlauii
1194 3045 1304 3110 petendi

62 3123 136 3187 pratia
153 3126 241 3184 donat,
254 3125 296 3176 ael
309 3132 338 3174 ut
356 3125 483 3191 equestris
500 3124 601 3176 ordinis
608 3127 672 3192 fiat,
686 3125 727 3176 val
739 3125 862 3176 ludorum
878 3129 975 3190 pratia.
994 3124 1072 3186 Quae
1090 3125 1172 3176 uerba
1186 3123 1300 3192 exponit

61 3206 140 3271 Scipio
158 3207 277 3260 Gentilis
300 3209 332 3258 da
356 3208 443 3259 donat.
469 3209 539 3259 mter
557 3209 604 3260 uir.
623 3218 648 3260 at
673 3227 750 3262 uxor.
769 3211 801 3260 L.
821 3206 860 3259 11.
880 3224 901 3257 c.
920 3209 944 3257 4.
963 3210 990 3255 et
1007 3211 1032 3258 ὁ.
1051 3211 1078 3256 et
1096 3209 1246 3275 Schulting.
1265 3211 1302 3262 ad

65 3289 194 3356 Ulpianum
211 3294 240 3343 ia
252 3293 360 3358 Frapm.
375 3293 413 3343 tit.
425 3295 450 3344 7.
465 3292 486 3358 5.
503 3298 525 3344 l.
547 3293 629 3344 Oanis.
647 3293 710 3359 Adj.
724 3293 804 3344 Zacb.
823 3291 943 3344 Rielueri
961 3290 1035 3343 Diss.
1056 3293 1086 3342 da
1106 3294 1224 3343 oratione
1241 3293 1299 3344 Aa·

61 3375 131 3426 toniui
147 3377 179 3427 de
199 3373 356 3428 damnauit.
374 3378 421 3427 iat.
447 3375 474 3427 V.
492 3384 519 3427 et
542 3376 572 3428 U.
590 3379 784 3444 confirmandis.
802 3377 877 3443 Lips.
898 3379 973 3428 1⁷59.
993 3379 1017 3427 4.
1035 3372 1125 3426 Haud.

118 3463 145 3527 s)
167 3461 200 3512 ld
218 3465 268 3524 est,
287 3458 418 3524 dignitate
436 3461 586 3526 senatoria,
603 3463 683 3528 cujus
700 3460 806 3526 insigne
824 3468 882 3513 erat
899 3462 971 3512 latus
989 3462 1089 3520 clavus.
1116 3457 1180 3511 Vid.
1202 3461 1299 3514 Graec.

63 3541 153 3609 Praefi‘
168 3541 247 3594 Tomi
271 3539 314 3595 VI.
341 3543 472 3596 ssasauri
488 3545 626 3613 Antiquae.
653 3546 767 3597 Roman.
784 3546 864 3597 Heln.
893 3545 970 3596 Haeo
991 3561 1026 3596 ex
1049 3549 1114 3596 nota
1136 3545 1299 3612 Schultingii

62 3622 78 3673 l.
91 3644 109 3676 e.
125 3627 276 3692 depromta.
298 3626 385 3679 Cana.

118 3711 142 3776 t)
163 3710 198 3762 ld
216 3716 266 3773 eat,
284 3709 415 3776 dignitate
432 3709 567 3779 equestri.'
585 3714 626 3766 lta
643 3713 764 3778 explicat
780 3712 862 3765 etiam
881 3711 968 3778 Gajus
986 3711 1018 3763 L.
1036 3716 1079 3764 42.
1098 3713 1133 3765 D.
1152 3713 1183 3763 ds
1202 3713 1299 3766 Donat.

61 3791 118 3843 inter
134 3797 183 3847 uir.
202 3803 228 3845 et
244 3811 290 3846 aa.
307 3796 386 3846 Heia.
523 3787 525 3792 ’

118 3879 150 3943 u)
170 3877 303 3929 Redones
323 3880 389 3931 alias
408 3880 584 3945 suppeditant
601 3881 633 3932 L.
651 3884 676 3932 2.
695 3887 721 3930 st
737 3880 769 3932 L.
787 3884 813 3932 3.
831 3879 887 3930 aad.
917 3878 971 3930 Sed
989 3878 1065 3929 nulla
1089 3883 1179 3930 tantm
1203 3879 1299 3931 barum

63 3960 165 4020 genuina
185 3977 247 4014 esse
265 3968 292 4014 et
309 3962 353 4032 ad¹
363 3964 554 4028 prohibitionis
572 3965 654 4030 hujus
673 3963 805 4029 originem
821 3961 955 4027 pertinere
974 3961 1087 4015 videtur.
1112 3963 1185 4014 Vera
1203 3977 1300 4014 caussa

63 4056 93 4091 cx
108 4045 242 4111 principiis
257 4047 490 4112 jurisprudentiae
507 4048 605 4099 veteris
623 4046 782 4112 derivanda,
801 4047 950 4098 secundum
969 4061 1039 4113 quae
1056 4046 1098 4097 uir
1116 4051 1144 4097 et
1159 4062 1231 4098 uxor
1248 4062 1299 4111 pro

61 4142 107 4179 uua
124 4147 241 4194 persona
259 4131 434 4196 habebantur,
447 4149 503 4186 non
514 4149 593 4186 secus
606 4149 637 4185 ac
652 4136 767 4198 pateret
784 4131 965 4186 filiafamilias.
984 4130 1223 4193 Quemadmodum
1235 4145 1300 4195 crgo

60 4209 120 4264 inter
138 4215 187 4266 lios
205 4216 318 4268 donatio
331 4231 387 4268 non
405 4218 520 4281 valebat,
534 4217 587 4271 nisi
604 4223 681 4282 pater
698 4219 803 4270 donans
817 4217 845 4268 in
863 4231 895 4267 ea
913 4215 1051 4266 voluntate
1062 4230 1239 4280 perseverans
1254 4216 1301 4266 de-

60 4297 192 4350 cessisset:
208 4299 248 4351 ita
273 4313 328 4351 non
349 4299 436 4366 magis
460 4301 551 4354 valida
575 4307 633 4354 erat
650 4301 762 4353 donatio
787 4300 858 4352 iuter
882 4300 968 4354 virum
987 4307 1014 4350 et
1033 4317 1166 4365 uxorem,
1184 4315 1255 4368 quae
1273 4297 1301 4350 in

60 4393 161 4433 manum
176 4389 353 4436 convenerat:
373 4386 456 4438 Bam.
474 4385 633 4439 Brissonius
653 4386 684 4437 ds
702 4387 756 4436 ritu
768 4386 883 4453 nuptiar.
897 4402 927 4452 p.
939 4389 998 4436 21⁴.
1017 4386 1118 4436 Postea
1136 4401 1220 4452 quum
1239 4398 1301 4436 raro

60 4478 153 4517 uxores
171 4467 198 4518 in
213 4482 324 4520 manum
341 4470 533 4533 convenirent,
551 4477 578 4522 et
595 4477 686 4524 tumen
704 4470 868 4534 posteriores
883 4470 1063 4533 Imperatores
1079 4468 1127 4533 jus
1144 4474 1222 4519 uetus
1237 4483 1301 4519 con-

60 4545 238 4604 stitutionibus
261 4553 318 4605 suis
343 4554 492 4607 firmarent:
512 4553 697 4607 Jureconsulti
716 4554 783 4606 alias
807 4553 926 4607 rationes
951 4551 1145 4617 excogitandas
1163 4557 1300 4616 putarunt,

1062 4634 1104 4696 20
