3040 5164
168 447 170 451 .
214 399 286 466 444
425 347 450 354 ”
507 393 585 462 nm.
611 391 658 460 n.
685 390 767 461 rm
792 392 904 462 nvn.
929 353 1058 463 xvrn.
1084 391 1179 464 xrs.

213 591 289 634 nem
305 567 469 633 vocabant
484 585 681 652 Qunnnunn,
698 567 849 650 εὐφημίας
867 575 962 635 ἕνεκα.
984 567 1130 652 Cognati
1146 567 1234 632 enim
1249 587 1314 632 non
1330 587 1365 631 se
1377 565 1462 632 inri-

215 700 286 742 cem
302 676 475 759 adcusare,
491 678 550 740 sed
564 678 653 742 inter
667 697 702 739 se
724 679 873 757 conqueri
887 676 1099 740 dicebantur:
1118 675 1214 740 Voss
1231 678 1312 738 Isset.
1335 676 1421 738 Orat.
1436 677 1462 738 1.

213 786 243 849 6.
258 786 288 847 2.
310 783 432 868 Neque
451 791 563 848 tumen
586 805 717 870 semper
738 805 781 846 eo
802 785 935 848 nomine
957 784 1086 847 venisse
1108 784 1172 847 boc
1192 783 1374 847 remedium
1392 784 1463 846 ani-

214 890 457 975 madvertimus,
474 892 532 955 sed
547 892 631 956 illud
648 891 828 977 aliquando
847 893 953 956 ectio:
970 892 1007 959 L.
1025 892 1075 954 12.
1094 893 1123 974 §.
1139 895 1196 954 ott.
1212 892 1250 953 L.
1267 892 1318 954 15.
1336 891 1366 973 §.
1380 891 1410 954 2.
1422 892 1461 952 D.

117 980 122 986 ³
213 1003 252 1065 L.
271 1001 322 1063 25.
342 1000 380 1061 L.
395 999 449 1062 27.
470 1000 503 1062 0.
517 1002 556 1061 de
573 1002 663 1084 Iuoff.
680 1010 748 1063 test.
770 998 950 1083 aliquando
970 999 1140 1064 adcusatio
1159 998 1360 1082 adpellatnr,
1379 1007 1414 1060 nt
1428 1002 1459 1059 L.

213 1108 287 1189 ἃς.
307 1109 363 1169 ult.
378 1107 416 1168 L.
433 1107 484 1170 17.
499 1113 534 1169 L.
548 1107 598 1170 22.
616 1109 657 1169 D.
675 1108 740 1170 eod.
762 1111 808 1169 tit.
830 1107 1006 1171 Vocabant
1022 1107 1171 1170 eamdem
1186 1105 1359 1192 querelam
1375 1123 1457 1168 rnor-

194 1265 195 1268 .
214 1231 351 1296 rlcrosl,
370 1213 449 1298 quia
467 1214 741 1298 quemadmodum
757 1215 905 1296 beneficia
928 1217 1101 1276 alienorum
1118 1224 1208 1293 sunt,
1225 1215 1275 1278 ita
1297 1215 1402 1295 officio
1418 1233 1462 1274 ee

214 1344 296 1395 rum,
312 1341 387 1403 quos
410 1324 603 1384 necessitudo
622 1327 763 1395 emetat,
783 1330 816 1382 et
833 1343 919 1404 opem
929 1324 1024 1401 ferre
1036 1324 1146 1403 jubet.-
1160 1321 1290 1386 Seneca
1306 1323 1347 1382 de
1367 1321 1462 1382 Bene·

206 1435 265 1513 fle.
284 1431 345 1491 III.
362 1427 412 1490 18.
441 1427 565 1492 Contra
587 1429 727 1492 officium
752 1449 833 1512 ergo
857 1431 968 1494 testati
990 1429 1199 1513 videbantur,
1222 1430 1282 1516 qni
1302 1427 1462 1514 proximos

215 1536 272 1602 vel
285 1535 537 1620 praeterierant,
555 1535 610 1600 vel
627 1537 812 1600 exheredes
826 1537 947 1623 injuste
965 1538 1173 1621 scripserant.

714 1715 716 1722 '
795 1730 932 1812 §.s

715 1845 842 1916 Ejusdem
859 1854 965 1900 ndstra.

299 1961 454 2025 Ceterum
467 1960 531 2022 hac
550 1959 687 2044 querela
702 1968 912 2046 testamento,
935 1963 1129 2048 ceteroquin
1147 1961 1352 2025 sollemniter
1365 1960 1460 2040 lacto,

217 2071 439 2155 objiciebatur
454 2068 621 2131 dementia
635 2067 768 2133 furorve
784 2071 959 2134 testatoris.
982 2070 1060 2134 Non
1076 2070 1162 2134 enim
1179 2078 1275 2134 tanta
1289 2069 1461 2134 inhumani·

218 2186 267 2242 tas
289 2177 407 2242 cadere
424 2176 599 2240 videbatur
617 2176 650 2238 in
673 2177 743 2240 sani
764 2178 879 2261 capitis
899 2178 1082 2260 hominem,
1100 2187 1137 2242 nt
1152 2179 1224 2242 sine
1239 2199 1356 2244 caussa
1372 2177 1462 2242 exle-

188 2325 191 2334 ·
217 2287 321 2351 redes·
336 2286 494 2350 scriberet
514 2283 610 2346 filios.
640 2284 880 2350 Instituebatur
898 2307 939 2350 ea
961 2287 995 2350 in
1013 2287 1142 2371 jndicio
1164 2285 1417 2366 Centumvirali,
1434 2293 1462 2346 nt

217 2401 311 2478 patet
325 2415 368 2456 ex
384 2392 487 2456 Plinii
505 2393 619 2474 Eprbtt.
639 2393 696 2452 IV.
713 2391 764 2454 24.
787 2393 886 2458 Unde
904 2396 1025 2479 etipsa
1041 2394 1125 2458 hese
1139 2392 1279 2477 querela
1292 2393 1462 2479 aliquando

213 2504 330 2584 judicii
352 2502 590 2563 centumviralis
613 2501 746 2562 nomine
767 2502 875 2565 venit:
900 2505 936 2564 L.
953 2501 1003 2564 13.
1025 2504 1067 2564 Ι).
1090 2503 1128 2564 de
1150 2502 1241 2584 Inoff.
1267 2489 1340 2564 tesi.
1376 2500 1462 2564 Addo
1518 2541 1519 2550 4

218 2611 256 2671 L.
270 2609 321 2671 17.
342 2610 383 2670 D.
398 2609 463 2670 eod.
482 2605 651 2672 Valerium
668 2607 759 2674 Max.
779 2609 937 2672 71171.
954 2617 988 2672 et
1002 2609 1033 2673 2.
1049 2616 1083 2671 et
1104 2609 1173 2671 VII.
1187 2606 1218 2672 8.
1233 2608 1264 2669 l.

805 2811 835 2892 s.
853 2811 884 2872 7.

649 2903 737 2996 ¹Orr'qo
755 2926 884 2995 lepitimac
897 2925 1037 2995 portionis.

199 3069 201 3073 ’
303 3043 458 3106 Ceterum
474 3047 623 3108 cessabat
638 3044 914 3128 que1·ela,relicta
930 3043 1092 3128 legitima,
1110 3065 1168 3107 seu
1184 3051 1277 3114 certa
1291 3051 1328 3106 et
1343 3042 1459 3128 legibus

151 3185 152 3188 ¹
221 3151 357 3215 definita
381 3151 541 3215 bonorum
564 3153 727 3236 portione.
758 3153 808 3214 Ea
827 3151 905 3215 olim
926 3173 1055 3236 semper
1078 3159 1149 3215 erut
1169 3148 1367 3216 hereditatis
1390 3171 1460 3235 qua-

221 3261 332 3324 drans:
348 3259 385 3322 L.
401 3259 430 3322 8.
447 3261 475 3341 §.
492 3259 522 3322 6.
538 3269 572 3322 et
584 3259 614 3322 8.
628 3263 666 3322 D.
681 3262 720 3322 de
735 3261 825 3342 Inoff.
842 3270 910 3324 test.
922 3261 958 3322 L.
973 3260 1003 3322 2.
1022 3260 1054 3320 C.
1067 3261 1105 3324 de
1119 3261 1241 3343 Inosjie.
1252 3262 1357 3322 donat.
1374 3257 1456 3334 Quae

222 3377 338 3452 quarta
353 3367 485 3451 quando
504 3376 543 3431 et
553 3388 618 3452 qua
637 3367 826 3443 occassione
845 3367 1040 3448 inoleverit,
1054 3368 1297 3452 incompertum
1319 3365 1379 3431 sibi
1395 3383 1459 3428 esse

220 3475 344 3538 fatetur
362 3475 478 3538 Jacob.
496 3475 648 3561 anacius
671 3477 843 3538 observati.
860 3477 902 3538 ΙΙ.
917 3476 968 3539 21.
985 3477 1043 3537 ΙΙΙ.
1061 3475 1090 3538 8.
1112 3475 1169 3538 ubi
1191 3481 1303 3538 tamen
1324 3474 1462 3538 eamden

217 3569 242 3660 ,a
256 3581 372 3646 Marco
390 3583 594 3667 Imperatore
611 3583 778 3648 inventam
798 3584 989 3669 suspicatur,
1006 3583 1163 3668 deceptus
1185 3583 1262 3646 loco
1279 3581 1463 3668 Nicephori.

222 3692 269 3754 At
284 3690 372 3754 inter
385 3692 507 3774 primos
522 3693 596 3758 Jan.
612 3683 853 3776 aCostaprino.
870 3695 947 3756 Inst.
964 3695 1002 3756 de
1017 3693 1106 3773 Inqff.
1124 3701 1192 3754 test.
1208 3700 1243 3754 et
1258 3691 1381 3756 Claud.
1398 3689 1462 3756 cli-

222 3799 331 3863 lletius
347 3800 386 3860 de
400 3801 482 3881 legit.
494 3810 576 3881 port.
592 3799 693 3886 [lbos.
709 3803 743 3862 V.
760 3803 848 3864 Tios.
856 3803 925 3882 jur.
941 3805 996 3862 osb.
1010 3822 1042 3882 p.
1056 3797 1145 3884 721]
1160 3821 1306 3864 necnon
1323 3809 1404 3884 post
1418 3799 1465 3860 bos

223 3908 301 3972 Ant.
324 3906 547 3993 Schultingius
572 3909 707 3991 Jerispr.
729 3911 889 3990 Antejust.
907 3931 939 3991 p.
964 3907 1036 3971 381.
1061 3907 1261 3990 docuerunt,
1286 3907 1465 3994 legitimam

105 4065 111 4076 .
222 4015 313 4080 illam
329 4016 516 4099 portionem
534 4038 576 4078 ex
597 4015 682 4103 legis
696 4017 868 4082 Falcidiae
891 4016 1073 4080 rationibus
1089 4017 1286 4102 prudentum
1301 4017 1467 4100 ,interpre-
1515 4027 1516 4100 j

222 4124 350 4188 tatione
377 4145 448 4187 esse
469 4125 646 4190 inductam.
668 4125 756 4190 Sane
778 4125 973 4207 heredibus,
997 4126 1114 4209 quibus
1137 4124 1312 4188 inofficiosi
1337 4121 1468 4209 querela

222 4233 399 4315 competit,
415 4250 580 4310 Qunarnn
599 4252 783 4297 rarerorsn
799 4234 932 4315 deberi,
949 4233 1079 4296 disertis
1094 4232 1204 4296 verbis
1220 4231 1335 4295 dicunt
1350 4231 1467 4294 Paulus

117 4323 123 4332 '
225 4343 378 4404 semensa
395 4343 531 4426 recepe.
546 4323 646 4404 nze
661 4343 690 4404 s.
707 4350 741 4405 et
755 4341 917 4425 Ulpianus
933 4341 970 4402 n.
985 4339 1014 4403 s.
1030 4341 1059 4422 §-
1076 4339 1106 4402 o.
1122 4348 1156 4404 et
1172 4341 1222 4402 14.
1237 4341 1279 4402 n.
1298 4342 1339 4402 a.
1353 4341 1467 4423 444444.

224 4459 345 4512 testem.
371 4449 534 4514 Absolute
558 4472 690 4535 qnoque
713 4449 803 4512 illam
822 4451 1009 4534 portionem
1037 4467 1201 4525 QUnnrAM
1227 4457 1325 4512 vocat
1345 4448 1466 4512 Plinius

225 4559 338 4638 libriin.
360 4559 394 4619 V.
412 4558 441 4619 1.
458 4568 490 4621 et
512 4575 696 4622 ranenunn
715 4558 918 4621 Justinianns
939 4563 974 4620 L.
995 4557 1045 4620 31.
1064 4557 1096 4618 0.
1119 4559 1157 4620 de
1171 4559 1259 4640 Inoffi
1282 4566 1352 4620 test.
1376 4551 1466 4621 Unde
1514 4599 1515 4645 t
