3080 5154
432 361 437 370 ι
558 409 612 478 lla
638 410 798 481 Nurrus.
825 435 828 456 ·
1238 417 1310 484 139

74 592 140 656 haec
164 587 336 654 decurioni
360 587 518 650 nuberet:
548 607 589 650 eo
612 585 686 670 ipso
709 585 760 650 illi
787 608 853 652 nou
884 585 1024 670 amplius
1044 586 1225 668 naturales,
1250 587 1308 651 red

74 699 233 786 legitimati
250 697 460 760 haberentur.
482 693 619 757 Interim
641 693 703 757 soli
724 696 810 778 patri
831 695 866 758 hi
885 695 1010 758 debant
1027 693 1143 777 liberi,
1164 716 1231 758 non
1251 695 1309 758 ad·

76 807 165 891 gnatis
180 804 320 890 reliquis
336 802 488 887 adgnati:
500 801 539 864 L.
559 801 589 865 9.
611 803 645 864 0.
660 803 700 864 dc
718 801 836 864 Natus.
854 804 903 865 tib.
919 802 959 866 Iu
979 823 1122 866 caussam
1144 803 1230 868 tanti
1250 803 1310 866 de-

76 916 244 978 curionatus
267 911 337 976 odii
352 918 468 991 acute,
494 918 530 974 ut
553 909 657 990 solet,
680 909 818 994 inquirit
841 910 995 974 Thomas.
1011 913 1097 974 Dr‘sr.
1114 912 1219 993 odleg.
1235 932 1261 972 c.
1279 911 1310 972 1.

75 1025 97 1105 §.
110 1022 134 1084 8.
143 1043 175 1103 p.
191 1020 243 1084 21.
256 1041 300 1101 sq.
320 1018 377 1081 ubi
395 1003 504 1084 solide
520 1018 681 1097 ostendit,
697 1017 846 1082 homiues
861 1017 1050 1102 voluptate,
1071 1017 1253 1082 ambitione
1275 1025 1310 1080 et

76 1129 195 1194 avaritia
213 1128 249 1190 in
263 1135 480 1190 transversum
499 1131 600 1205 actos,
619 1123 835 1208 dignitatibus
853 1125 979 1206 aulicis,
994 1126 1199 1210 militiaeque
1216 1123 1311 1210 pala-

76 1240 148 1301 tinae
169 1243 203 1298 et
220 1233 392 1296 ordinibus
412 1233 527 1314 sacris,
551 1253 648 1317 quam
668 1233 856 1297 muneribus
880 1232 1041 1319 ejusmodi
1065 1232 1259 1315 laboriosis,
1276 1242 1311 1297 et

77 1347 110 1408 ob
124 1351 222 1407 onera
237 1342 416 1422 curiarum,
431 1349 631 1425 sumtusque‚
646 1341 683 1402 in
697 1340 886 1423 spectacula
900 1340 1159 1422 impendendos,
1169 1362 1235 1403 non
1252 1341 1312 1404 ad-

79 1452 189 1515 modum
207 1448 396 1534 pinguibus,
411 1433 538 1511 inhiare
555 1445 716 1510 maluisse.
740 1447 808 1511 Sed
822 1449 959 1533 propior
978 1448 1065 1511 ratio
1080 1447 1176 1512 reddi
1192 1456 1311 1531 potest,

79 1561 110 1621 ab
128 1559 195 1642 ipsa
219 1555 390 1619 curialium
416 1555 608 1620 conditione
630 1553 811 1639 depromta.
836 1555 914 1618 Non
939 1555 1026 1619 enim
1048 1556 1229 1640 putandum
1251 1564 1312 1638 est,

80 1666 169 1730 curiae
185 1663 318 1727 oblatos
334 1663 507 1726 confestim
524 1664 629 1727 factos
652 1685 723 1726 esse
741 1663 946 1727 decuriones.
968 1663 1036 1726 Sed
1059 1663 1168 1727 curiae
1190 1663 1314 1726 adscri-

80 1776 233 1855 bebantur,
250 1772 350 1854 eique
368 1771 559 1834 serviebant
575 1770 726 1855 periculo
743 1793 871 1835 suarum
897 1770 1107 1834 facultatum:
1121 1773 1159 1833 L.
1175 1773 1205 1846 l.
1223 1775 1257 1834 Ο.
1274 1774 1314 1835 de

80 1885 140 1945 Nat.
154 1883 200 1944 lib.
215 1881 254 1942 L.
272 1880 324 1942 50.
340 1879 377 1940 L.
393 1879 444 1939 55.
459 1879 497 1939 L.
512 1875 564 1940 64.
584 1877 616 1938 0.
638 1879 677 1940 de
693 1880 811 1940 Demea.
846 1878 936 1942 Hinc
955 1900 1017 1942 nec
1033 1879 1172 1944 militiae
1191 1901 1313 1944 nomeu

81 1990 159 2071 dare,
180 2010 244 2052 nec
264 1987 333 2050 ruri
356 1993 450 2048 extra
469 1986 680 2069 municipium
703 1986 817 2049 vivere
843 1995 1016 2070 poterant,
1041 1989 1151 2051 curiae
1177 1989 1313 2074 quippe,

82 2106 225 2182 tamquam
246 2093 368 2180 glebae
389 2092 563 2176 adscripti:
582 2081 621 2154 L.
639 2093 690 2155 17.
715 2094 746 2156 0.
762 2095 828 2156 eod.
847 2094 883 2155 L.
903 2117 957 2157 aa.
979 2097 1013 2156 0.
1036 2095 1197 2160 Sr'curr'al.
1216 2099 1313 2159 relict.

82 2211 124 2266 αὐ.
137 2205 228 2282 Quae
244 2203 356 2266 omnia
369 2201 558 2265 luculenter
573 2200 720 2264 ostendit
735 2201 777 2264 V.
793 2201 831 2263 C.
849 2203 920 2263 Em.
934 2201 1058 2264 Merill.
1081 2203 1152 2264 om.
1175 2202 1246 2264 VII.
1262 2202 1313 2265 w.

78 2335 103 2394 p.
113 2312 175 2375 109.
197 2311 307 2389 Quum
322 2311 437 2396 itaque
452 2310 562 2374 curiae
580 2307 686 2371 oblati
702 2307 947 2391 quodammodo
965 2317 1075 2371 essent
1089 2308 1313 2393 adscriptitiae

82 2419 280 2499 conditionis,
296 2437 359 2481 nec
375 2418 509 2481 alterius
530 2417 570 2479 iis
587 2423 673 2479 esset
689 2435 763 2499 spes
785 2414 931 2498 honoris,
950 2437 1047 2500 quam
1070 2416 1314 2499 decurionatus,

83 2549 145 2591 sane
166 2547 279 2612 parum
301 2524 436 2588 lucrosi:
460 2546 526 2589 non
554 2525 707 2609 profecto
734 2523 932 2607 mirandum,
956 2533 1021 2588 tam
1046 2525 1158 2609 paucis
1180 2526 1314 2590 salivam

83 2637 203 2699 novisse
218 2633 428 2718 splendidam
443 2633 534 2697 illam
550 2631 721 2696 curialium
737 2630 911 2714 miseriam,
928 2641 965 2696 ut
983 2642 1017 2697 et
1032 2633 1132 2698 liberi
1146 2633 1315 2718 illegitimi

86 2743 239 2827 privilegio
258 2751 368 2806 essent
387 2740 568 2806 adliciendi
589 2740 631 2804 ad
650 2738 892 2821 suscipiendum
915 2741 1095 2828 aliquando
1118 2742 1317 2806 decuriona-

84 2859 146 2912 tum.
171 2850 254 2930 (Οή.
272 2850 420 2934 inprimis
438 2850 480 2913 de
499 2848 645 2934 Savigny
664 2847 784 2913 Gescb.
803 2846 862 2910 des
877 2847 918 2911 R.
935 2849 978 2912 R.
993 2851 1037 2914 irn
1055 2851 1259 2916 Mittelalter
1276 2849 1316 2911 T.

82 2958 104 3020 Ι.
116 2981 142 3042 p.
155 2959 203 3022 46.
218 2980 289 3044 sqq.
305 2957 357 3020 ed.
376 2958 438 3040 ΙΙ.)

643 3059 672 3154 ς.
692 3074 744 3136 25.

131 3189 246 3252 lenanu,
264 3190 403 3244 Anartmii
420 3198 446 3241 et
462 3188 609 3247 Jurtiniaai
625 3191 819 3244 constitutiones
837 3191 869 3242 da
882 3188 974 3258 primo
991 3189 1069 3242 modo
1087 3189 1257 3259 legitimandi.

152 3291 334 3377 Sequentes
353 3292 575 3374 Imperatores
592 3291 658 3354 duo
673 3291 737 3355 ista
750 3290 1003 3375 legitimationis
1016 3311 1142 3375 genera
1157 3289 1320 3373 aliquam-

88 3395 131 3460 diu
145 3400 357 3481 retinuerunt,
373 3400 539 3484 variisque
557 3421 599 3463 ea
613 3398 743 3483 legibus
760 3399 977 3482 explicarunt.
994 3398 1049 3461 Sic
1064 3398 1160 3462 Zeno
1171 3397 1320 3482 Impera-

87 3511 131 3566 tor
140 3507 251 3592 sanxit,
272 3516 310 3572 ut
329 3507 356 3570 si
370 3516 482 3592 pater,
498 3506 590 3572 nulla
610 3505 763 3591 legitima
778 3508 894 3571 sobole
910 3507 977 3572 alia
994 3508 1182 3593 superstite,
1200 3525 1320 3568 concu-

88 3610 178 3677 binam
193 3637 329 3679 uxorem
353 3615 503 3697 duxerit,
527 3615 626 3678 liberi
648 3615 817 3701 utriusque
837 3637 934 3679 sexus
956 3617 1065 3679 statim
1090 3624 1165 3700 post
1188 3613 1321 3698 nuptias

88 3715 115 3780 iu
137 3722 237 3805 patria
257 3730 424 3808 potestate
451 3733 577 3807 essent,
596 3731 629 3788 et
653 3725 721 3788 sive
739 3724 820 3807 soli,
848 3725 917 3789 sive
938 3744 1010 3788 cum
1026 3724 1181 3796 fratribus
1203 3728 1322 3806 postea
1408 3718 1412 3728 ‘

90 3827 156 3892 uatis
172 3831 256 3913 patri
278 3852 322 3894 ex
336 3838 553 3912 testamento,
576 3832 630 3897 vel
651 3832 692 3895 ab
715 3834 892 3915 intestato,
915 3833 1140 3896 succederent.
1162 3831 1321 3893 Attamen

90 3950 146 3997 cam
163 3939 428 4002 constitutionem
445 3940 516 4023 ipse
532 3962 682 4025 quoque,
697 3939 852 4025 exemplo
871 3941 1098 4022 Constantini,
1122 3939 1233 4002 valere
1249 3943 1321 3998 tan·
1441 3989 1448 3996 ,

89 4046 142 4104 tum
156 4045 258 4109 voluit
278 4047 408 4110 ratione
424 4047 604 4112 liberorum
628 4057 705 4112 ante
720 4047 805 4113 hanc
820 4049 929 4133 legem
950 4071 993 4112 ex
1014 4046 1205 4111 concubinis
1226 4045 1323 4128 inge-

89 4149 146 4212 nuis
160 4161 320 4229 natorum3
342 4176 399 4219 eos
415 4178 505 4234 vero,
522 4157 578 4240 qui
594 4164 712 4241 postea
726 4178 769 4220 ex
788 4158 1006 4221 concubinatu
1021 4154 1186 4239 prodituri
1202 4159 1322 4232 essent,

88 4258 157 4320 tanti
178 4262 330 4325 beneficii
349 4263 458 4328 noluit
473 4286 543 4328 esse
560 4265 756 4350 participes:
775 4267 811 4328 L.
829 4269 858 4328 5.
877 4267 909 4326 Ο.
928 4264 966 4326 de
982 4263 1102 4325 Natar.
1120 4263 1168 4322 lr'b.
1197 4259 1265 4323 Sed
1289 4268 1325 4323 ct

88 4359 262 4433 Anastasius
288 4393 359 4434 cum
387 4374 538 4437 omnibus
565 4375 663 4437 etiam
692 4385 810 4460 postea
836 4369 1007 4437 nascituris
1032 4369 1096 4431 hoc
1125 4368 1323 4432 beneficium

89 4479 339 4543 communicavit:
355 4480 393 4542 1..
408 4480 437 4544 6.
458 4483 489 4544 0.
503 4483 568 4546 eod.
590 4482 631 4545 Id
646 4504 725 4546 vero
741 4481 912 4566 restringit
928 4481 951 4544 J
953 4479 1076 4543 ustinus
1090 4477 1173 4562 Imp.
1192 4477 1230 4540 L.
1245 4477 1274 4538 7.
1291 4477 1323 4536 G.

27 4603 39 4640 ο
89 4582 143 4642 tud.
161 4594 339 4671 posteaque
364 4609 422 4652 suo
445 4609 535 4654 more
557 4589 675 4655 iterum
696 4590 795 4654 latius
817 4589 967 4675 porrexit
983 4585 1203 4652 Justinianus:
1218 4584 1257 4644 L.
1273 4582 1324 4643 10.
