2972 5156
698 389 772 456 Lm.
798 387 824 454 1.
850 387 929 456 Tm.
955 387 1063 456 XXV.

836 565 865 646 §.
886 563 918 626 9.

522 680 662 749 Profectio
680 678 823 733 liberorum
841 680 914 748 apud
931 677 1107 747 Praefectum
1126 679 1234 732 marii.

335 783 479 860 Quinam
492 781 593 846 liberi
614 780 800 864 profuerint
818 780 861 844 ad
881 779 1044 863 capienda
1063 780 1264 852 πολυτεκνίας
1282 779 1421 862 praemia,
1433 779 1461 842 de

252 893 294 954 eo
310 890 445 974 copiose
466 889 543 952 satis
563 887 731 973 disputant
747 887 983 952 Jurecousulti.
1005 887 1075 949 Nos
1093 885 1256 962 addimus
1270 906 1311 948 ne
1325 886 1401 949 fraus
1414 885 1462 968 legi

251 1000 359 1077 fieret,
380 1005 511 1060 cautum
528 997 626 1059 finisse
643 1019 662 1059 a
678 996 794 1059 Marco
812 994 987 1058 Antonino
1006 995 1212 1078 Imperatore
1226 995 1279 1074 Π),
1295 1001 1329 1056 ut
1339 993 1462 1077 professio

251 1105 540 1170 liberorum-intra
563 1104 651 1168 diem
677 1102 876 1167 tricesimum
904 1103 1000 1166 fieret
1023 1102 1111 1186 apud
1135 1101 1342 1166 Praefectum
1367 1100 1463 1180 aerarii,

252 1215 459 1298 alterumque
474 1211 662 1294 exemplum
680 1210 866 1275 tabularum
883 1209 989 1293 domi,
1009 1209 1148 1273 alterurn
1164 1210 1252 1294 apud
1269 1207 1410 1272 aerarium
1424 1205 1464 1267 ad-

249 1328 455 1385 seruaretur:
470 1319 506 1381 id
524 1319 615 1403 quod
637 1318 726 1381 idem
747 1319 932 1401 Imperator
948 1319 1046 1381 etiam
1064 1318 1099 1380 in
1115 1317 1294 1402 provinciis
1309 1313 1463 1398 fierijussit:

250 1428 317 1494 Jul.
341 1427 521 1511 capitolin.
542 1430 596 1489 oft.
617 1425 720 1488 Mare.
741 1427 903 1488 Autome.
926 1425 957 1488 9.
985 1427 1030 1488 Et
1051 1424 1116 1487 huc
1142 1425 1290 1508 pertinet
1317 1421 1469 1504 exemplum

252 1535 431 1616 Gordiani,
452 1534 494 1597 de
517 1554 584 1616 quo
606 1531 696 1596 idem
716 1533 784 1597 Jul.
804 1531 984 1616 Capitolio.
1008 1533 1104 1594 Gord.
1121 1553 1147 1596 o.
1164 1533 1195 1595 4.
1216 1553 1280 1594 nec
1301 1553 1363 1596 non
1383 1526 1464 1611 lepida

250 1643 311 1708 illa
326 1642 470 1706 adulteri
486 1641 656 1704 excusatio
677 1640 765 1724 apud
779 1638 932 1705 Juvenal.
950 1640 1018 1702 Sat.
1034 1640 1092 1702 IX.
1107 1659 1135 1702 a.
1150 1638 1201 1702 84.
1217 1661 1283 1723 sqq.

339 1751 431 1811 Tblls's
446 1753 536 1822 enim,
551 1759 584 1812 et
596 1769 716 1810 nrnnrs
730 1767 884 1809 Acronum
898 1767 1053 1830 sporgere
1067 1749 1190 1829 gaudes

335 1857 538 1937 Argumenta
552 1861 627 1920 oiri:
633 1855 761 1933 sora'bue
776 1855 933 1934 suspende
947 1874 1095 1926 coronas,

334 1963 407 2024 Jauz
419 1972 513 2044 puter
528 1983 579 2024 es:
594 1964 751 2034 dedimus,
767 1961 969 2050 quodsumoe
983 1967 1266 2043 opponeremus,

335 2070 416 2131 Jura
426 2075 572 2151 pareretis
591 2071 685 2131 sales
690 2075 841 2150 ,·propter
856 2087 905 2128 me
919 2069 1064 2129 sortieris
1082 2069 1183 2130 deren.

251 2176 351 2241 Adde
368 2175 510 2240 Brisson.
528 2179 611 2238 Ant
583 2185 657 2259 t.aqu
669 2177 758 2238 Rom.
776 2174 802 2237 I.
815 2176 846 2236 5.
860 2196 895 2256 p.
910 2173 939 2234 7.
954 2176 1006 2254 (et
1021 2173 1162 2238 Trekell
1182 2174 1224 2237 ad
1239 2173 1378 2237 Brisson.
1392 2169 1469 2246 Antip.

252 2306 319 2368 opp.
334 2288 407 2346 ιιι1ιι.
417 2306 452 2365 p.
467 2283 517 2346 10.
533 2283 671 2366 Haud).

828 2415 858 2496 ἓ.
879 2414 930 2476 10.

484 2531 557 2584 Fisus⁸
570 2539 596 2581 et
613 2529 721 2594 aerarii,
738 2538 769 2582 ut
787 2529 941 2582 strationis
961 2529 1084 2584 Caesaris
1103 2531 1128 2582 d
1120 2529 1284 2600 ffsreutur

335 2629 542 2694 Voluntariis
559 2649 660 2712 porro
675 2628 941 2692 excusationibus
956 2631 1167 2695 adcensenda
1177 2632 1222 2695 II.
1235 2635 1469 2696 nnunusrunllt

252 2757 309 2804 ιιιιι
329 2753 488 2803 urscnnrs
508 2737 632 2798 Libera
648 2735 821 2821 republica·
840 2736 965 2802 reditus
988 2759 1102 2805 omnes
1118 2738 1245 2822 publici
1269 2737 1435 2803 influebant
1450 2727 1469 2816 in

163 2854 171 2861 '
253 2845 424 2910 aerarium.
445 2843 494 2908 At
509 2844 568 2907 sub
589 2845 848 2928 Imperatoribus
862 2854 992 2929 separat
995 2867 1034 2910 ae
1052 2856 1156 2909 erant
1160 2847 1310 2910 rationes
1315 2845 1390 2926 fisos
1401 2846 1428 2902 at
1430 2847 1469 2924 qut

253 2956 385 3026 aerarii,
413 2954 467 3018 τοῦ
492 2952 655 3035 βασιλικου
678 2955 729 3018 καὶ
755 2955 815 3016 τοῦ
840 2979 916 3033 ταμε
919 2958 974 3017 ου
1008 2953 1086 3016 Hoc
1110 2952 1152 3015 ad
1177 2952 1356 3035 populum,
1380 2946 1429 3010 ille
1446 2927 1469 3060 al

252 3059 441 3143 Principem
460 3059 660 3143 pertinebat.
682 3059 772 3122 Hinc
795 3079 894 3143 saepe
914 3081 986 3122 cum
1005 3059 1039 3122 in
1053 3061 1148 3144 jure,
1166 3067 1236 3122 tum
1253 3058 1343 3143 apud
1358 3060 1469 3138 auctoret

235 3169 522 3253 jungunturjura
535 3169 616 3244 sisci
631 3168 798 3247 etpopulr'·
790 3165 907 3228 ·Paul.
923 3166 1074 3248 Receptt.
1082 3167 1223 3229 sentent.
1248 3168 1285 3230 V.
1302 3164 1353 3226 12.
1366 3161 1399 3222 L.
1413 3141 1469 3279 Ill

252 3277 292 3336 de
311 3276 394 3338 Bon.
415 3277 499 3336 dam.
517 3271 684 3357 Lamprid.
705 3275 798 3336 Alea.
822 3274 891 3334 Sec.
909 3295 936 3333 c
950 3271 1001 3335 12.
1022 3273 1121 3353 Hanc
1144 3273 1367 3336 differentiam
1384 3266 1469 3382 prinup

252 3379 438 3465 Augustus,
461 3379 516 3442 vel
537 3389 627 3442 certe
649 3378 815 3460 Tiberius,
838 3379 972 3464 reperit.
995 3380 1081 3442 Sane
1105 3380 1165 3443 sub
1183 3379 1326 3442 Tiberio
1345 3377 1455 3440 diversa
1429 3383 1469 3464 suu

253 3508 273 3548 a
293 3485 372 3547 fisco
394 3483 494 3548 fuisse
513 3487 691 3564 aerarium,
710 3495 805 3570 patet
826 3508 870 3550 ex
889 3486 971 3550 Tac.
988 3489 1075 3548 Αιιιι.
1100 3487 1153 3549 VI.
1173 3486 1204 3549 2.
1231 3487 1265 3550 A
1285 3488 1364 3551 fiseo
1387 3484 1469 3580 iteruri

254 3592 409 3656 distincta
426 3600 497 3655 erat
508 3596 591 3654 ratio
610 3596 767 3668 Caesarie,
781 3594 816 3656 id
830 3603 891 3674 est,
904 3594 1068 3678 privatum
1081 3593 1248 3677 Principis
1263 3583 1469 3686 patrimonium

256 3798 328 3852 Οἰιιι.
348 3801 389 3849 14.
416 3796 471 3847 Sed
491 3796 570 3848 facilc
592 3813 655 3848 eum
678 3796 795 3864 reperire
819 3797 984 3864 potuisset
976 3815 1005 3850 m
1028 3798 1157 3851 Tractotu
1179 3796 1355 3850 ilderatuum
1376 3793 1404 3846 Τ.
1425 3779 1469 3850 Vll

241 3899 303 3934 ·nec
320 3879 444 3946 ignotum
462 3884 511 3939 est,
529 3894 591 3931 eum
609 3897 696 3946 nuper
718 3879 877 3992 ΤΙιιιιιιιιί
856 3900 917 3952 yur.
937 3883 1016 3936 Rom.
1040 3882 1128 3934 Otton.
1151 3879 1181 3932 Τ.
1200 3879 1259 3934 ΙΙΙ.
1273 3899 1304 3949 p.
1317 3885 1376 3933 967.
1392 3893 1440 3944 sqq.
1453 3857 1469 4012 lp

253 3971 355 4019 sertum
374 3981 442 4017 esse.
461 3963 541 4016 Heia.

321 4050 365 4116 m)
385 4050 427 4099 lta
446 4061 503 4098 rem
521 4045 602 4097 refert
618 4045 673 4099 Jul.
692 3987 865 4116 Capitolinus
882 4049 926 4103 vit.
939 4049 1026 4101 Marc.
1038 4048 1102 4101 Ant.
1118 4067 1141 4101 c.
1156 4053 1181 4101 9.
1196 4049 1253 4101 Sed
1269 4054 1363 4103 tamen
1376 4049 1428 4114 jam
1439 4019 1469 4120 aul

253 4151 286 4187 ea
303 4139 426 4199 tempora
444 4133 581 4184 clarorum
597 4130 718 4184 virorum
736 4133 837 4186 ortus·
830 4149 858 4185 ru
877 4139 937 4186 acta
954 4132 1065 4198 publica
1081 4133 1276 4196 referebantur,
1293 4137 1327 4184 ut
1344 4147 1379 4183 ex
1395 4129 1464 4181 Sueto

258 4215 345 4270 Tiber.
363 4235 385 4268 c.
403 4220 428 4267 5.
446 4218 473 4265 et
494 4212 576 4280 Calip.
595 4231 616 4265 c.
634 4218 659 4266 8.
673 4222 756 4280 patet.
774 4219 910 4270 Juvenal.
919 4218 975 4271 Sat.
994 4219 1015 4270 I
1018 4218 1044 4270 V.
1064 4235 1088 4269 v.
1105 4223 1149 4271 82.
1166 4236 1205 4287 eq.
1220 4218 1360 4270 Fortassis
1375 4217 1407 4267 eb
1418 4227 1455 4264 om

254 4302 306 4353 bus
321 4305 348 4351 et
361 4299 398 4351 ob
412 4299 537 4351 liberales
555 4313 667 4351 caussas
685 4300 713 4352 id
731 4300 790 4353 fieri
804 4301 888 4367 jussit
905 4301 1067 4364 Antoninus,
1086 4303 1161 4369 quod
1179 4307 1261 4354 antea
1274 4300 1431 4356 illustriores
1443 4301 1464 4344 ta

254 4388 313 4436 tum
330 4383 448 4436 familiae
465 4383 554 4435 facere
571 4392 779 4439 consueverant.
798 4387 884 4438 Plura
902 4400 952 4437 nos
971 4386 999 4437 in
1020 4385 1165 4439 Commorat.
1182 4388 1220 4438 ad
1235 4389 1269 4439 L.
1286 4383 1346 4437 Jul.
1366 4385 1431 4449 Pop·

255 4466 295 4518 11.
314 4485 336 4519 c.
353 4471 379 4518 9.
394 4485 422 4534 p.
440 4471 500 4520 213.
518 4468 565 4520 ubi
579 4473 606 4520 et
622 4469 657 4521 de
680 4463 777 4520 natalis
795 4473 822 4520 et
845 4469 974 4520 censualis
996 4470 1171 4536 professionis
1195 4469 1369 4532 discrimine,
1393 4457 1469 4534 quaul

255 4549 357 4601 mentio
374 4553 404 4600 fit
420 4549 449 4600 in
466 4552 498 4602 l.
516 4555 541 4604 6.
563 4553 591 4605 0.
611 4555 642 4604 de
660 4552 719 4604 Fid.
737 4554 811 4606 instr.
829 4559 855 4604 et
873 4556 904 4604 l.
922 4553 968 4603 ult.
991 4554 1019 4604 0.
1040 4555 1103 4607 &ne
1121 4572 1201 4606 censu
1218 4554 1262 4606 nel
1278 4555 1356 4623 reliq.
1381 4551 1451 4604 Helu·
