3040 5164
332 395 437 482 Quis.
462 395 561 466 Man.
587 395 748 468 Tasrnu.
774 397 913 469 lurrnn.
942 409 1009 470 etc.
1227 405 1296 472 441

39 573 96 636 lex
117 572 225 636 Junia
249 572 425 638 Norbana:
447 572 562 659 Sigon.
582 576 623 644 ric
642 595 724 638 nom.
743 595 851 658 propr.
875 597 906 658 p.
925 597 965 640 m.
982 575 1073 642 1426.
1102 577 1193 660 Ergo
1216 575 1300 642 haec

38 681 94 744 lex
113 687 177 744 aut
197 681 332 744 claudia
351 681 500 747 dicenda
515 682 646 764 luisset,
662 693 719 746 aut
741 686 900 757 thiaua,
919 703 986 748 uon
1005 687 1106 748 Glr‘ar'a
1120 690 1163 766 ⁸).
1186 686 1300 763 Quare

38 789 123 852 nihil
146 789 220 852 dici
233 796 344 873 potest
360 790 595 871 verosimilius,
618 811 715 875 quam
731 791 821 874 quod
835 793 979 856 moribus
999 799 1033 856 et
1048 793 1301 857 iureconsultu-

38 919 107 960 mm
135 897 339 960 auctoritate
360 897 539 963 invaluerit
560 899 643 963 haec
665 897 819 983 querela,
844 901 1035 985 etquidem
1059 900 1166 964 libera
1193 901 1302 966 adhue

38 1003 228 1087 republica.
257 1005 482 1070 Meminerant
502 1007 589 1070 enim
609 1005 698 1070 illius
714 1006 833 1072 Cicero
849 1009 918 1069 adu.
936 1008 1025 1070 Verr.
1040 1008 1129 1071 142
1145 1017 1179 1072 et
1195 1009 1300 1072 Vale-

38 1114 101 1176 rins
118 1112 220 1176 Max.
241 1111 836 1199 V1t7.6.exquoconstat,jamad
857 1114 894 1178 C.
910 1114 1122 1199 Calpurnium
1142 1116 1299 1180 Pisonem

38 1220 121 1282 hanc
161 1219 332 1304 querelam
363 1221 464 1284 facisse
486 1221 640 1287 delatam.
679 1221 785 1306 Atqui
814 1232 998 1305 praeturam
1023 1221 1082 1286 hic.
1102 1222 1301 1307 Calpurnius

41 1329 141 1412 gessit
171 1347 258 1390 auno
273 1328 315 1391 U.
338 1327 569 1394 C.uot.xxx11.
592 1329 728 1392 Scilicet
748 1329 916 1394 liberrima
940 1329 1018 1394 olim
1043 1337 1114 1394 erat
1136 1331 1301 1424 patribus-

40 1436 187 1498 familias
203 1435 349 1507 testaudi
362 1436 657 1522 exheredandique
674 1437 822 1502 facultas.
845 1437 954 1516 Quum
970 1459 1050 1500 vero
1067 1459 1106 1502 ea
1123 1439 1300 1502 abuteren-

42 1553 90 1606 tur
109 1543 270 1606 homines
292 1544 433 1606 maxime
456 1544 627 1610 blanditiis
647 1545 878 1610 novercalibus
904 1545 1051 1609 deliniti:
1073 1545 1299 1610 iureconsulti

46 1652 82 1714 de
95 1649 254 1712 remedio
269 1651 418 1734 cogitare
435 1662 631 1738 coeperunt,
649 1675 714 1738 quo
731 1654 852 1738 injuste
869 1653 1078 1718 exheredatis
1094 1675 1300 1716 succurrere-

44 1769 100 1824 tur.
127 1758 236 1836 Quod
262 1779 329 1820 non
354 1758 492 1822 obscure
514 1761 622 1824 innuit
648 1761 869 1846 Pomponius,
888 1762 963 1826 dum
993 1761 1183 1826 latissimam
1207 1761 1297 1824 illam

44 1874 245 1952 potestatem
268 1873 462 1932 testatorum
487 1877 726 1950 coangustatam
753 1870 853 1932 luisse
878 1869 924 1932 ait
946 1873 1201 1952 interpretatione
1218 1874 1300 1952 jura

46 1979 316 2038 constituentium:
333 1975 370 2036 1..
385 1975 467 2038 120:
478 1978 520 2039 Ι).
537 1977 576 2038 de
597 1977 687 2039 Vert.
702 1978 807 2059 signis.
828 1978 902 2041 Jam
922 1975 1070 2062 quamvis
1083 1977 1300 2041 iureconsul-

47 2084 80 2146 tis
100 2103 211 2146 novas
228 2082 324 2167 leges
345 2083 489 2148 condere
513 2083 568 2146 vel
591 2092 722 2146 veteres
746 2091 898 2148 evertere
921 2083 1009 2146 haud
1025 2083 1158 2148 liceret:
1187 2093 1298 2148 tamen

46 2213 143 2275 quum
161 2211 205 2256 ex
220 2191 305 2274 juris
321 2191 490 2276 principiis
511 2191 625 2254 furiosi
649 2192 794 2254 candere
810 2213 876 2254 uon
899 2201 1033 2274 possent
1054 2199 1298 2272 testamentum,

44 2319 108 2362 non
128 2297 197 2362 alio
214 2319 252 2361 ac
267 2299 490 2362 commodiore
512 2299 625 2362 colore
641 2300 761 2384 injuste
784 2298 995 2361 exheredatis
1017 2319 1205 2380 succurrere
1221 2309 1299 2383 pot-
1329 2337 1332 2346 ·

46 2415 161 2487 erant,
181 2427 276 2490 quarn
302 2407 328 2469 si
351 2407 531 2491 fingerent,
552 2415 722 2489 parentem
745 2406 869 2469 liberos
895 2407 1015 2491 injuste
1039 2405 1298 2470 exheredantem

47 2533 150 2576 sanae
175 2498 212 2576 ac
229 2515 383 2598 integrae
407 2517 524 2578 mentis
546 2514 635 2578 haud
659 2515 774 2596 fuisse,
798 2514 899 2598 idque
922 2515 1001 2578 inde
1025 2514 1298 2593 demonstrarent,

48 2621 136 2704 quod
152 2620 278 2684 liberos
297 2625 384 2686 bene
402 2623 444 2686 de
471 2645 505 2686 se
521 2623 655 2687 meritos
676 2623 745 2686 sine
763 2623 855 2706 jueta
878 2643 991 2686 caussa
1012 2622 1066 2686 vel
1089 2623 1299 2705 praeterierit

49 2729 97 2792 rel
120 2729 309 2794 exheredes
331 2731 509 2816 scripserit:
531 2731 712 2814 Bynkersh.
743 2733 918 2794 Observatt.
937 2733 979 2792 II.
999 2731 1050 2794 12.
1064 2753 1097 2813 p.
1118 2731 1189 2793 153.
1223 2735 1299 2806 Huic

55 2838 100 2919 yria
123 2839 183 2903 οὔκ
204 2837 244 2903 cir
264 2865 310 2911 τις
338 2841 418 2903 εἴποι
444 2845 571 2920 μανίαν,
593 2837 628 2904 rd
656 2839 721 2902 κατ’
741 2839 833 2922 αὐτῆς
854 2833 953 2921 ὥσπερ
975 2837 1088 2924 ἀλόγως
1109 2844 1299 2922 χαλεπαίνειν

51 2950 99 3028 τῆς
117 2943 253 3028 ψύσεως;
279 2946 343 3007 Cur
358 2949 438 3007 euim
446 2947 594 3024 furorem
609 2967 671 3008 nun
687 2948 868 3018 diceremus,
886 2950 931 3008 ita
943 2955 1080 3009 naturae
1097 2951 1301 3009 succensere?

51 3053 151 3138 inquit
167 3054 333 3136 interpres
349 3055 476 3116 Basilia.
487 3053 642 3114 XXXIX.
655 3054 685 3114 l.
703 3055 734 3114 ll
748 3054 782 3116 V.
790 3075 823 3134 p.
836 3053 907 3115 224.
923 3053 1078 3116 Ceterum
1095 3054 1179 3117 hanc
1194 3055 1300 3116 actio-

112 3302 144 3368 a)
167 3301 213 3353 De
225 3301 284 3366 lege
302 3299 388 3352 Glicia
404 3301 437 3354 cl.
453 3302 581 3354 Dukerus
599 3302 636 3353 ad
649 3303 705 3354 Lir.
725 3301 794 3371 Epa.
810 3301 895 3354 XIX.
910 3301 941 3353 Τ.
956 3301 1005 3353 lll.
1022 3315 1050 3366 p.
1065 3303 1126 3354 298.
1145 3299 1252 3368 Cujacii
1265 3303 1299 3354 dc

50 3385 150 3452 origiue
169 3389 297 3454 querelae
309 3387 451 3440 inofficiosi
463 3385 616 3438 testamenti
627 3404 662 3438 ex
675 3389 725 3440 hac
736 3391 794 3454 lege
806 3388 952 3454 repetenda
965 3386 1125 3438 senteutiam
1140 3387 1203 3440 deta
1216 3402 1300 3453 opem

50 3471 234 3539 propugnavit
252 3471 314 3522 Car.
333 3471 475 3524 Loverdus
496 3471 604 3538 (potius
630 3471 773 3540 Volarrlus)
793 3473 851 3526 Lib.
870 3475 901 3526 de
915 3492 979 3526 uera
997 3473 1097 3542 criptae
1122 3473 1244 3542 querelae
1258 3475 1300 3526 in·

50 3558 159 3624 officiosi
177 3557 326 3608 testamenti
337 3575 369 3608 aa
382 3557 437 3625 lepa
453 3557 547 3608 Gliciu.
566 3558 754 3610 Dresd.1762.
770 3563 795 3610 8.
813 3559 932 3611 Meliore
949 3558 1038 3610 dedit:
1057 3558 1191 3610 Schrader
1202 3549 1299 3610 comm.
1320 3605 1322 3610 .

51 3641 77 3692 de
102 3661 179 3694 nexu.
194 3641 364 3694 successionis
388 3639 420 3695 ab
444 3643 565 3694 intestato
584 3650 610 3693 et
632 3642 753 3712 querelae
778 3641 855 3712 incff.
881 3645 1029 3696 testamenti
1056 3645 1145 3710 (Gon.
1168 3647 1242 3697 1802.
1257 3644 1297 3710 4.)

51 3727 115 3778 Sect.
134 3729 157 3779 Ι.
171 3731 198 3777 11
212 3727 248 3778 lI.
262 3743 289 3791 p.
303 3731 397 3778 6—22.
415 3725 504 3778 Haud.
522 3725 628 3791 Gujacii
646 3728 819 3792 sententiam,
837 3733 900 3793 post
918 3729 1135 3795 Bynkershoekii
1156 3727 1299 3795 (obuncat.

43 3811 97 3878 jur.
117 3813 200 3864 ilum
218 3813 255 3864 Π.
275 3812 329 3878 12.)
350 3811 521 3880 aliorumque
538 3813 657 3878 labores,
673 3813 731 3880 jam
749 3814 808 3879 ipsc
827 3814 989 3868 Heinecuius
1008 3815 1110 3880 optime
1128 3813 1255 3866 refutavit
1271 3814 1299 3866 iu

50 3895 119 3948 uiss.
140 3895 256 3948 delearis
278 3905 353 3948 notae
377 3898 480 3950 macula
500 3899 543 3965 (iu
562 3900 677 3966 opuscul.
695 3900 794 3951 variar.
815 3899 881 3967 Syll.
896 3916 970 3952 uum.
990 3901 1066 3966 Vll.)
1087 3901 1107 3966 i.
1126 3900 1164 3952 Χ.
1191 3899 1255 3950 Vid.
1273 3906 1300 3950 et

50 3980 253 4047 Westenbergii
271 3982 345 4033 Diss.
363 3979 385 4032 I.
405 3983 436 4032 de
455 3982 569 4051 lepitimu
581 4003 605 4037 c.
618 3985 652 4036 ΙΙ.
664 3985 685 4050 ξ.
697 3989 753 4036 5-
763 3989 802 4037 14.
823 3991 849 4036 11
870 3985 1020 4050 Zcpernick
1038 3987 1073 4037 ad
1089 3986 1227 4038 Siccamae
1240 3984 1299 4036 Lib.

50 4065 82 4119 ll.
99 4085 122 4118 c.
141 4071 167 4118 6.
187 4067 219 4117 rie
228 4067 333 4136 judicio
352 4063 534 4120 centumvirali
550 4074 605 4120 not.
624 4087 647 4120 1.
675 4069 771 4138 Neque
788 4072 921 4138 estquod
940 4071 1107 4135 dubitemus,
1126 4072 1221 4123 salsam
1240 4083 1299 4120 esse
1410 4077 1414 4084 '

50 4153 254 4218 inscriptionem
277 4155 342 4221 Lep.
359 4158 384 4205 4.
406 4154 440 4203 D.
459 4155 490 4204 dc
514 4154 592 4224 inoffi
612 4163 667 4206 test.
686 4169 756 4221 quae
779 4155 932 4208 Florentiae
957 4157 995 4209 ita
1018 4157 1127 4223 legitur:
1154 4155 1238 4223 Grp'us
1257 4152 1299 4204 tit.

48 4239 170 4306 1111111111
191 4240 289 4306 Lapara
315 4238 432 4290 Glitium.
459 4238 556 4292 Pauus
581 4240 723 4304 legendum
747 4257 859 4294 censeo:
885 4241 921 4294 ad
942 4242 1039 4308 chem
1058 4241 1219 4300 Falcidiam
1243 4255 1299 4294 non

49 4324 125 4390 quasi
146 4326 198 4376 hac
215 4326 273 4390 lege
291 4322 473 4376 introductum
493 4324 528 4377 sit
544 4324 606 4390 jus,
620 4326 653 4376 111
671 4325 994 4378 inofficiosotestamento
1014 4326 1157 4394 querendi,
1170 4327 1219 4378 sed
1231 4341 1300 4394 quo-

49 4407 120 4458 niam
139 4407 198 4460 veri
216 4424 276 4460 1111
293 4409 399 4461 videtur
423 4409 605 4472 simillimum,
623 4409 708 4462 ictos
726 4417 846 4475 veteres,
865 4411 1012 4463 Falcidiam
1036 4411 1122 4475 legem
1140 4411 1299 4476 iuterpreta-

50 4493 120 4544 tione
138 4493 314 4558 illustrantes,
333 4494 413 4546 etiam
432 4497 465 4547 de
484 4495 618 4561 legitimae
637 4495 770 4560 portionis
789 4495 954 4564 quantitate,
973 4495 1073 4564 quippe
1092 4497 1126 4546 ad
1145 4498 1299 4561 exemplum

51 4578 186 4632 Falcidiae
204 4579 322 4646 definita,
340 4579 422 4634 simul
440 4579 611 4634 disseruisse.
631 4570 717 4632 Miilrt.
795 4621 799 4628 .
