3056 5154
381 419 436 488 Da
461 417 507 488 Vr
532 419 707 488 Boronura
732 421 945 491 Rauranum.
1218 429 1289 496 did

22 596 63 657 L.
80 595 114 657 2.
135 599 238 678 preire.
253 595 295 656 D.
316 595 356 658 Vr·
367 597 433 658 bon.
449 605 531 678 rapt.
545 601 589 678 ⁸).
611 595 702 680 Ergo
726 597 814 660 actio
831 595 971 659 dabatur
992 605 1108 662 contra
1124 619 1216 682 eum,
1232 601 1289 685 qui

23 701 113 764 dolo
131 701 220 765 malo
237 713 404 786 rapuerat,
420 725 487 766 non
506 703 564 787 qui
580 723 702 786 errore,
723 713 842 787 putans
857 703 994 781 scilicet,
1008 724 1077 767 rem
1097 725 1168 769 esse
1184 729 1289 772 suam:
1363 767 1366 770 .

22 811 52 892 §.
71 809 106 870 1.
122 812 202 873 Inst.
218 811 247 872 b.
261 818 283 871 t.
306 809 373 873 Sed
390 819 425 874 et
447 811 512 874 hoc
527 810 691 894 divalibus
714 810 1004 874 constitutionibus
1028 818 1164 875 eatenus
1182 820 1289 877 muta-

22 925 100 980 tum
119 924 181 999 est,
197 924 244 997 ut,
261 917 316 1001 qui
332 916 388 981 vel
403 939 472 981 rem
489 915 661 998 mobilem,
677 917 732 980 vel
748 916 963 1000 immobilem,
978 918 1059 982 licet
1073 939 1175 1002 suam,
1191 919 1289 983 alteri

23 1025 58 1088 vi
87 1023 274 1108 rapuisset,
298 1024 445 1088 dominio
468 1027 538 1111 ejus
559 1026 608 1089 rei
630 1013 817 1101 excideret,
840 1026 1171 1110 aestimationemque
1193 1047 1289 1110 prae-

22 1140 145 1207 terea,
163 1129 190 1194 si
214 1129 356 1196 alienam
381 1153 442 1215 pro
463 1155 521 1198 sua
539 1132 702 1217 rapuerit,
724 1139 893 1216 praestare
917 1140 1104 1196 teneretur:
1128 1133 1167 1196 L.
1181 1134 1231 1200 13.
1249 1135 1290 1196 1).

28 1239 131 1316 Quod
145 1244 215 1316 met.
231 1257 335 1300 sousa.
347 1247 426 1319 gest.
441 1239 479 1301 L.
490 1241 520 1302 7.
534 1241 566 1302 0.
581 1240 669 1302 Unde
682 1243 721 1302 at
743 1238 859 1302 Poena
874 1240 1011 1323 rapinae
1028 1247 1099 1304 erat
1113 1237 1289 1324 quadrupli

24 1347 123 1410 intra
139 1365 257 1407 annum
278 1347 368 1422 (nam
385 1366 493 1408 annua
513 1353 585 1409 erat
600 1345 768 1409 Praetoris
782 1345 1005 1430 jurisdictio),
1020 1354 1096 1430 post
1119 1367 1238 1410 annum
1254 1347 1289 1410 in
1387 1369 1390 1374 ’

26 1450 186 1536 simplum
203 1449 343 1515 dabatur
358 1453 455 1517 actio.
478 1451 674 1537 Quadruplo
689 1475 770 1518 vero
786 1474 884 1538 quum
894 1453 994 1518 ctiam
1009 1454 1059 1516 rei
1074 1453 1289 1538 persequutio

26 1559 277 1624 contineretur:
292 1579 408 1624 revera
427 1580 537 1645 poena
551 1567 677 1623 tantum
694 1559 785 1645 tripli
801 1569 889 1624 eretz
900 1565 1002 1642 preire.
1018 1561 1095 1622 Inst.
1112 1563 1140 1623 b.
1156 1571 1178 1625 t.
1193 1563 1223 1644 ἕ.
1237 1561 1288 1624 19.

27 1671 112 1730 lost.
128 1667 167 1728 de
182 1667 252 1728 Act.
273 1665 419 1730 Perinde
435 1671 568 1753 quoque
585 1675 673 1748 erat,
689 1667 758 1731 sive
780 1665 868 1729 liber
889 1665 1007 1748 bomo,
1023 1666 1093 1730 sive
1108 1687 1220 1733 servus
1229 1714 1240 1750 ,
1255 1665 1290 1732 ri

26 1773 182 1860 rapuisse
206 1770 387 1838 diceretur:
409 1795 485 1839 nam
508 1784 625 1840 contra
638 1773 734 1858 hujus
756 1793 890 1859 quoque
912 1793 1133 1858 possessorem
1148 1773 1292 1840 Praetor

29 1883 138 1946 dabat
152 1879 274 1944 noxale
283 1880 463 1965 judicium,
478 1890 515 1946 ut
530 1881 585 1947 vel
600 1902 710 1946 noxae
726 1880 907 1945 dederetur
921 1901 1049 1964 servus,
1064 1881 1120 1946 vel
1135 1881 1289 1946 damnum

30 1995 267 2074 praestaretur.

616 2106 645 2188 s.
666 2103 697 2167 a.

355 2220 457 2290 Lepon
477 2219 662 2272 Romanarum
679 2218 730 2272 buc
747 2221 775 2271 ia
791 2236 822 2270 rc
840 2217 969 2271 mollities.

121 2322 231 2401 Quum
243 2340 322 2386 vero
338 2318 437 2385 facile
453 2320 523 2404 ipsa
533 2319 681 2404 quemvis
692 2328 809 2385 natura
825 2318 1171 2402 doceatperniciosius
1187 2320 1291 2385 multo

34 2454 110 2498 esse
127 2431 248 2494 crimen
263 2437 394 2511 raptus,
410 2447 505 2511 quarn
523 2427 616 2490 furti:
631 2427 750 2490 merito
766 2425 909 2507 mireris,
925 2426 1119 2489 Praetorem
1135 2433 1202 2488 tarn
1222 2425 1291 2490 levi

33 2561 148 2626 poena
171 2536 255 2602 illud
269 2535 413 2598 voluisse
437 2534 611 2620 castigare.
633 2532 799 2598 Ponamus
820 2553 917 2614 sane,
933 2532 1096 2597 latronem
1113 2533 1236 2624 ,viatori
1258 2533 1291 2598 vi

35 2646 215 2712 extorsisse
237 2663 387 2708 aureum:
408 2663 503 2726 quam
526 2641 637 2724 molli,
654 2661 788 2726 quaeso,
814 2639 949 2704 brachio
973 2640 1138 2723 punietur,
1162 2640 1189 2702 si
1211 2661 1294 2725 qua-

34 2768 115 2822 tuor
129 2774 247 2818 aureos
266 2751 408 2816 reddere
424 2749 616 2836 jubebitur?
637 2749 715 2812 Hoc
736 2748 893 2812 delictum
913 2747 961 2811 ita
984 2753 1206 2830 comparatum
1232 2755 1292 2828 est,
1350 2737 1356 2748 “

35 2874 74 2929 ut
91 2863 134 2928 ad
149 2860 260 2925 dolum
277 2860 398 2944 potius,
411 2866 446 2922 et
460 2857 583 2921 laesam
595 2856 803 2920 securitatem
820 2854 997 2950 publicam,
1011 2874 1108 2939 quam
1120 2851 1292 2954 adactum,

36 2974 259 3054 damnumque
272 2966 382 3034 datum
398 2960 641 3048 respiciendum
653 2963 814 3026 videatur.
830 2961 897 3024 Sed
913 2961 1000 3024 male
1011 2960 1150 3023 forsitan
1161 2958 1293 3024 consul-

36 3090 107 3145 tum
123 3077 237 3142 suisset
251 3073 494 3159 magistratibus
506 3068 684 3149 Romanis,
701 3075 736 3132 et
750 3067 891 3131 maxime
906 3067 963 3148 iis,
985 3067 1091 3152 quiin
1107 3066 1294 3150 provincias

37 3184 215 3274 quotannis
235 3181 465 3261 mittebantur,
487 3178 514 3242 si
530 3175 676 3241 severius
708 3175 867 3240 vindicari
895 3175 1026 3257 rapinas
1058 3172 1236 3256 placuisset
1250 3173 1295 3254 Ι’).
1409 3211 1411 3218 ,

111 3397 143 3465 a)
161 3397 204 3449 ue
224 3395 329 3462 arigim
345 3393 427 3461 nujus
445 3390 526 3446 enati
543 3392 599 3445 aa.
623 3389 707 3445 naar.
733 3385 806 3441 eutr.
833 3385 977 3439 crumena
1002 3361 1038 3436 aa
1064 3382 1149 3436 caea.
1179 3381 1228 3436 or.
1241 3399 1295 3452 pro

44 3484 135 3538 Pullo
152 3499 175 3535 c.
192 3487 218 3536 ὁ.
234 3497 262 3548 p.
279 3475 314 3535 67
327 3483 413 3532 -69,
427 3477 516 3531 Haud.
543 3478 586 3529 De
605 3475 723 3542 savigny
741 3471 770 3526 in
796 3473 843 3524 der
867 3467 997 3522 Zeitrcbr.
1013 3465 1070 3535 fiir
1085 3464 1172 3534 perci.
1193 3465 1229 3520 12.
1255 3465 1296 3519 W.

40 3572 75 3624 Τ.
94 3569 130 3620 V.
146 3582 220 3620 num.
239 3566 289 3618 Ill.
317 3565 443 3626 Causam,
462 3576 546 3629 quare
564 3561 593 3613 id
616 3558 733 3627 proponi
755 3555 917 3610 conveniens
942 3553 1033 3607 visum
1056 3551 1151 3614 luerit,
1168 3549 1298 3619 exposuit

41 3657 132 3708 Cicer.
154 3653 201 3704 Or.
215 3668 269 3718 pro
291 3649 379 3701 Tullio
399 3665 422 3700 e.
439 3653 465 3701 b.
484 3645 571 3700 uelle.
1170 3697 1172 3700 Ι

114 3737 147 3802 b)
168 3734 284 3787 Veriora
302 3737 374 3794 sunt,
393 3748 463 3800 quae
478 3731 572 3784 docuit
585 3729 629 3782 Jo.
642 3745 694 3782 van
706 3728 740 3780 de
754 3727 852 3778 Watcr
870 3720 1016 3775 Observata
1029 3719 1087 3774 Lib.
1099 3721 1122 3774 I.
1135 3739 1158 3773 c.
1172 3726 1198 3774 5.
1213 3719 1297 3773 Cana.

41 3827 82 3879 At
99 3820 186 3888 magis
205 3817 388 3886 probabiliter,
401 3831 534 3884 quaenam
551 3815 633 3868 luerit
650 3814 764 3880 hujusce
781 3807 863 3860 edicti
880 3813 907 3860 et
925 3805 1103 3874 proponendi,
1117 3811 1144 3860 et
1163 3801 1297 3888 retinendi

42 3906 223 3972 mutandique
244 3919 339 3968 causa,
357 3902 535 3954 ostenderant
560 3901 706 3954 Ommerus
732 3902 760 3950 et
778 3891 922 3959 Savignius
941 3892 969 3946 tt.
988 3893 1016 3945 ll.
1044 3893 1114 3946 Sunt
1135 3890 1230 3951 etiam,
1250 3885 1298 3956 qui

43 3994 75 4048 in
93 4009 128 4046 eo
145 3995 249 4058 ponant
266 3989 347 4056 hujus
366 3985 480 4040 actionis
499 3984 650 4046 utilitatem,
669 3981 752 4052 quod,
771 3978 1001 4047 quemadmodum
1019 3975 1166 4041 imperator
1183 3971 1298 4040 (Gajum

43 4081 97 4133 ΙΙΙ.
117 4079 138 4144 ξ.
155 4080 215 4129 209.
233 4075 269 4127 ad
287 4073 368 4126 verbe
384 4070 512 4135 secutus)
532 4068 578 4131 ait,
597 4073 624 4118 et
641 4072 752 4134 propter
770 4080 852 4115 unam
869 4079 940 4126 rem,
959 4060 1022 4114 lieet
1039 4059 1188 4120 minimam,
1207 4058 1299 4116 detur;

45 4162 128 4234 quasi
146 4161 181 4213 ob
198 4159 373 4214 minimorum
391 4158 494 4208 furtum
512 4154 576 4205 data
594 4168 649 4204 non
668 4151 703 4204 sit
719 4149 785 4202 furti
802 4147 881 4200 ectio.
905 4146 966 4198 vid.
984 4141 1182 4212 Bynkershoek
1201 4137 1300 4190 obsera.

36 4253 99 4322 jur.
120 4247 199 4298 Rom.
218 4244 279 4297 Lib.
300 4243 321 4294 1.
338 4257 397 4306 cap.
415 4244 441 4292 3.
466 4237 614 4291 Enimvero
641 4235 783 4287 dubitandi
801 4232 870 4285 ratio
893 4231 957 4297 fuit,
976 4231 1050 4299 quod
1068 4243 1166 4281 nomen
1185 4222 1300 4277 aetionis

48 4332 93 4403 (vi
112 4330 239 4384 boamum
256 4326 410 4396 raptorum)
431 4323 572 4390 pluraliter
589 4325 750 4384 conceptum
768 4318 811 4382 sit,
830 4321 888 4368 tum
904 4329 969 4366 vero
988 4314 1024 4366 ob
1042 4311 1167 4366 minimas
1185 4323 1228 4362 res
1246 4322 1301 4360 non

46 4420 145 4472 fierent
162 4416 297 4468 solemnes
321 4410 518 4479 exequutiones
542 4403 703 4458 criminales
727 4403 791 4456 Vid.
809 4399 976 4466 Theophilus
993 4400 1021 4452 ia
1035 4396 1167 4467 poroplr.
1185 4393 1221 4447 ad
1237 4390 1262 4444 l.
1282 4389 1301 4443 1.

48 4504 118 4571 ibiq.
136 4500 231 4568 Cujac.
250 4499 278 4552 in
296 4497 360 4550 edit.
374 4495 473 4586 *Reita
487 4511 514 4560 p.
532 4496 591 4546 74⁷.
608 4493 665 4542 not.
681 4503 708 4553 g.
726 4485 814 4540 Miilrl.
