3056 5168
243 405 317 471 700
491 459 494 463 .
563 495 573 506 ·
686 394 762 464 Lm
786 391 845 462 IV.
869 392 947 462 Trr.
972 387 1067 461 VIII.

244 575 392 640 actiones
405 562 488 636 'illas
507 569 647 634 noxales
669 590 737 634 non
759 569 910 652 aliunde,
933 587 1031 654 quam
1051 589 1095 631 ex
1115 569 1188 654 ipso
1205 569 1265 634 illo
1284 578 1383 634 vetera
1397 570 1451 654 jure

245 679 458 746 decemvirali
474 677 689 759 descendere,
705 678 873 762 inquibus
895 677 995 740 etiam
1012 677 1128 741 horum
1143 677 1363 742 vocabulomn
1376 676 1452 760 priua
1482 691 1486 706 ·

236 789 369 855 ,mentio
389 787 436 868 fit,
455 786 499 850 de
515 787 633 872 quibus
649 784 888 870 dispiciendum
905 785 1101 849 adcuratius.

836 957 864 1039 §-
886 957 917 1020 a.

713 1074 787 1133 Quid
801 1091 873 1127 noxa
890 1084 917 1126 et
933 1075 1030 1127 naxia?

281 1151 286 1158 ι
326 1176 360 1240 A
372 1175 525 1239 nocendo
540 1185 575 1239 et
586 1192 720 1256 Noxnre,
736 1183 771 1237 et
783 1193 919 1238 Noxmm
936 1175 1014 1257 dici,
1026 1196 1124 1237 nemo
1137 1173 1341 1238 dubitaverit
1354 1174 1450 1238 Utmn-

245 1306 310 1371 que
324 1283 522 1348 ¹vocabulum
544 1283 592 1346 ita
613 1283 787 1367 distinguit
810 1283 1031 1364 Justinianus,
1046 1283 1137 1368 quod
1159 1303 1245 1345 noea
1264 1284 1374 1367 ipsum,
1389 1279 1451 1364 quod

244 1392 369 1473 nocuit,
381 1411 511 1474 corpus3
526 1395 619 1454 nomia
636 1389 804 1472 delictum,
813 1390 903 1474 quod
919 1412 1031 1454 servus
1044 1391 1217 1472 commisit,
1232 1391 1373 1454 denotet:
1382 1393 1452 1470 princ.

245 1501 321 1562 1ηεί.
334 1502 364 1562 Ιι.
378 1508 400 1562 t.
416 1498 599 1583 eademque
617 1498 757 1584 legimus
772 1504 807 1561 L.
822 1498 850 1559 1.
857 1520 908 1580 pr.
924 1499 966 1559 D.
983 1499 1021 1560 Si
1032 1501 1188 1582 quadrup.
1199 1521 1296 1582 paup.
1301 1499 1393 1578 seciae.
1404 1494 1451 1556 Nec

245 1605 361 1669 nb'nuit
382 1626 456 1669 usus
478 1615 625 1671 veterum
646 1617 825 1672 auctorum.
846 1606 932 1668 Nam
949 1606 1127 1670 Terentius
1143 1607 1370 1682 EacaceiaAct.
1386 1604 1412 1664 V.
1426 1622 1452 1663 a.

244 1713 442 1796 Lnffim.
732 1799 734 1805 y

441 1857 484 1868 -
525 1859 568 1868 —
612 1860 649 1870 -
697 1823 758 1884 011.
779 1843 876 1884 unam
898 1823 979 1884 banc
1000 1842 1144 1884 nexura

441 1934 579 2004 Amitte,·
598 1933 629 1992 ei
650 1931 745 1992 altam
767 1931 922 1992 admisero
941 1939 1100 2013 amquam,
1124 1931 1262 1993 occidito.

246 2041 383 2106 Plautus
397 2043 570 2108 Mostellar.
586 2047 657 2107 Act.
679 2047 714 2108 V.
729 2066 772 2108 se.
786 2044 816 2107 2.
831 2067 860 2106 v.
875 2045 926 2108 56.

233 2130 241 2146 ο
446 2160 500 2222 Ta.
525 2162 609 2237 Quid
625 2165 800 2244 graveria?
818 2165 913 2242 quasa·
930 2181 993 2224 aaa
1009 2182 1083 2224 crae
1099 2161 1171 2244 jam
1192 2178 1379 2222 commeream
1390 2156 1451 2216 alian
1487 2247 1488 2250 Ἴ

722 2289 874 2330 aarum.
1487 2265 1488 2268 ’

247 2377 292 2439 Et
308 2375 355 2438 ita
370 2375 487 2459 passim
505 2375 595 2440 alibi.
611 2375 679 2440 Sed
695 2384 805 2439 tamen
821 2359 888 2438 uon
904 2385 978 2440 raro
993 2375 1182 2460 neglectum
1201 2396 1273 2438 esse
1285 2373 1362 2437 istud
1375 2367 1451 2434 discri-

247 2504 339 2564 men,
355 2483 653 2546 animadvertimus.
675 2484 776 2548 Noxa
791 2485 878 2547 enirn
900 2483 999 2568 plane
1017 2485 1116 2547 etiam
1139 2483 1345 2562 maleficium,
1362 2488 1389 2541 et
1402 2497 1450 2560 pec·

248 2598 355 2652 catum
376 2589 616 2673 qualecumque
639 2592 788 2672 denotat,
805 2614 870 2654 non
894 2593 993 2655 modo
1015 2593 1049 2655 in
1066 2594 1143 2677 jure
1159 2600 1290 2655 nostro:
1310 2591 1342 2651 L.
1354 2588 1395 2649 45.
1405 2585 1423 2666 i.
1432 2581 1449 2642 l·

247 2697 289 2756 Ι).
311 2697 350 2756 de
363 2694 482 2776 Legnl.
501 2695 539 2756 L.
561 2696 591 2757 4.
615 2705 648 2759 et
666 2701 701 2760 L.
720 2697 771 2760 32.
792 2700 834 2760 1).
857 2700 896 2760 de
911 2701 1026 2762 Norat.
1047 2710 1107 2762 act.
1131 2699 1190 2763 sed
1215 2708 1249 2763 et
1269 2701 1303 2762 in
1323 2691 1448 2760 duodecin

247 2800 379 2883 tabulis,
395 2808 431 2864 ut
452 2809 592 2886 testatur
609 2805 644 2866 L.
657 2803 730 2869 238.
745 2811 778 2867 a’n
789 2811 862 2887 fine
883 2808 924 2870 D.
943 2810 982 2869 de
1002 2808 1090 2869 Veri.
1106 2810 1186 2888 rign.
1205 2806 1346 2893 quamvis
1359 2800 1449 2866 ealoca
1486 2845 1487 2878 ,

248 2909 371 2974 multae
388 2899 552 2974 editiones
567 2932 685 2985 naam,-
699 2913 895 2986 Florentino
909 2920 1022 2977 acciae
1036 2915 1193 2998 praefert.

758 3055 760 3058 ’
832 3092 912 3174 §.a

589 3207 662 3266 Quid
677 3224 763 3260 noxae
781 3209 855 3268 dare,
873 3218 898 3262 et
915 3209 961 3278 qai
976 3227 1062 3262 noxae
1081 3210 1157 3264 dati?

333 3305 456 3368 Noxnn
475 3327 555 3369 vero
578 3326 727 3390 nenena,
743 3308 798 3372 vel
819 3327 857 3372 us
879 3327 1000 3374 nexant
1018 3329 1108 3374 nana
1128 3319 1200 3374 erat
1216 3308 1370 3374 hominen
1384 3307 1448 3386 pote·
1485 3329 1486 3366 ;

250 3412 326 3474 steti
342 3434 420 3476 suae
435 3416 614 3498 subjectum
631 3417 794 3481 euimalve
811 3421 919 3482 vivum
938 3419 1069 3482 tradere
1086 3420 1134 3501 ei,
1150 3420 1203 3482 cui
1219 3417 1340 3482 delicto
1353 3407 1446 3498 quadan

249 3518 304 3581 vel
326 3519 415 3582 facto
436 3521 525 3586 illius
547 3525 655 3586 fuerat
676 3524 828 3589 damnum
845 3525 990 3591 illatum:
1011 3529 1047 3590 L.
1063 3528 1091 3589 1.
1108 3528 1136 3608 §.
1151 3529 1200 3588 14.
1216 3529 1257 3588 Ι).
1274 3517 1450 3606 sr‘qaampa

244 3631 427 3708 pauperiem
441 3629 507 3706 fec.
534 3632 590 3692 dic.
613 3630 854 3708 Quinctilinnus
876 3637 1049 3698 Declamat.
1065 3625 1095 3699 9.
1109 3637 1139 3697 ὁ.
1171 3607 1292 3698 Nouae
1314 3649 1382 3712 ergo
1400 3621 1450 3684 oliffl

250 3732 414 3796 dabantur
428 3756 493 3799 uon
516 3738 619 3801 solum
636 3741 800 3823 animalia,
817 3763 879 3805 nec
902 3743 1006 3806 solum
1028 3743 1124 3822 servi,
1146 3741 1204 3804 sed
1229 3750 1264 3804 et
1285 3729 1451 3803 filiifamilias:
1484 3755 1485 3796 i

250 3841 288 3902 L.
305 3841 334 3902 5.
350 3843 378 3923 §.
394 3844 423 3905 5.
440 3845 480 3905 Ι).
496 3847 535 3907 de
559 3847 657 3930 Oblr’g.
673 3858 702 3910 et
725 3853 833 3911 action.
850 3851 886 3912 L.
901 3849 931 3912 3.
946 3851 974 3931 ὃ.
989 3853 1019 3912 4.
1036 3852 1075 3911 D.
1092 3851 1130 3912 de
1146 3851 1258 3912 Libera
1276 3848 1381 3910 denariae
1394 3833 1450 3900 exii-

250 3949 337 4010 dend.
360 3949 426 4013 imo
450 3961 484 4016 et
507 3953 755 4020 filiaesarnilias:
777 3958 806 4038 ὃ.
829 3961 883 4019 alt.
901 3959 979 4020 [nst.
1002 3961 1040 4022 de
1063 3960 1178 4022 Noaal.
1198 3967 1257 4020 act.
1281 3948 1405 4040 quamvis
1420 3937 1451 4002 hit

251 4057 295 4120 eb
317 4058 463 4122 favorem
479 4059 657 4142 pudicitiae
681 4063 791 4145 citius,
809 4086 904 4150 quam
927 4065 1022 4146 filiis,
1037 4067 1225 4151 pepercisse
1241 4063 1388 4148 videntur·
1404 4048 1452 4112 Mt·

252 4185 349 4248 gnum
365 4176 474 4230 tamen
492 4168 551 4230 hac
567 4171 600 4232 in
616 4191 652 4232 re
675 4173 763 4235 inter
778 4194 888 4236 servos
911 4173 1100 4260 liberosque
1116 4155 1224 4235 ndxae
1240 4171 1329 4234 datos
1348 4166 1451 4270 intertt·

252 4273 352 4337 debat
369 4273 556 4339 discrimen.
578 4277 692 4343 Liberi
718 4282 804 4343 enim
830 4281 979 4346 homines
1002 4303 1110 4345 noxae
1131 4282 1198 4344 dati
1222 4275 1393 4342 serviebant
1405 4279 1451 4346 qur·

253 4379 338 4460 dem,
360 4383 417 4447 sed
441 4405 507 4446 uon
531 4395 624 4450 erant
646 4390 731 4452 servi
747 4394 796 4470 ο);
819 4390 1061 4468 Quinctilianus
1085 4393 1161 4454 Iraat.
1186 4391 1307 4450 Orator.
1326 4371 1451 4442 mad

260 4513 550 4536 Ἥ

226 4585 229 4588 ’
321 4583 350 4648 ⁰)
370 4586 455 4653 Erant
470 4589 500 4646 iu
518 4590 663 4659 mancipio,
681 4593 789 4662 dequo
807 4609 890 4662 supra
903 4581 1008 4661 egimus
1026 4591 1086 4646 Lib.
1099 4595 1119 4646 1.
1137 4609 1164 4660 p.
1178 4596 1234 4646 169.
1248 4605 1306 4658 sqq.
1323 4586 1404 4650 Neque
1412 4565 1452 4638 ieri

529 4753 552 4787 ⁴
592 4803 595 4812 ι
