3062 5164
453 399 507 470 us
532 402 628 470 duas
651 365 928 474 Paovrrorssuu.
1247 415 1316 482 001

45 583 81 644 in
107 601 176 644 usu
201 599 273 644 esse
298 583 482 664 coeperudt
503 579 647 643 nomina.
668 577 754 646 Nam
772 603 854 666 quos
876 581 1016 648 Senatus
1039 584 1191 650 mittebat
1212 587 1316 651 Prae-

45 688 165 770 sides,
188 688 216 751 ii
241 689 451 752 Proconsules
469 687 577 752 veteri
598 687 763 752 vocabulo
785 689 960 774 adpellati:
979 713 1061 777 quos
1082 693 1315 778 imperatores,

44 796 71 858 ii
87 795 200 858 variis
216 795 338 860 deinde
354 795 541 862 nominibus
556 796 753 880 nuncupati,
772 798 890 880 Legati·
901 801 1008 882 Augg.
1021 821 1084 882 pro
1102 804 1244 875 Consule,
1260 803 1316 868 vel

42 925 107 987 pro
124 903 301 978 Praetura,
316 906 481 984 Praefecti
494 907 700 988 Augustales,
716 905 834 988 Legctt
843 908 1024 986 Caesarum,
1043 911 1221 982 Praestdcs,
1237 913 1317 972 Pro-

47 1023 228 1077 curatores
250 993 423 1076 Caesarurn
440 1018 482 1093 ⁸),
503 1013 707 1086 Consulares,
726 1013 938 1088 correctores,
956 1018 1101 1092 Jurr'ds'ct,
1123 1018 1237 1103 quales
1254 1017 1317 1080 ali-

49 1119 195 1204 quando
218 1121 253 1184 in
275 1121 374 1185 Italis
398 1130 434 1184 et
454 1117 699 1204 alexandriae,
719 1120 797 1184 Sex.
813 1121 904 1186 Rufo
919 1125 1317 1207 nomam·jaoaes,St1a-

49 1230 134 1292 boni
156 1231 256 1292 Ia'dro
273 1229 366 1292 XIII.
378 1227 579 1297 Δικαιοδόται
594 1229 686 1310 dicti,
702 1230 781 1312 quin
798 1228 832 1292 in
847 1233 990 1294 minores
1009 1233 1164 1317 quasdam
1181 1234 1317 1319 provin-

55 1339 119 1401 cias
142 1338 380 1400 Procuratores
407 1338 581 1402 Caesarum
602 1337 711 1419 ivere,
731 1337 1007 1413 velltctr‘onales,
1030 1348 1064 1404 et
1090 1345 1253 1416 Catholici,
1274 1341 1316 1404 de

53 1445 178 1530 quibus
195 1452 332 1528 praeter
347 1465 398 1526 ea,
415 1467 500 1530 quae
521 1443 663 1510 diximus
676 1450 710 1510 trs
726 1447 831 1529 Paad.
847 1449 884 1510 P.
900 1449 924 1508 I.
938 1448 966 1529 ς.
977 1447 1049 1512 231.
1064 1449 1134 1534 legi
1149 1459 1317 1514 merentur

54 1553 125 1616 Dio
144 1551 236 1616 Cass.
257 1551 346 1614 LIII
358 1552 505 1616 13-15.
537 1551 649 1618 Guido
672 1554 839 1620 Pancirol.
854 1557 952 1618 Nottt.
970 1558 1047 1639 Imp.
1068 1558 1317 1622 ostenuelde.
1343 1559 1346 1566 “

59 1661 81 1724 J
84 1683 129 1724 nc.
146 1657 289 1723 Guther.
308 1662 347 1723 de
366 1661 804 1746 Offt'c.1)am.Aug.I.5.sq.
829 1663 916 1727 Aliis
939 1665 1037 1728 etism
1055 1667 1114 1730 sub
1132 1665 1317 1750 Imperato-

59 1770 150 1832 ribus
172 1770 222 1832 nti
246 1776 432 1854 coeperunt
451 1768 643 1855 insignibus.
665 1770 865 1836 Consulares
886 1771 1005 1849 fasces3
1022 1773 1197 1838 Praesides
1220 1794 1317 1858 prae-

65 1885 154 1940 terea
175 1875 302 1940 vexilla
319 1877 475 1960 habuere,
491 1898 577 1964 quae
592 1879 717 1944 vultum
741 1880 898 1964 principis
912 1881 1164 1964 praeferebant:
1183 1882 1266 1946 1..1.
1284 1881 1333 1944 C..

64 1987 175 2050 Iheod.
192 1987 230 2050 de
249 1987 375 2050 Consul.
392 1987 769 2050 repraesentaturus.
787 1990 928 2070 Gothosr.
1266 1989 1268 1994 ’

628 2171 657 2254 §.
681 2169 752 2234 107.

397 2289 463 2350 Quis
481 2289 609 2360 ffmmods'
625 2289 794 2358 masuerum
811 2288 992 2341 constituerit?

144 2389 324 2474 Imperiuni
346 2389 560 2454 Praesidibus
584 2389 681 2454 initio
701 2389 779 2474 lege
800 2389 926 2454 curiata
948 2388 1050 2454 dabat
1067 2386 1228 2476 populus:
1249 2388 1317 2454 Cic.

57 2499 98 2560 de
118 2501 196 2580 Iege
216 2501 334 2580 Agrcr.
357 2499 398 2560 II.
421 2497 471 2564 12.
496 2499 684 2584 provincias
707 2497 793 2583 ipsas
815 2497 1021 2562 decernebat
1043 2497 1200 2582 Senatus,
1226 2498 1317 2584 cnjus

60 2607 160 2669 etiam
186 2613 275 2683 erat,
294 2615 456 2689 statuere,
473 2629 553 2694 quas
573 2606 788 2690 Consulares,
805 2629 885 2692 quas
901 2605 1091 2670 Praetorias
1113 2629 1184 2672 esse
1200 2606 1317 2692 vellet,

64 2714 209 2798 quamvis
226 2713 423 2802 plerumque
440 2737 511 2780 eam
529 2723 659 2781 teneret
672 2715 852 2800 rationem,
875 2725 912 2780 ut
927 2737 998 2799 eas,
1013 2717 1049 2781 in
1064 2717 1181 2803 quibus
1197 2697 1342 2812 tumul3'

68 2821 164 2906 tueri,
181 2831 240 2886 aut
256 2844 336 2908 quas
359 2823 400 2888 ab
417 2824 565 2889 hostibus
582 2824 696 2888 vicinis
717 2825 839 2888 tentari
859 2824 1085 2910 intelligeret,
1102 2821 1316 2904 Consulibus;

65 2931 191 3016 quietas
213 2952 295 2995 vero
319 2941 354 2996 et
383 2933 535 3017 pacificas
556 2931 771 2997 Praetoribus
794 2931 1009 3016 decerneret,
1034 2932 1090 3018 qui
1112 2931 1234 3016 deinde
1262 2955 1318 2998 eas

63 3039 150 3102 inter
170 3061 203 3103 se
227 3039 284 3103 vel
306 3041 543 3124 sortiebantur,
571 3041 624 3104 vel
649 3041 900 3128 comparabant:
921 3039 1035 3126 Sigon.
1055 3043 1074 3102 l.
1097 3063 1123 3103 c.
1134 3041 1181 3102 II.
1201 3062 1227 3104 c.
1243 3041 1273 3104 1.
1284 3063 1316 3128 p.

65 3145 136 3210 125.
157 3147 195 3211 Id
204 3149 261 3234 jus
278 3148 400 3213 deinde
416 3129 521 3214 veluti
535 3148 740 3236 postliminio
755 3149 884 3236 recepit
901 3149 1051 3230 Senatus,
1066 3146 1144 3232 lege
1161 3147 1318 3232 Sempro-

63 3255 117 3318 nia
141 3253 184 3319 de
213 3258 394 3341 provinciis
418 3258 654 3340 decernendis,
681 3257 750 3322 lata
773 3281 792 3322 a
815 3255 852 3322 C.
875 3257 1072 3341 Sempronio
1096 3253 1248 3319 Graccho
1275 3255 1316 3332 Q.

62 3363 214 3428 Caecilio
234 3374 269 3428 et
284 3365 324 3428 T.
344 3365 503 3444 Quinctio
520 3366 610 3432 Coss.
628 3365 671 3430 A.
688 3365 728 3430 U.
746 3365 782 3430 G.
797 3383 927 3432 ncxxx.
945 3365 1013 3430 cic.
1023 3385 1085 3448 pro
1103 3363 1192 3426 domo
1210 3384 1272 3426 sua
1291 3385 1316 3423 c.

60 3471 88 3536 9.
103 3474 143 3536 de
159 3476 303 3556 proriae.
326 3478 442 3538 consul.
455 3499 483 3538 c.
499 3475 550 3537 11.
570 3479 694 3558 Agrar.
712 3476 754 3536 II.
773 3473 823 3536 12.
843 3495 942 3559 quum
963 3475 1002 3536 L.
1018 3470 1214 3558 Calpurnius
1237 3471 1316 3536 Piso

61 3579 231 3644 Tribunus
256 3581 365 3666 plebis
386 3583 500 3667 paullo
525 3590 602 3646 ante
621 3583 662 3646 A.
679 3599 766 3645 actv.
786 3603 874 3646 nova
897 3581 1058 3668 quaedam
1077 3581 1156 3666 lege
1184 3601 1242 3644 sna
1266 3580 1317 3644 in-

60 3689 219 3753 vexisset.
240 3689 405 3754 Extremis
427 3691 632 3778 reipublicae
647 3689 868 3776 temporibus,
886 3698 919 3755 et
932 3689 1070 3754 labente
1087 3698 1202 3754 vetere
1218 3686 1318 3751 disci·
1380 3709 1387 3718 ·

60 3797 170 3882 plina,
196 3797 301 3864 multa
322 3807 438 3864 contra
461 3822 586 3864 morem
613 3801 772 3885 majorum
796 3800 1028 3884 excogitarunt
1048 3795 1159 3882 Sulla,
1181 3797 1317 3878 Marius,

60 3906 263 3991 Pompejns‚
283 3907 433 3990 Crassus,
457 3909 595 3991 Caesar,
613 3908 798 3991 Antonius,
821 3927 907 3994 quse
927 3907 1084 3972 adcurate
1110 3905 1187 3969 satis
1214 3905 1317 3968 refert

65 4011 176 4096 Sigon.
198 4017 218 4075 t.
238 4037 264 4076 c.
286 4013 394 4078 donec
414 4010 602 4102 Augustus,
623 4023 659 4080 ut
684 4016 771 4096 dixi,
793 4016 980 4100 provincias
1006 4035 1077 4079 cum
1102 4013 1226 4076 Senatu
1256 4031 1318 4094 po-

60 4119 211 4208 puloque
234 4121 387 4188 Romano
402 4126 581 4210 partiretur
596 4127 639 4208 2):
655 4123 723 4189 Dio
741 4123 829 4188 Cass.
844 4127 864 4186 l.
879 4147 905 4186 c.

130 4356 161 4421 s)
189 4355 230 4406 De
250 4351 479 4409 Procuratorrbur
500 4357 644 4410 Caesarum
661 4356 723 4410 sdd.
742 4352 886 4422 peculiaris
905 4353 963 4405 Gir.
981 4349 1201 4406 Mamertinus.
1219 4353 1319 4408 short.

62 4443 138 4494 1⁷24.
156 4445 184 4494 4.
203 4444 231 4491 et
248 4439 277 4494 iu
295 4455 390 4507 opusc.
410 4443 442 4495 T.
460 4443 481 4496 1.
499 4460 527 4512 p.
547 4449 605 4496 1-
619 4445 661 4496 00.
681 4440 771 4494 Haut.

129 4525 156 4592 t)
177 4523 253 4576 Hinc
271 4524 418 4579 discrimen
435 4526 504 4580 inter
521 4526 676 4596 provincius
689 4525 837 4595 populares
854 4537 903 4577 seu
911 4521 1033 4592 pultr'cas
1051 4528 1078 4576 et
1095 4523 1246 4576 Caesareus.
1265 4521 1319 4574 Sed

63 4625 144 4676 saepe
161 4611 260 4664 harum
279 4610 478 4677 provinciarum
496 4616 568 4666 facts
586 4617 627 4666 est
644 4611 816 4680 permutatio.
834 4609 964 4662 Publicus
982 4612 1126 4678 plerasque
1138 4607 1215 4676 adae
1229 4604 1322 4670 rapuit

1062 4693 1123 4755 20*
