3130 5148
529 378 876 437 annonarum
1322 377 1345 443 7

88 543 313 608 conditionem
332 545 563 621 admitterent3
584 545 649 609 III.
668 553 704 608 ut
725 563 790 608 uno
806 553 880 608 actu
897 545 1025 626 fierent,
1047 553 1082 609 et
1100 544 1212 610 iterari
1228 547 1347 632 nequi-

88 660 170 727 rent;
189 651 255 716 IV.
272 661 311 715 ut
319 673 382 736 per
396 662 642 736 procuratorem
658 653 817 737 explicari
830 673 897 716 non
915 663 1058 738 possent.
1070 653 1144 716 Jan.
1155 654 1251 718 Vino.
1262 655 1348 718 Gra-

89 762 158 824 vina
175 761 217 822 dc
240 761 317 822 XII
334 762 408 826 Tac.
422 761 558 826 LXXX.
575 783 606 843 p.
620 761 693 824 442.
717 761 861 826 Brisson
874 765 982 844 Antip.
1001 763 1091 824 Rom.
1107 765 1172 824 111.
1189 762 1242 827 20.
1254 783 1285 844 p.
1295 761 1347 825 76.

88 869 173 932 Patr.
187 868 306 932 Faber
318 868 468 932 Semestr.
478 870 524 932 11.
534 867 586 932 23.
597 867 650 932 24.
667 877 698 932 el
709 869 754 930 orl
768 869 806 932 1..
816 869 868 932 77.
891 869 987 931 1).dc
1005 869 1086 951 lieg.
1099 871 1170 951 jar.
1179 891 1212 951 p.
1220 870 1348 950 34⁴1.sp
1390 883 1396 894 ’

88 973 333 1040 saoltaevard.
344 977 546 1042 dsAucton't.
558 978 706 1058 prodam.
715 999 740 1038 c.
750 976 781 1040 2.
794 999 826 1059 p·
837 975 962 1059 acac.
979 975 1161 1062 Schulting.
1167 978 1347 1062 jurisprud.

89 1084 241 1167 antejust.
258 1081 352 1166 pso.
365 1092 427 1148 art.
437 1085 488 1146 75.
505 1083 619 1168 pom
631 1092 700 1148 not
710 1083 761 1148 71.
776 1087 820 1164 t).
840 1083 1064 1150 Adcedobant
1079 1085 1183 1167 Fasti,
1198 1105 1257 1150 seu
1267 1105 1349 1150 con·
1375 1077 1378 1088 ’

89 1190 293 1275 signationes
315 1189 442 1256 mamm
464 1190 632 1272 fastorum,
650 1190 862 1272 nefastorum,
877 1191 1115 1272 intercisorum,
1138 1193 1256 1275 quibus
1269 1193 1348 1276 lego

89 1317 185 1383 agere
202 1296 412 1378 vellicabat,
428 1297 482 1362 vol
497 1297 596 1381 plana
610 1315 688 1381 uon,
703 1297 758 1362 vel
774 1317 818 1360 ex
827 1305 925 1381 ,parta
937 1306 1062 1362 tantum
1073 1299 1207 1363 licebat.
1221 1301 1347 1364 Harum

89 1427 190 1470 rerum
203 1405 352 1468 omnium
371 1405 491 1470 notitia
502 1405 601 1470 initio
610 1423 715 1489 penes
731 1405 819 1470 solos
830 1405 998 1488 patricios,
1014 1401 1231 1489 ctpoutiiices
1244 1409 1350 1492 potis·

90 1515 212 1595 simum,
233 1519 317 1594 erat,
334 1511 392 1596 qui
409 1521 573 1598 tamquam
592 1511 727 1576 oracula
745 1511 921 1576 adibcutur
944 1535 964 1574 a
981 1512 1127 1596 populo:
1150 1533 1259 1600 neque
1278 1536 1349 1578 erc

91 1645 144 1684 sua
166 1620 203 1683 hi
236 1639 309 1682 esso
326 1620 503 1704 putabant,
536 1640 592 1684 aas
620 1618 776 1684 formulas
805 1627 840 1682 at
862 1619 965 1684 fastos
991 1620 1150 1704 evulgari.
1174 1622 1293 1686 Cicero
1311 1625 1350 1686 dc

94 1730 179 1790 Orat.
190 1731 221 1789 1.
236 1727 291 1788 41.
305 1735 337 1789 et
345 1747 405 1806 pro
419 1727 578 1790 Muraena
592 1745 619 1790 o.
627 1727 678 1790 11.
694 1725 909 1805 Quinctilian.
924 1731 1004 1792 Iml.
1022 1729 1110 1794 Orat.
1124 1733 1190 1795 111.
1202 1730 1232 1794 8.
1247 1731 1351 1794 Pom·

91 1835 205 1920 panius
226 1835 265 1896 I.
278 1833 309 1894 2.
323 1834 352 1914 §.
366 1831 398 1895 6.
413 1834 454 1896 Ι).
469 1834 507 1895 do
526 1833 563 1898 0.
577 1833 608 1899 J.

91 2093 112 2126 e.
128 2073 177 2126 sod
195 2071 227 2124 id
244 2072 347 2124 falsum
359 2071 394 2122 de
404 2069 614 2138 mancipatione,
628 2069 785 2125 hereditatis
799 2073 928 2138 aditione,
937 2075 1134 2144 repudiatione,
1152 2072 1269 2142 aliisque
1284 2073 1351 2128 acti·

92 2160 139 2212 bus
156 2156 305 2224 legitimis,
329 2155 423 2223 quiet
445 2161 523 2208 extra
543 2155 591 2224 jus
614 2162 686 2210 rocte
703 2157 919 2224 explicabantur.
945 2161 1119 2214 Sollemniter
1142 2167 1232 2214 tamen
1253 2173 1351 2217 omne·

91 2245 145 2296 fieri
162 2242 312 2295 debebant
330 2241 411 2293 Herc.

156 2328 190 2396 q)
214 2327 295 2394 Lepis
319 2325 433 2376 actiones
452 2323 554 2376 Auctor
577 2322 622 2376 hic
639 2339 723 2375 sensu
742 2325 832 2379 latiori
850 2325 963 2393 accipit,
982 2343 1064 2398 quam
1085 2345 1141 2397 quo
1159 2343 1206 2380 eas
1224 2327 1348 2381 delinivit
1373 2301 1376 2316 ¹

92 2411 264 2478 Pomponius
280 2411 312 2463 Ι..
330 2415 355 2462 2.
367 2411 389 2477 ξ.
404 2413 429 2461 6.
441 2409 476 2462 D.
489 2409 520 2460 de
538 2408 569 2460 O.
587 2409 615 2461 J.
627 2414 654 2462 et
672 2425 728 2478 quo
746 2411 868 2480 quinque
886 2427 979 2464 earum
996 2411 1101 2478 species
1116 2413 1252 2480 eparravit
1263 2413 1351 2480 Gajus

93 2499 137 2550 iv.
150 2498 171 2564 ξ.
189 2501 224 2550 12
238 2499 330 2558 -293
353 2494 403 2561 (de
421 2493 520 2561 quibus
539 2494 644 2547 dicetur
661 2496 733 2548 infra
750 2496 786 2546 ad
802 2497 851 2557 IV.
869 2499 894 2550 fs
912 2499 952 2550 19.
971 2498 1046 2567 sqq.)
1066 2497 1105 2549 ita
1121 2502 1153 2551 ut
1170 2513 1204 2550 ex
1223 2496 1351 2550 Auctoris

82 2581 226 2634 ‚sententia
252 2579 321 2646 legis
345 2578 466 2631 actiones
489 2577 571 2631 stiam
592 2580 763 2634 voluntariae
784 2580 985 2648 jurisdictionis
1013 2582 1136 2648 negotia,
1167 2582 1250 2651 quidl
1275 2583 1351 2652 quod

93 2667 204 2732 privata,
225 2666 276 2718 sed
292 2663 409 2716 solemni
427 2663 483 2716 ritu
498 2663 654 2730 peragenda
670 2667 759 2730 (actus
772 2665 912 2734 lepinmcr)
926 2666 955 2718 in
973 2682 1003 2719 se
1014 2667 1276 2734 comprehenderint
1296 2667 1352 2718 Ne·

94 2768 144 2820 qus
159 2767 230 2804 sane
247 2749 343 2816 negari
368 2751 473 2814 potest,
493 2747 665 2818 quarundam
688 2751 756 2818 legis
774 2750 911 2804 actionum
930 2752 1043 2819 vestigia
1060 2758 1132 2804 certe
1154 2751 1183 2804 in
1200 2751 1352 2818 symbolica

93 2838 176 2888 torma
194 2836 395 2888 nonnullorum
412 2832 584 2899 negotiorum
603 2835 773 2888 voluntariae
788 2834 990 2902 jurisdictionis
1002 2834 1179 2889 remansisse:
1198 2853 1269 2906 quae
1288 2853 1353 2902 pro·

93 2923 135 2972 cul
147 2920 235 2972 dubio
254 2935 340 2971 causa
358 2919 423 2981 fuit,
442 2918 517 2985 quod
535 2917 594 2984 ipse
612 2919 696 2988 ch'ue
708 2921 743 2971 11.
758 2920 780 2986 ξ.
792 2925 834 2972 24.
852 2919 881 2973 in
895 2920 959 2985 jure
976 2922 1128 2974 cessionem
1148 2923 1215 2989 legis
1240 2921 1353 2975 actioni·

95 3005 143 3056 bus
160 3005 399 3056 adnumeraverat.
410 2999 499 3054 Harl.
520 3003 600 3071 Lepis
618 3005 745 3056 cononem
766 3011 793 3056 et
810 3003 865 3071 leqe
882 3021 962 3070 opere
976 3003 1010 3054 de
1023 3005 1098 3058 omni
1110 3012 1172 3058 actu
1191 3013 1353 3073 usurpatum

94 3090 189 3153 luisse,
210 3089 260 3157 qui
278 3088 353 3154 apud
371 3086 574 3153 magistratum,
591 3103 675 3154 penes
695 3105 776 3158 quern
793 3094 851 3140 erat
869 3087 936 3152 legis
951 3089 1031 3152 actio,
1049 3091 1143 3156 peragi
1161 3095 1277 3156 soleret,
1295 3093 1353 3145 sive

92 3174 281 3228 contentiosae
298 3172 356 3224 sive
374 3171 542 3226 voluntariae
552 3172 752 3240 jurisdictionis
766 3176 846 3236 asset,
860 3171 890 3224 id
902 3171 931 3224 in
948 3171 1063 3226 dubium
1075 3189 1173 3227 vocare
1189 3176 1236 3228 vix
1254 3177 1352 3229 licebit.

93 3261 174 3323 Quod
189 3266 282 3316 tamen
300 3271 358 3312 nou
369 3257 498 3322 impedit,
516 3271 572 3324 quo
585 3256 677 3310 nunus
690 3256 800 3322 proprie
814 3257 990 3324 accipiantur,
1003 3272 1074 3326 quae
1085 3259 1159 3324 apud
1167 3261 1353 3325 Pomponium

93 3347 234 3410 leguntur:
254 3359 314 3405 „ex
332 3341 376 3394 his
390 3342 495 3407 legibus
513 3341 634 3395 actiones
652 3341 821 3407 compositae
835 3347 907 3405 suut,
926 3341 1017 3410 quibus
1033 3344 1104 3396 inter
1121 3360 1148 3395 ec
1166 3344 1283 3397 lominus
1301 3345 1354 3396 dis·

93 3435 239 3496 ceptarsnt,
259 3442 329 3495 quas
343 3425 478 3489 *actiones
490 3443 526 3478 ue
543 3427 672 3492 populus,
690 3430 772 3492 prout
788 3427 876 3489 vellet,
894 3425 1054 3493 instimorat,
1073 3433 1159 3482 oertas
1171 3430 1354 3498 solennesque

94 3529 154 3566 esse
165 3513 332 3573 voluerunt3
351 3519 377 3562 ct
395 3510 546 3578 appellator
564 3510 628 3563 laec
642 3526 711 3579 pare
719 3510 796 3579 juris
814 3510 878 3578 lepis
895 3512 1037 3564 acn'onee.“
1056 3513 1157 3566 Omnia
1174 3513 1257 3577 euim,
1269 3531 1353 3584 quae-

94 3613 202 3666 cunque
220 3597 250 3650 in
269 3596 333 3664 jure
350 3591 450 3648 fiebant
466 3596 555 3663 (velut
572 3595 679 3662 injure
696 3594 810 3662 cessio),
827 3597 924 3648 saltem
947 3596 1107 3662 imaginaria
1130 3598 1197 3665 legis
1215 3598 1354 3652 actionum
1438 3597 1440 3602 '

95 3684 180 3734 torma
196 3685 277 3733 erant
293 3680 462 3733 celebranda.
481 3680 626 3734 Caeterum
638 3679 704 3746 legis
719 3679 782 3732 illae
793 3679 914 3732 actiones
929 3681 1009 3734 etiam
1022 3682 1202 3748 legitimarum
1214 3684 1354 3758 actionum

93 3767 205 3820 uomina
223 3764 345 3818 veniunt
365 3765 444 3830 (Vid.
458 3766 594 3830 Pompcu.
609 3765 640 3818 1.
649 3769 675 3816 2.
688 3765 709 3831 ἕ.
721 3769 748 3818 o
763 3766 798 3816 D.
813 3765 845 3816 de
863 3764 894 3818 0.
909 3765 937 3816 J.
950 3766 982 3818 1..
997 3771 1037 3820 14.
1055 3769 1076 3835 5.
1093 3772 1120 3822 3.
1130 3770 1166 3824 D.
1186 3771 1217 3822 dc
1230 3787 1353 3838 praescr.

93 3850 189 3918 aera).
217 3850 335 3902 Aetnam
352 3849 526 3916 lcqitimorum
547 3850 684 3916 (quorum
700 3849 803 3902 mentio
822 3851 853 3902 iii
869 3849 899 3904 in
917 3851 947 3902 L.
962 3853 1005 3904 77.
1023 3851 1060 3902 Ι).
1079 3851 1111 3902 dc
1125 3869 1182 3920 roy.
1191 3854 1267 3922 jur.)
1287 3869 1354 3906 num

92 3934 288 3999 jnrcoonsultis
306 3932 443 3988 veteribus
462 3933 592 3984 familiare
609 3932 692 4004 luerit
708 3934 879 3996 vocabulum,
898 3949 934 3986 aa
951 3948 969 3985 a
986 3934 1101 4000 singulis
1119 3938 1308 3990 tautummodo
1325 3937 1354 3989 in

95 4035 174 4072 usum
191 4018 355 4080 adhibitum,
367 4017 396 4069 id
411 4017 440 4068 in
452 4017 543 4070 medio
555 4017 764 4084 relinquendum
773 4017 832 4070 erit
850 4018 907 4069 Pro
921 4026 995 4071 certo
1008 4024 1098 4074 tamen
1110 4023 1242 4074 affirmare
1255 4019 1354 4084 ausim,
1394 4034 1397 4040 ’

94 4102 322 4169 compositionem
340 4102 416 4156 illam
433 4102 500 4167 legis
518 4101 656 4154 actionum
670 4102 797 4172 jurisque
816 4100 948 4166 Flaviani,
973 4103 1008 4154 (le
1025 4120 1081 4172 qua
1096 4105 1218 4171 loquitur
1233 4105 1354 4170 Pompo-

95 4188 171 4248 nius,
189 4187 259 4239 nihil
279 4185 429 4253 quicquam
450 4186 616 4252 pertinuisse
638 4186 674 4238 ad
697 4187 787 4238 civilia
809 4186 919 4252 negotia
943 4187 1093 4254 ejusmodi,
1111 4204 1182 4255 quae
1205 4189 1354 4241 solenniter

95 4272 213 4338 quidem,
231 4286 289 4326 non
309 4278 402 4322 umen
414 4270 442 4322 iu
457 4270 520 4336 jure
532 4277 624 4322 essent
640 4271 795 4337 peragenda
805 4271 852 4337 (ct.
862 4272 945 4338 Hugo
961 4273 994 4325 R.
1007 4273 1039 4325 G.
1051 4273 1093 4324 ed.
1107 4273 1160 4325 XI.
1172 4288 1197 4337 p.
1207 4276 1354 4326 308-311.

95 4354 213 4410 Dirksen
227 4356 315 4410 Beitr.
334 4371 386 4408 zur
403 4356 504 4410 Kunde
521 4355 549 4406 d.
559 4355 638 4408 Rom.
653 4356 686 4408 R.
704 4371 744 4410 ur.
762 4361 787 4410 4.
805 4371 833 4421 p.
851 4361 898 4410 221
910 4359 1007 4408 -234
1025 4355 1156 4422 Schilling
1167 4359 1244 4411 Bem.
1262 4359 1307 4410 tib.
1319 4358 1357 4412 R.

95 4440 287 4508 Rechtsgesoh.
307 4455 334 4504 p.
353 4442 482 4492 86-89.
500 4438 587 4492 Mill.
