3062 5164
209 347 282 412 282
571 339 752 406 Aaronom
775 309 853 409 lus.
877 339 907 410 1.
933 337 1020 409 Gna.
1048 340 1077 408 l.

209 523 277 599 tes,
293 515 399 600 iisque
418 512 518 578 etiam
539 513 762 578 anniversaria
785 536 876 578 sacra
897 516 939 579 ab
964 514 1117 578 universa
1138 523 1240 597 gente
1261 515 1410 596 fiebant,
1427 535 1466 578 ne

210 625 361 688 fervente
378 622 512 706 quidem
528 621 619 684 bello
634 621 903 704 intermittenda,
920 631 956 686 ut
971 629 1064 706 patet
1081 641 1124 684 ex
1138 623 1210 686 Liv.
1230 623 1266 684 V.
1281 623 1334 686 53.
1355 621 1467 700 Quale

140 789 142 796 .
209 733 242 795 in
258 739 359 817 gente
374 729 481 792 Fabia
497 737 570 794 erat
585 729 776 795 sacrificium
794 737 922 811 statum,
934 730 968 793 in
984 736 1096 792 monte
1109 728 1275 806 Quirinali
1290 731 1466 814 quotannis

145 895 146 898 ,
209 836 453 923 peragendum,
478 837 607 922 dequo
628 837 700 900 Liv.
723 837 823 900 1646.
844 839 984 922 Dionys.
1006 835 1115 900 Halic.
1131 839 1211 923 Aut,
1228 840 1318 900 Rom.
1339 839 1401 899 IX.
1417 837 1464 900 19.

211 946 326 1008 Simile
356 945 465 1030 gentis
489 943 651 1008 Claudiae
675 944 837 1008 sollemne
858 953 1019 1010 memorat
1040 944 1179 1028 Dionys.
1202 945 1314 1008 Halic.
1336 945 1397 1007 XI.
1419 945 1465 1006 14.

210 1054 362 1140 gentium
374 1051 552 1132 Aemiliae,
568 1051 692 1134 Juliae,
711 1052 901 1134 Corneliae,
916 1051 1108 1116 Macrobius
1125 1053 1259 1117 satum,
1275 1055 1301 1115 I.
1315 1051 1370 1114 16.
1386 1069 1465 1136 geu·

210 1163 251 1225 tis
268 1160 430 1224 Serviliae
448 1158 577 1222 Plinius
592 1159 677 1223 Hs'st.
692 1161 770 1222 Not.
786 1161 941 1222 XXXIV.
957 1159 1009 1222 38.
1027 1160 1141 1244 Atque
1157 1159 1237 1223 inde
1253 1159 1465 1243 intelligitur,

211 1269 290 1353 quid
311 1268 373 1332 sibi
388 1266 473 1330 velit
492 1266 611 1330 Cicero
627 1269 667 1329 de
689 1269 819 1352 borusp.
835 1289 917 1350 resp.
928 1268 978 1330 27.
995 1267 1128 1353 quando
1143 1267 1177 1332 in
1193 1277 1346 1352 posteros
1360 1276 1464 1331 trans·

211 1377 290 1440 ferri
306 1375 352 1440 ait
363 1385 534 1457 parentum
550 1396 670 1450 nomen,
686 1365 791 1450 soora,
807 1379 996 1450 memoriam,
1011 1383 1145 1458 gentem.

786 1562 814 1642 ς.
836 1560 888 1623 72.

419 1674 558 1728 Civitatem
577 1677 690 1728 duarum
707 1676 750 1728 cel
761 1675 883 1745 plurium
902 1676 964 1728 civis
981 1693 1058 1728 memo
1077 1675 1131 1728 csse
1147 1683 1263 1744 poterat.

293 1775 389 1838 Haec
416 1784 491 1840 sunt
515 1776 575 1840 illa
592 1776 671 1860 jura
693 1769 871 1853 Quiritium
897 1777 1083 1861 civiumque
1111 1776 1356 1858 Romanorum,
1384 1795 1462 1860 quae

211 1903 335 1965 omnes,
348 1885 405 1967 qui
422 1885 548 1966 optimo
560 1884 638 1968 jure
649 1884 738 1948 cives
755 1892 860 1968 erant,
873 1884 1169 1970 consequebantur.
1185 1883 1275 1947 Illud
1292 1903 1394 1946 uuum
1410 1883 1461 1946 ad·
1517 1909 1518 1934 r

212 1990 356 2054 dendum
380 1991 522 2075 videtur,
537 1993 647 2055 'fuisse
669 1990 831 2076 quaedam
849 1993 1131 2077 jurisprudentiae
1159 1990 1388 2056 Romanorum
1408 2013 1462 2074 pu·
1517 1983 1518 2014 ³

127 2146 131 2159 .
211 2099 321 2164 blicae
337 2099 516 2184 principia,
532 2099 604 2164 aliis
621 2099 808 2163 civitatibus
824 2100 1005 2186 incognita.
1027 2099 1114 2164 Tale
1131 2108 1202 2168 erat
1218 2077 1322 2182 illud,
1336 2099 1363 2162 I.
1381 2095 1460 2182 quod
1517 2073 1518 2132 i

210 2216 327 2273 vetere
341 2207 419 2292 jure
434 2212 464 2289 ⁰)
483 2229 581 2272 nemo
596 2216 709 2292 posset
723 2208 819 2272 simul
833 2209 980 2291 Romae,
996 2208 1198 2293 alteriusque
1224 2207 1367 2272 civitatis
1391 2206 1461 2270 civis

160 2349 161 2354 κ
213 2337 294 2380 esse.
335 2315 454 2378 Cicero
473 2337 535 2398 pro
557 2316 648 2378 Gora.
671 2317 773 2380 Balbo
797 2338 822 2378 c.
840 2315 890 2377 11.
927 2317 1075 2378 Duorum
1105 2322 1265 2380 civitatum
1298 2319 1374 2377 cibis
1401 2333 1461 2376 esse

211 2433 318 2486 nostro
333 2425 413 2506 jure
427 2425 510 2486 cicili
527 2415 616 2486 memo
632 2432 751 2505 potest:
769 2443 832 2485 mon
847 2445 915 2486 essa
938 2426 1033 2506 liujus
1047 2427 1180 2485 civitatis
1195 2427 1278 2505 civo,
1295 2425 1353 2505 qui
1363 2443 1399 2483 se
1413 2421 1462 2481 als's'

212 2535 333 2594 civitati
343 2533 465 2606 diberit,
475 2539 589 2613 potest.
610 2531 657 2594 Et
670 2532 705 2596 in
721 2531 872 2595 oratione
882 2551 946 2613 pro
956 2533 995 2593 A.
1012 2533 1147 2610 Caecina
1158 2552 1183 2592 c.
1194 2529 1245 2594 34.
1260 2530 1358 2602 Nam,
1370 2549 1458 2612 quum

212 2659 253 2700 aa·
267 2647 374 2700 nostro
386 2641 465 2719 jure
483 2641 619 2700 duorum
635 2644 794 2704 osbs'tutum
815 2659 903 2702 memo
918 2659 986 2700 csse
1002 2643 1118 2720 possit,
1137 2647 1209 2700 tum,
1219 2640 1376 2699 omittitur
1393 2637 1457 2696 baso

212 2749 320 2808 orbitus
339 2747 484 2826 denique,
502 2765 598 2826 quam
616 2751 657 2822 τέ,
673 2753 729 2830 qm·
737 2745 888 2830 profugat,
904 2753 1046 2825 receptus
1061 2755 1111 2808 est
1122 2752 1155 2808 sis
1170 2748 1323 2816 exsilium,
1339 2743 1397 2805 boo
1409 2749 1457 2812 est,

212 2857 244 2916 in
260 2855 356 2915 oliam
370 2855 533 2914 civitatem.
559 2855 637 2917 Hoc
656 2875 748 2917 secus
763 2853 862 2915 fuisse
881 2853 915 2916 in
933 2851 1088 2934 Graecia,
1103 2851 1159 2915 ubi
1175 2851 1348 2916 multarum
1364 2849 1456 2912 iidem

212 2960 362 3025 homines
374 2961 542 3024 civitatum
559 2984 629 3026 esse
642 2961 823 3047 potuerint,
835 2960 925 3024 idem
937 2959 1125 3023 observavit
1138 2958 1258 3022 Cicero
1269 2980 1331 3043 pro
1346 2959 1457 3020 Arabia
1517 2971 1518 2984 ¹

181 3123 182 3132 ,
213 3089 239 3130 c.
247 3069 276 3128 5.
294 3068 400 3152 quue
417 3090 515 3154 quum
533 3091 575 3132 ex
591 3070 665 3134 aliis
681 3069 842 3153 exemplis
857 3076 962 3153 patet,
975 3089 1060 3152 quae
1071 3067 1277 3156 „colligitEm
1289 3066 1456 3150 Spanbem.

218 3176 290 3237 om.
314 3177 401 3238 Rom.
423 3178 449 3237 Ι.
469 3169 550 3260 ὁζρ.
575 3177 625 3240 25.
648 3187 716 3241 tum
743 3177 885 3238 maxime
910 3197 952 3238 ex
977 3195 1136 3240 marmore
1166 3173 1228 3236 illo
1258 3175 1291 3236 in
1314 3169 1456 3236 Reinesii

214 3285 371 3367 Inscrsptt.
386 3289 543 3368 antiquar.
562 3286 660 3347 Closs.
675 3285 732 3346 XI.
742 3307 777 3368 p.
793 3283 864 3348 608.
880 3305 964 3346 num.
985 3283 1041 3343 IV.

535 3427 564 3472 0.
586 3425 809 3473 GALPURNIUS·
831 3421 1058 3471 ASGLEPIADES

535 3532 645 3580 PRUSA
665 3532 712 3578 Ao
735 3530 902 3578 OLYMPUM
923 3531 1071 3578 MEDIOUS

535 3639 745 3688 PARENTIBUS
766 3641 810 3687 ET
831 3639 895 3687 SIBI
918 3640 960 3684 ET
984 3639 1139 3686 FRATRIB-

535 3747 710 3795 GlVl'l'A'l'ES
731 3749 787 3794 vn.
808 3747 832 3794 A
853 3746 933 3792 DlVO
955 3746 1110 3818 ruAJANO

660 3855 867 3902 IMPE‘I'RAVl'l'
891 3846 954 3900 θῐθ.

124 4017 126 4022 -
212 3969 261 4045 ,Αἱ
285 3969 414 4032 Romae
439 3970 516 4052 boc,
547 3977 583 4033 ut
614 3972 699 4053 dixi,
725 3969 848 4036 nemini
879 3959 1019 4052 licebat,
1051 3965 1213 4052 siquidem
1246 3965 1410 4030 civitatem
1435 3961 1457 4022 is

283 4179 317 4246 o)
337 4179 421 4232 Aliud
434 4177 498 4244 jure
515 4194 595 4232 novo.
618 4179 690 4230 Nam
714 4193 795 4242 saepe
820 4175 984 4244 quibusdam
1002 4175 1107 4228 civibus
1130 4171 1263 4228 Romanis
1287 4171 1457 4224 concedebant
1517 4187 1518 4248 ἐ

215 4264 404 4329 Imperatores,
422 4269 452 4315 ut
466 4263 578 4318 alterius
596 4280 708 4332 quoque
725 4262 842 4315 civitatis
863 4263 911 4330 jus
937 4263 1075 4314 habereut
1102 4251 1148 4314 Sic
1161 4257 1262 4312 Dionis
1281 4252 1456 4324 chrysostomi
1517 4273 1518 4294 1

156 4367 163 4384 ·
215 4363 282 4400 avus
307 4348 341 4399 ab
366 4348 532 4413 Imperatore
551 4343 610 4414 ἅμα
628 4345 674 4414 τῆς
691 4341 838 4410 Ῥωμαίων
854 4345 993 4404 πολιτείας
1010 4347 1056 4396 καὶ
1074 4342 1119 4410 τῆς
1138 4339 1288 4405 'sinuosius
1309 4342 1406 4406 ἔτυχεν,
1428 4339 1456 4390 si-
1517 4381 1518 4410 ,

215 4433 272 4484 nrul
288 4433 438 4486 Romanam
456 4443 482 4486 et
501 4435 674 4502 Apamensem
691 4432 819 4484 ciuitatem
836 4430 997 4486 obticuerat:
1015 4430 1070 4486 Dio
1088 4429 1230 4496 cmysost.
1248 4428 1325 4486 oras.
1345 4426 1420 4482 XLI.
1431 4439 1456 4491 p·
1517 4441 1518 4458 ¹

215 4519 277 4570 000.
293 4516 373 4569 Heia.
1452 4529 1458 4540 ¹
