3030 5160
309 370 363 440 Da
387 371 524 438 Hnnnn.
551 364 655 454 Quas
680 370 735 439 Aa
760 370 893 442 lsrssr.
918 369 1051 440 Dasea.
1234 379 1306 449 475

638 547 669 628 ς.
688 548 718 610 5.

152 665 231 719 Ister
245 679 308 716 auos
325 661 436 716 heredes
452 671 530 718 erm
547 659 625 718 cobis
642 679 753 728 onmes,
770 681 838 733 quas
855 666 884 720 in
900 681 1008 721 mun
1026 676 1208 721 convenerant.

137 762 193 826 Ad
208 785 329 828 uxores
346 765 436 850 quod
452 765 582 846 attinet,
598 786 663 846 eas,
680 764 755 843 siin
770 784 869 832 manu
883 774 1005 848 essent,
1018 765 1105 828 inter
1120 787 1192 830 suas
1208 768 1306 832 fuisse

53 872 213 954 heredes,
233 871 386 956 adeoque
406 872 524 937 marito
540 871 749 954 successisse,
762 873 833 956 jam
850 894 946 956 supra
962 873 991 954 §.
1005 873 1035 935 2.
1051 873 1307 958 observavimus,

53 980 155 1064 idque
172 979 295 1044 diserte
311 972 418 1044 tradit'
426 979 565 1064 Dionys.
580 979 659 1043 Hal.
670 980 713 1042 ΙΙ.
723 978 774 1040 25.
790 980 847 1042 ubi
864 1002 919 1044 cas
935 979 1016 1042 dicit
1030 978 1131 1044 fuisse
1145 971 1308 1058 uossobodc

53 1087 198 1154 ἁπάντων
208 1085 368 1174 χρημάτων
381 1114 413 1152 τε
426 1091 477 1153 καὶ
490 1093 584 1170 ἱερῶν,
592 1091 761 1170 participes
771 1092 906 1150 omnem
920 1089 1068 1154 bonorum
1076 1095 1199 1174 pariter
1210 1111 1248 1154 oc
1258 1112 1308 1152 so·

54 1218 189 1258 crorum.
199 1193 308 1280 quue
318 1197 462 1266 firmatur
473 1196 628 1281 exemplo
637 1196 849 1278 Laurentiae,
859 1217 944 1282 quae
956 1206 1086 1261 mortuo
1099 1197 1309 1260 maritoTar-

55 1305 153 1387 rutio,
173 1303 541 1389 admodumlocuplete,
556 1303 701 1367 omnium
719 1305 879 1367 bonorum
897 1307 966 1390 ejus
978 1307 1071 1370 sacta
1089 1313 1139 1368 est
1159 1326 1308 1389 compos:

55 1413 245 1476 Macrobius
263 1413 427 1475 Saturnol.
437 1415 461 1474 I.
474 1413 523 1474 10.
538 1411 734 1477 Plutarchus
746 1413 885 1490 Quaestt.
897 1415 1029 1476 Roman.
1041 1436 1066 1475 c.
1078 1411 1128 1476 35.
1140 1413 1309 1498 Quamvis,

58 1529 161 1584 utrum
175 1542 229 1592 ex
244 1526 459 1601 testamento,
476 1544 517 1584 an
539 1523 581 1584 ab
596 1520 754 1584 intestato
776 1521 986 1604 successerit,
1001 1522 1146 1585 nondum
1171 1521 1309 1606 liqueat.

59 1629 101 1692 At
123 1637 242 1712 postea
266 1635 300 1692 et
321 1628 355 1690 id
378 1635 536 1692 mutatum
551 1628 596 1710 ¹),
620 1627 730 1692 forsan
753 1629 843 1712 quod
864 1631 967 1692 rarius
989 1649 1108 1694 uxores
1130 1630 1164 1694 in
1180 1651 1309 1694 manum

60 1737 236 1800 convenire
258 1736 453 1820 coepissent.
475 1737 575 1802 Unde
594 1736 751 1813 invaluit,
766 1745 802 1801 ut
818 1736 964 1822 denique
983 1759 1105 1802 uxores
1119 1738 1252 1802 nonnisi
1267 1757 1310 1798 ex

62 1845 168 1908 edicto
185 1845 356 1910 Praetoris
380 1861 471 1908 uuus
491 1861 548 1910 vm
565 1863 609 1910 ur
632 1861 728 1908 uxos
748 1844 790 1908 ad
809 1846 970 1912 bonorum
992 1847 1234 1932 possessionem
1249 1867 1310 1909 vo-

59 1963 218 2020 carentur.
241 1952 317 2030 Qua
332 1953 375 2017 de
390 1974 427 2016 re
441 1952 529 2018 infra
544 1953 611 2020 erit
621 1952 797 2037 agendum.

642 2102 671 2183 ἓ.
693 2101 722 2164 o.

434 2209 675 2279 dormitumque
689 2218 770 2280 pacto
788 2207 927 2262 sublatum.

145 2311 345 2376 Tollebatur
358 2309 441 2375 illud
452 2313 507 2397 jus
526 2309 653 2374 suitatis
674 2333 772 2396 quum
787 2313 914 2397 majore
935 2331 973 2375 ac
994 2310 1104 2376 media
1120 2312 1236 2396 capitis
1252 2315 1313 2377 de-

61 2422 258 2503 minutione,
275 2430 343 2484 tum
366 2421 466 2486 etiam
483 2419 756 2504 emancipatione.
779 2420 869 2483 Hinc
891 2421 1089 2505 emancipati
1104 2420 1194 2483 omni
1214 2421 1313 2484 bere-

64 2531 165 2593 ditate
189 2530 405 2613 excidebant,
421 2551 484 2593 nec
504 2528 607 2591 ullum
625 2535 696 2592 erat
715 2527 858 2592 medium
873 2531 951 2614 jure
974 2527 1065 2592 civili
1087 2529 1253 2613 proditum
1269 2529 1312 2593 ad

62 2638 204 2723 aliquam
226 2646 436 2722 paternarum
459 2636 651 2702 facultatum
675 2646 802 2720 partem
829 2637 1111 2723 consequendam:
1135 2638 1163 2720 §.
1186 2637 1216 2700 9.
1234 2639 1311 2700 last.

63 2749 86 2808 b.
105 2757 127 2809 t.
156 2745 254 2830 (Gaj.
276 2747 340 2809 III.
359 2746 432 2827 19.)
464 2747 537 2808 Imo
560 2765 623 2808 nec
646 2746 926 2829 emancipatorum
950 2745 1029 2828 filii,
1056 2746 1083 2809 si
1105 2752 1214 2808 essent
1237 2753 1313 2830 post

63 2854 357 2938 emancipationem
381 2853 551 2938 concepti,
574 2875 704 2917 suorum
731 2853 889 2916 heredum
913 2853 990 2916 loco
1017 2863 1112 2918 erant
1135 2875 1214 2919 avo:
1236 2854 1264 2935 §.
1282 2853 1312 2915 9.

62 2965 136 3025 last.
168 2964 256 3039 Qash.
282 2964 361 3025 morl.
380 2965 440 3045 jas
464 2970 551 3044 patr.
569 2971 633 3044 pot.
655 2964 728 3024 solo.
755 2962 907 3046 adeoque
932 2983 995 3025 nec
1020 2962 1055 3025 hi
1077 2963 1178 3026 ullam
1202 2962 1333 3026 avitae
1375 3016 1381 3040 ,

63 3071 257 3134 hereditatis
273 3077 399 3154 partem
422 3069 656 3151 sortiebantur,
672 3070 948 3153 quemadmodum
963 3089 1025 3133 nec
1041 3071 1192 3155 adoptati
1208 3093 1227 3134 a
1242 3069 1313 3133 filio

63 3177 288 3262 emancipato:
304 3177 426 3242 Paulus
442 3177 596 3240 Sententt.
610 3177 749 3259 Recepit.
765 3178 822 3240 IV.
837 3178 867 3241 8.
882 3177 932 3241 12.

640 3326 669 3406 §-
690 3325 720 3386 7.

431 3434 611 3502 Emcnctpctis
628 3434 799 3488 succurrebat
819 3437 947 3490 Praetor.

145 3536 322 3600 Consuluit
335 3543 447 3599 tamen
464 3535 678 3618 emancipatis
693 3534 836 3600 Praetor
849 3537 991 3602 naturali
1007 3537 1175 3622 aequitate
1192 3544 1314 3602 motusa

66 3645 226 3730 siquidem
243 3643 355 3708 edicto
374 3653 467 3710 unns
485 3663 598 3710 usuum
616 3645 663 3708 eis
684 3643 778 3708 dedit
795 3647 955 3710 bonorum
973 3646 1227 3730 possessionem,
1245 3666 1313 3708 non

66 3775 171 3835 secus,
193 3773 231 3816 ac
255 3753 281 3815 si
301 3761 452 3836 tempore
476 3753 589 3817 mortis
611 3753 646 3816 in
667 3761 834 3839 potestate
859 3754 1005 3839 parentis
1028 3753 1182 3817 fuissent:
1206 3757 1251 3814 at.
1272 3753 1314 3814 D.

73 3861 155 3924 Unde
177 3862 273 3924 laberr‘.
303 3860 398 3946 (Gaj.
421 3862 484 3925 III.
503 3862 554 3924 25.
575 3861 649 3942 26.)
685 3860 761 3938 Quo
784 3861 946 3927 beneficio
969 3862 1067 3926 etiam
1091 3861 1316 3945 emancipato-

65 3990 131 4032 rum
150 3969 250 4032 liberi
272 3968 481 4033 fruebantur:
505 3992 571 4032 non
594 3992 675 4034 vero
701 3990 815 4032 eorum
836 3969 1003 4054 adoptivi,
1019 3971 1076 4054 qui
1091 3991 1134 4034 ne
1149 3979 1316 4054 tamquam

67 4079 155 4161 quasi
175 4075 309 4162 cognati
326 4077 459 4162 quidem
478 4080 637 4142 bonorum
653 4077 892 4162 possessionem
909 4085 1025 4162 petere
1041 4085 1212 4163 poterant:
1227 4078 1316 4139 Pau-

64 4185 112 4248 lus
137 4185 293 4248 scatenti.
308 4184 447 4266 Receptt.
468 4186 520 4247 VI.
533 4186 562 4249 6.
582 4186 632 4248 12.
654 4186 726 4249 Nec
753 4187 872 4250 eodem
894 4188 1063 4252 Praetoris
1084 4188 1194 4250 edicto
1216 4206 1316 4248 voca-

66 4293 185 4356 bantur
207 4292 270 4376 ipsi
293 4277 508 4377 emancipati,
531 4295 558 4356 si
583 4315 619 4356 se
641 4291 714 4358 aliis
734 4295 767 4360 in
801 4295 1017 4381 adoptionem
1041 4275 1227 4376 dedissent,
1253 4293 1316 4356 nisi

130 4482 157 4554 i)
180 4484 244 4537 Non
262 4489 397 4538 mutatum
415 4491 457 4538 est
474 4486 526 4540 hoc
545 4485 601 4554 jus,
619 4486 668 4539 scd
686 4501 748 4538 cum
766 4485 872 4553 ipsein
896 4501 1007 4556 manum
1023 4486 1202 4540 conventione
1219 4489 1316 4550 sponte

67 4586 99 4621 ex
117 4586 170 4624 usu
188 4571 308 4626 accessit.
326 4571 413 4626 Miilsl.
