3080 5154
223 374 292 441 134
694 367 769 434 Lus
794 367 823 437 1.
848 365 928 435 Tm.
953 367 997 436 X.

221 545 250 626 §.
263 543 314 605 13.
326 565 359 625 p.
372 541 423 606 48.
438 542 505 623 49.)
526 550 659 626 poterat
672 550 783 605 tamen
797 541 833 606 id
852 542 974 624 facere,
988 543 1015 604 si
1032 541 1102 605 lilia
1115 545 1145 622 ¹)
1165 561 1207 602 eo
1219 539 1326 603 invito
1343 536 1477 616 cuidam

221 650 400 734 nupsisset,
419 656 518 732 prout
539 657 655 714 contra
667 648 880 714 Raevardum
897 652 972 712 Var.
994 651 1049 712 IV.
1065 648 1115 714 16.
1130 647 1245 732 Cujac.
1260 648 1346 708 Obas.
1366 646 1424 706 III.
1445 647 1477 705 5.

222 758 311 844 idem
335 757 538 820 demonstrat
556 756 751 821 Thom-asius
769 760 789 818 l.
806 780 832 819 c.
852 758 911 822 Sin
928 757 999 822 lilia
1018 756 1126 841 patria
1143 761 1311 839 potestate
1328 754 1398 816 sive
1413 773 1480 835 per

224 864 532 948 emancipationem,
550 865 619 928 sive
638 885 699 946 per
717 866 819 948 patris
839 873 978 931 mortem
993 864 1142 944 exiisset,
1165 864 1223 926 sub
1239 868 1402 946 perpetua
1414 859 1479 922 de-

224 973 326 1057 gebat
341 971 457 1052 tutela,
472 971 624 1055 adeoque
643 980 677 1034 et
690 980 834 1036 tutorum
849 973 1028 1037 auctoritas
1043 970 1234 1034 adhibenda
1251 976 1340 1032 erat:
1355 968 1479 1032 Cicero

217 1101 280 1162 pro
295 1081 409 1141 Flacco
422 1079 473 1140 34.
495 1086 530 1141 et
544 1078 595 1142 35.
613 1079 857 1146 Auctoritatem
873 1101 954 1144 vero
970 1088 1006 1143 et
1023 1099 1211 1162 expressam
1232 1098 1317 1156 esse,
1334 1083 1369 1138 et
1380 1097 1479 1158 prae·
1529 1069 1530 1076 '

225 1189 346 1254 cedere
362 1187 493 1270 nuptias
508 1187 673 1269 debuisse,
694 1208 800 1272 aeque
819 1208 857 1251 ac
867 1188 1004 1272 jussum,
1017 1195 1131 1253 notum
1149 1194 1200 1249 est
1218 1206 1261 1248 ex
1277 1183 1381 1279 JGtis.
1403 1182 1480 1244 Nec

225 1297 336 1359 obstat
357 1295 396 1355 L.
410 1293 461 1356 25.
479 1295 509 1375 §.
529 1295 559 1354 4.
581 1297 623 1356 Ι).
646 1297 685 1358 de
705 1297 839 1378 Adquir.
859 1298 963 1358 iered.
988 1289 1085 1380 quam
1115 1294 1271 1360 adcurate
1294 1277 1480 1375 explicavi-

224 1425 304 1484 mus,
322 1410 356 1465 et
368 1424 388 1463 a
401 1403 472 1466 Jac.
488 1401 689 1468 Gothofredi
708 1403 916 1468 correctione
936 1402 1174 1467 vindicavimus
1192 1401 1231 1467 in
1244 1401 1398 1462 Element.
1407 1400 1479 1479 jur.

225 1515 282 1578 civ.
298 1511 327 1592 δ.
341 1509 413 1572 250.

800 1650 829 1732 §-
850 1649 901 1712 16.

688 1779 747 1834 111.
768 1781 865 1834 crestae
883 1743 1017 1834 amana.

308 1903 558 1990 Requirebatur
586 1905 686 1968 etiam
710 1906 774 1971 Ill.
800 1916 837 1971 ut
863 1915 1003 1993 uterque
1035 1907 1301 1972 contrahentium,
1332 1913 1420 1967 esset
1448 1910 1480 1964 et

227 2012 324 2094 liber,
344 2022 379 2076 et
397 2017 470 2076 cebri
488 2015 660 2103 Romanus.
683 2013 779 2078 Inter
793 2036 905 2079 servos
926 2015 1013 2078 enim
1034 2024 1070 2079 et
1089 2036 1216 2094 servus,
1237 2014 1431 2096 liberosque
1448 2018 1480 2072 et

228 2141 337 2184 servas
356 2142 423 2183 non
440 2122 639 2202 connubium
662 2130 747 2204 erat,
765 2123 823 2186 sed
840 2140 1117 2187 consummemur.
1140 2122 1221 2185 Cum
1242 2122 1365 2185 Latino
1382 2119 1480 2183 etiam

227 2227 283 2292 vel
299 2227 435 2311 Latina,
451 2230 631 2316 peregrino
643 2229 698 2292 vel
716 2231 910 2315 peregrina,
929 2252 996 2294 non
1012 2240 1107 2295 erant
1118 2232 1229 2315 justae
1250 2229 1404 2313 nuptiae,
1421 2226 1480 2289 nisi

229 2358 419 2400 concessum
432 2345 519 2400 esset
535 2336 825 2421 r):Ulp.1oagm.
847 2338 881 2399 V.
899 2338 929 2398 4.
944 2345 978 2400 et
993 2339 1023 2400 5.
1040 2337 1148 2401 Paull.
1167 2341 1320 2399 Sententt.
1340 2337 1382 2397 II.
1393 2335 1443 2396 19.
1454 2333 1481 2394 6.

229 2445 329 2507 Unde
357 2453 489 2525 notum,
513 2453 669 2528 quantum
699 2445 845 2508 invidiae
872 2444 1022 2509 Antonio
1047 2445 1183 2529 nuptiae
1206 2465 1278 2506 cum
1302 2442 1482 2527 Cleopatra

231 2551 457 2615 confleverint.
478 2542 566 2614 sed'
588 2558 664 2634 post
697 2553 966 2618 constitutionem
995 2553 1159 2618 Antonini
1181 2550 1375 2618 Caracallae
1408 2570 1483 2635 pro·
1529 2607 1530 2610 ,

230 2659 352 2722 missua
371 2659 465 2722 fuere
481 2659 569 2722 inter
587 2665 704 2743 gentes
719 2661 883 2724 connubia
898 2667 926 2743 ι)
953 2671 988 2726 et
1001 2663 1050 2726 ita
1064 2661 1303 2746 intelligendus
1325 2660 1482 2724 Prudent.

161 2825 164 2830 .
231 2769 301 2829 adv.
321 2767 495 2849 Symmocb.
512 2768 554 2828 ΙΙ.
568 2789 595 2829 v.
610 2765 682 2830 612.

398 2875 564 2936 Diatontes
580 2879 709 2958 regr‘one
722 2879 852 2959 plagae,
875 2879 1036 2958 diuisaque
1050 2885 1147 2959 ponto

398 2982 524 3044 Littera
539 2973 726 3046 convertunt
740 3006 823 3047 nunc
833 3006 895 3067 per
911 2987 1091 3047 vadimonia
1108 2985 1153 3044 od
1166 2970 1263 3046 unrem

399 3089 443 3151 Et
461 3093 752 3173 communeforum,
768 3113 853 3154 nuno
863 3113 923 3175 per
944 3094 1127 3154 commercia
1142 3101 1172 3152 et
1191 3103 1278 3154 ortes
1336 3083 1339 3088 ¹

395 3194 451 3258 Art
468 3207 586 3260 coetum
600 3201 757 3272 celebrem,
777 3221 867 3262 nunc
879 3222 941 3282 per
957 3201 1096 3282 gereialr'o
1103 3199 1216 3276 fulera

400 3307 538 3367 Externa·
550 3307 594 3366 ad
610 3325 672 3368 rus
688 3327 878 3370 connum:
896 3329 971 3368 nam
986 3311 1143 3389 sanguine
1157 3311 1255 3367 arieto

410 3413 540 3473 Texitur
558 3416 689 3475 alternis
705 3437 741 3476 ex
757 3417 901 3498 gestabas
917 3438 983 3478 rana
991 3435 1145 3496 propago.

233 3519 279 3584 Et
294 3517 440 3581 Rutilius
455 3519 672 3584 Numatianus
688 3524 836 3585 Itt'aerar.
852 3524 890 3584 L.
905 3524 933 3586 I.
949 3545 977 3585 v.
989 3523 1041 3586 63.
1054 3543 1119 3604 sqq.

254 3789 263 3804 ·
306 3770 341 3838 x)
362 3771 436 3833 Quin
450 3772 540 3839 etiam,
556 3773 580 3826 si
592 3775 723 3830 filiuszL.
739 3783 764 3832 2.
776 3782 803 3829 et
817 3775 849 3830 1..
860 3781 904 3830 ³5.
917 3775 952 3828 D.
965 3775 991 3828 lr.
1005 3783 1022 3827 t.
1050 3772 1137 3827 Melit.

307 3857 339 3922 y)
361 3856 534 3910 concedebat
542 3858 607 3911 olim
615 3860 751 3928 ejusmodi
763 3861 872 3928 nuptias
884 3862 1013 3927 populus,
1025 3860 1084 3926 lege
1093 3855 1233 3923 singulari,
1246 3845 1388 3909 ut'docent
1399 3866 1484 3907 exem·

238 3941 284 4006 pla
297 3941 371 4008 apud
386 3941 493 3994 Livium
508 3944 689 3999 XXXVIII.
704 3951 749 4000 36.
763 3944 876 3998 XLIII.
888 3950 913 3998 3.
931 3948 1033 3998 Postea
1045 3947 1225 4012 Imperatores
1241 3943 1305 3994 talia
1320 3941 1421 3994 dabant
1434 3933 1482 4003 pri·
1529 3961 1530 3972 ¹

239 4025 345 4092 vilegia.
373 4027 508 4092 Exempla
527 4028 668 4082 hincinde
687 4031 715 4083 iu
733 4021 913 4083 marmoribus
934 4036 1010 4095 sunt,
1023 4031 1097 4097 apud
1112 4031 1221 4081 Gruter.
1232 4045 1262 4096 p.
1278 4015 1452 4079 DLXXIII.
1463 4024 1484 4070 2·

242 4111 381 4163 DLXXI
383 4112 410 4163 V.
427 4117 452 4164 ὁ.
475 4113 593 4166 DLXX
600 4115 627 4167 V.
645 4122 667 4168 l.
693 4115 752 4168 Jae.
769 4117 853 4181 Spon.
873 4116 986 4170 Ms'tcell.
1006 4117 1101 4168 erudit.
1122 4114 1212 4182 Antip.
1224 4130 1253 4188 p.
1271 4110 1397 4164 OOXLI
1400 4110 1426 4162 V.
1443 4101 1485 4156 uti
1529 4121 1530 4128 ¹

239 4195 386 4260 militibus,
403 4210 449 4253 sor
464 4213 628 4253 reraoaruaa
643 4214 815 4254 counrnours
828 4216 940 4256 rnoain
952 4216 1048 4264 eninr,
1063 4201 1143 4252 datur
1155 4211 1314 4254 connubunt
1326 4210 1383 4250 cun
1397 4201 1484 4248 oxom-

235 4293 292 4340 sos,
312 4295 380 4336 eoas
400 4297 457 4335 run
480 4296 652 4338 nituissssr.
679 4286 758 4338 conf.
778 4289 826 4340 Ea.
847 4288 992 4353 Spanhem.
1016 4285 1172 4339 orestem.
1188 4283 1230 4337 IL
1244 4287 1287 4335 22.
1314 4284 1358 4334 De
1373 4274 1481 4346 reliquis

241 4364 467 4429 prohibitionibus
492 4369 612 4424 disemus
634 4371 712 4434 infra,
733 4371 780 4423 ubi
800 4373 912 4440 dejure
933 4370 1082 4434 Quiritium
1103 4375 1130 4422 et
1149 4365 1265 4422 civitatis
1287 4366 1317 4419 in
1336 4360 1485 4434 Adpendioe
1529 4383 1530 4392 .

240 4464 359 4517 agemus
387 4451 469 4505 Heia.
753 4451 756 4458 ‘

310 4537 341 4604 z)
362 4536 425 4590 Vid·
439 4543 529 4610 tamen
541 4539 603 4605 adp.
615 4540 672 4608 huj.
687 4542 747 4596 libr.
759 4544 780 4597 1.
795 4539 816 4611 ξ.
830 4547 873 4597 34.
900 4541 988 4596 Mitt.
