3062 5164
516 397 574 466 lm
598 397 694 466 donn
714 397 829 470 Lern.
866 439 871 452 ·
1053 461 1054 464 ,
1227 409 1299 478 291

51 571 186 634 Romae.
209 571 250 634 Id
267 572 356 636 enim
371 595 439 638 nan
454 573 594 638 obscure
610 581 704 658 patet
723 596 766 638 ex
784 575 1010 640 controversis
1024 577 1191 644 Ardeensi
1210 581 1301 666 apud

52 679 116 742 Liv.
132 678 191 740 IV.
205 679 236 742 9.
255 681 366 744 Latini
382 682 519 746 Junisni
534 683 703 746 habebant
710 683 766 767 jus
781 699 1058 767 mnnomnrronrs,
1074 687 1152 772 Ulp.
1168 691 1300 772 stagna.

54 788 135 847 XIX.
147 787 178 848 4.
194 787 351 872 adeoque
374 790 474 854 etiam
497 791 660 854 colonarii
681 791 811 873 Latini,
835 793 953 875 quibus
977 795 1111 879 aequati
1133 795 1186 864 illi
1205 804 1302 860 erant

52 893 120 978 lege
141 893 164 956 J
166 895 247 956 unia
265 895 438 960 Norbana:
460 900 559 962 Vetas
579 901 710 982 Fragras.
724 901 828 962 Jnreo.
845 901 933 981 apud
948 902 1031 962 Pitls
1047 923 1078 964 n.
1092 903 1123 965 8.
1146 901 1202 966 An
1218 925 1299 966 vero

53 1003 143 1064 etiam
166 1011 302 1067 veteres
322 1005 434 1068 Latini
456 1007 575 1070 eodem
592 1008 671 1091 jure
692 1006 742 1070 usi
762 1007 843 1088 sint,
857 1008 1004 1072 nondum
1029 1018 1167 1078 constet.
1190 1011 1298 1074 Porro

54 1127 303 1176 rnsrnssnnrnm
317 1133 385 1175 non
405 1113 573 1178 faciebant
591 1115 717 1188 Latini;
732 1113 848 1176 saltem
858 1115 934 1198 jure
951 1116 1123 1182 Romanos
1137 1117 1214 1201 Ulp.
1225 1119 1299 1180 XX.
1398 1155 1402 1162 ·

29 1247 35 1256 ·
54 1217 96 1278 14.
108 1223 136 1298 ⁸)
159 1221 255 1298 (nam
274 1219 423 1304 alioquin
442 1231 478 1286 et
496 1229 592 1286 extra
606 1221 747 1286 Romam
764 1222 869 1286 Italos
883 1223 953 1306 jam
977 1223 1058 1288 inde
1078 1227 1119 1288 ab
1139 1226 1300 1310 antiquis-

57 1326 129 1388 simis
144 1328 352 1412 temporibus
364 1337 560 1394 testamenta
576 1329 763 1394 condidisse
778 1329 855 1392 satis
871 1339 1014 1395 constat:
1024 1331 1096 1396 Liv.
1109 1319 1299 1416 I.3.l.34.).
1378 1385 1383 1396 .

56 1432 147 1494 Iidem
163 1435 278 1498 Latini
300 1457 362 1498 nec
378 1458 421 1500 ex
439 1439 523 1506 civis
535 1438 680 1502 Romani
695 1445 895 1502 testamento
915 1438 1096 1523 quidquam
1112 1440 1298 1524 capiebant,

57 1540 110 1603 nisi
122 1543 210 1604 intra
225 1541 297 1606 dies
310 1545 466 1609 cretionis
482 1546 625 1609 civitatis
635 1545 808 1608 Romanae
817 1547 895 1630 jura
906 1547 1151 1632 impetrassent:
1163 1547 1299 1632 Ulpian.

60 1647 151 1710 XXII.
159 1649 192 1711 3.
214 1650 312 1714 Haeo
328 1660 411 1734 sunt,
428 1675 513 1739 quae
530 1660 661 1718 veteres
676 1675 736 1717 nos
752 1651 889 1718 docentz
906 1653 1012 1739 plura,
1028 1677 1127 1740 quum
1142 1663 1232 1719 muta
1245 1656 1300 1720 bic

60 1754 115 1818 sint
128 1757 260 1842 antiqua
276 1771 498 1842 monumenta,
515 1760 640 1824 addere
656 1783 724 1824 non
738 1761 865 1844 licebit.

642 1985 650 2000 .
671 1938 721 2002 88.

371 2053 432 2108 san
448 2053 591 2108 utebantur
608 1941 715 2124 lipidam,
732 2055 784 2108 nisi
790 2054 879 2122 fiendi
885 2055 968 2124 sacti.

130 2168 203 2232 Suis
218 2190 312 2254 ergo,
328 2171 411 2236 sicut
426 2193 470 2236 ex
484 2172 534 2235 his
550 2179 654 2256 patet,
669 2171 801 2255 legibus
816 2172 993 2236 utebantur
1006 2170 1131 2252 Latini,
1143 2191 1205 2234 nec
1214 2171 1299 2254 juris

61 2273 223 2350 Quiritium
243 2278 368 2344 fiebant
383 2281 561 2364 participes
577 2280 620 2360 b).
639 2278 782 2342 Licebat
797 2286 908 2342 tamen
923 2279 963 2342 iis
969 2325 979 2361 ‚
1001 2278 1029 2340 si
1043 2276 1187 2359 vellent,
1204 2276 1298 2364 leges

58 2379 267 2446 Romanorum
290 2386 324 2450 iu
345 2407 418 2450 suas
438 2387 589 2451 civitates
609 2386 779 2470 recipere,
801 2385 874 2468 vel,
895 2393 931 2448 ut
953 2392 1085 2448 veteres
1105 2383 1298 2468 loquuntur,

59 2497 202 2569 poterant
219 2493 335 2577 populi
358 2512 462 2560 nunni
484 2495 567 2560 fieri.
595 2493 670 2572 Qua
695 2493 738 2556 de
761 2514 797 2556 re
815 2493 933 2558 Cicero
949 2511 1011 2574 pro
1026 2493 1126 2554 Balbe
1139 2513 1165 2554 e.
1181 2491 1210 2554 8.
1237 2495 1300 2556 Sed

62 2604 143 2660 tatum
162 2601 233 2672 boc,
251 2602 389 2682 jndices,
407 2607 440 2664 in
460 2625 497 2664 ea
508 2604 579 2681 snit
590 2606 727 2684 poectum
744 2622 865 2682 semper
881 2603 1006 2663 'rats'ona
1022 2605 1117 2679 atque
1132 2603 1298 2674 sententia,

64 2711 94 2762 nt
108 2726 188 2784 qrsnm
199 2709 353 2788 jassasset
360 2711 497 2790 papulas
514 2711 676 2772 Romanas
694 2709 829 2797 aliquid,¹
840 2712 871 2769 si
885 2708 919 2768 id
936 2705 1142 2770 adscivissent
1154 2710 1231 2768 socii
1240 2728 1299 2788 po-

63 2813 165 2887 puline
185 2815 306 2888 Latini,
332 2824 376 2888 et,
395 2817 426 2879 si
439 2837 477 2878 aa
505 2803 571 2890 lea,
597 2837 691 2896 qaam
708 2815 981 2886 annotaremus,
1002 2813 1112 2877 eadem
1132 2815 1165 2874 in
1182 2817 1299 2896 populo

66 2918 157 2997 als'qaa,
177 2930 337 3004 tamqnam
352 2927 385 2986 in
398 2925 524 3004 fanda,
545 2925 711 2988 resedisset
717 2944 729 2995 ,·
747 2917 785 2982 nt
806 2929 874 2982 tam
895 2921 964 3000 lege
988 2921 1097 2982 eadam
1114 2924 1249 3001 populns
1270 2926 1298 2984 is

65 3031 220 3092 teneretur:
237 3050 317 3104 aaa,
334 3051 377 3092 nr
396 3051 443 3092 nn
462 3049 587 3092 masana
605 3049 693 3090 suan
711 3045 856 3100 ananan
878 3045 1169 3100 ermerannus,
1188 3029 1246 3089 sed
1262 3038 1299 3090 nt

66 3131 108 3190 illi
115 3139 213 3215 papali
225 3147 284 3198 nat
299 3139 378 3218 jare
397 3159 441 3212 eo,
457 3138 540 3218 qaod
555 3158 576 3196 a
590 3137 676 3198 nodas
693 3141 776 3196 esset
791 3136 1006 3223 oomtitntam,
1024 3141 1082 3192 ant
1097 3135 1202 3214 aliqua
1216 3156 1299 3198 com·

65 3239 138 3310 'toda
154 3251 183 3304 et
196 3245 345 3324 beneficae
359 3252 536 3306 uterentur.
562 3243 646 3306 tntis
664 3243 752 3324 apud
769 3243 905 3322 majores
923 3246 1046 3300 nostras
1062 3239 1162 3319 legem
1183 3241 1216 3300 0.
1228 3242 1297 3302 aa·

64 3350 120 3407 nas
138 3350 171 3410 de
191 3355 400 3423 testamentis,
421 3353 494 3412 talit
516 3349 552 3426 Q.
575 3349 727 3410 Vocoas'sss
748 3349 788 3410 de
808 3349 973 3409 molieram
991 3345 1229 3411 hereditatibus:
1249 3351 1297 3408 in·

64 3458 252 3518 numerabiles
265 3459 348 3518 aliae
359 3459 445 3538 leges
459 3458 498 3518 de
506 3457 683 3538 jarecivili
690 3463 766 3516 sant
776 3456 877 3535 latae:
893 3455 987 3533 (qaas
999 3452 1113 3513 Latini
1122 3454 1298 3526 voluerant,

64 3559 268 3638 adsaberant).
292 3561 499 3649 Quicumque
523 3584 604 3647 ergo
627 3559 743 3646 populi
766 3560 860 3646 leges
874 3559 1041 3622 Romanas
1058 3559 1297 3641 adsciscebant,

64 3671 91 3724 et
106 3666 139 3727 iis
159 3669 425 3752 subscribebant,
441 3670 574 3755 illisque
596 3671 630 3732 in
647 3668 836 3733 civitatibus
858 3666 922 3730 suis
941 3668 1129 3749 utebantur,
1151 3667 1176 3730 ii
1192 3685 1297 3732 rUNnt

66 3768 118 3834 dici
131 3777 295 3860 solebant,
317 3799 385 3841 non
401 3800 420 3840 a
438 3786 525 3842 statu
541 3776 702 3863 quodam,
719 3775 775 3839 vel
795 3773 1004 3855 conditione,
1021 3773 1296 3859 quemadmodum

65 3907 336 3931 ἣ--ῇ-

121 3981 147 4045 a]
164 3981 299 4050 Loquitur
317 3967 452 4048 Ulpianus
469 3981 514 4034 hio
538 3987 566 4034 et
582 3980 611 4034 in
628 3983 690 4034 loco
708 3997 765 4048 seq.
785 3966 899 4047 (XXII.
916 3979 957 4046 3.)
978 3979 1012 4031 de
1034 3979 1139 4032 Latinis
1156 3978 1297 4042 sustenta

66 4064 145 4116 caeteri
161 4066 231 4118 cuim
250 4065 342 4120 Latini
360 4069 440 4134 plena
451 4066 539 4134 gavisi
556 4073 621 4118 sunt
637 4063 916 4119 testamentifecbone.
941 4061 1005 4116 Vin.
1028 4063 1062 4115 de
1080 4064 1200 4132 savigny
1217 4064 1246 4116 in
1271 4065 1298 4117 d.
1388 4108 1392 4116 .

66 4141 173 4202 baala
182 4151 211 4218 s.
227 4151 316 4220 pescle.
335 4151 372 4204 R.
397 4153 436 4206 W.
453 4153 484 4205 Τ.
502 4153 538 4205 V.
555 4167 583 4218 p.
600 4155 661 4204 2³2.
680 4167 754 4203 num.
770 4154 798 4202 6.
816 4148 903 4202 ΜϋΙιὶ.

120 4233 148 4300 b)
167 4236 269 4298 Quaeri
287 4239 365 4301 solet,
383 4253 417 4290 an
436 4253 539 4301 omnes,
551 4237 652 4305 quibus
666 4234 714 4308 jus
729 4232 851 4298 suffragii
869 4233 971 4300 datum,
991 4233 1096 4300 legibus
1108 4231 1166 4288 suis
1178 4232 1297 4298 spoliati,

65 4318 92 4378 ils
107 4323 133 4368 ut
144 4321 237 4390 populi
244 4323 333 4390 fandi
348 4323 451 4384 fierent,
470 4319 558 4373 coacti
576 4321 646 4373 sinti
664 4319 799 4372 Adfirmat
816 4317 909 4384 Sigon
927 4319 959 4372 da
977 4319 1084 4387 antique
1092 4319 1160 4388 jnre
1174 4318 1238 4370 Ital.
1255 4320 1297 4372 ΙΙ.

65 4399 84 4446 7·
99 4400 146 4455 Sed
162 4406 227 4472 quid
245 4406 367 4460 dicemus
386 4409 420 4460 de
438 4406 578 4470 Puteolis,
596 4405 672 4474 quod
689 4405 875 4472 municipium,
894 4404 1093 4472 quantitasne
1111 4402 1207 4470 fuerit,
1229 4408 1298 4456 teste

66 4479 177 4540 Cicerone
190 4509 242 4560 pra
263 4493 335 4546 Cael.
354 4512 376 4546 e.
397 4499 437 4546 ll.
456 4507 508 4545 suo
532 4498 622 4544 tamem
635 4491 700 4557 jure
722 4489 901 4557 libertateque
917 4490 957 4542 uti
975 4489 1075 4542 dicitur
1092 4488 1180 4542 eidem
1198 4489 1299 4556 Aprar.

67 4563 97 4617 H·
112 4574 150 4623 31.
167 4573 244 4630 Gont'.
269 4578 415 4632 Sohnartz.
436 4579 545 4648 dejure
563 4577 625 4630 Ital.
642 4577 665 4644 t.
684 4581 710 4630 b.
726 4593 754 4644 p.
775 4580 816 4628 14.
834 4591 873 4643 sq.
892 4575 972 4627 Heia.
1013 4633 1015 4637 ἁ

1039 4657 1102 4720 19*
