3062 5156
327 388 381 458 lln
406 389 582 460 Excussa.
606 389 743 456 Toron.
760 355 847 458 *Van
871 388 1007 460 Cunna.
1211 343 1296 466 „ala

57 568 171 653 accepit
192 566 330 633 Verrius
353 567 491 630 Flaccus
513 567 572 628 sub
593 566 746 651 Augusto
769 575 803 630 et
823 562 982 630 Tiberio:
1006 567 1098 632 Suet.
1120 571 1160 632 de
1178 567 1297 635 Illustn

59 683 182 740 aruum.
194 675 246 738 17.
269 675 396 738 Postea
417 675 536 738 sensim
552 674 706 755 invaluit,
724 681 759 737 ut
775 681 810 736 et
826 672 1039 740 Grammatici
1055 675 1196 760 publicis
1210 679 1296 742 invi·

57 787 107 851 tati
125 783 297 868 stipendiis
316 783 493 846 docerent:
510 781 587 844 Ael.
607 781 772 866 Spartian.
794 782 853 842 Va.
871 781 977 843 Hadr.
996 782 1047 844 17.
1068 784 1154 847 adeo
1176 793 1213 848 ut
1238 786 1295 848 sti·

57 893 200 979 pendium
233 912 345 955 eorum
386 889 588 952 ordinarium
622 889 826 972 temporibus
864 888 1002 952 Luciani
1037 900 1147 954 essent
1187 889 1294 973 primm

57 1004 173 1088 δραχμαί
179 1048 189 1083 ,
206 1001 315 1082 idest,
338 998 490 1062 sestertia
505 996 734 1082 quadraginta,
751 996 843 1058 aurei
856 997 1107 1082 quadringenti,
1128 999 1183 1062 vel
1203 999 1295 1064 mille

57 1109 191 1172 coronati
215 1113 369 1171 monetae
390 1105 561 1190 Belgicae.
582 1105 661 1168 Vid.
683 1103 830 1168 Gronov.
855 1105 894 1166 de
913 1127 1024 1186 pecua.
1040 1107 1183 1170 amau.
1198 1108 1256 1170 IV.
1270 1129 1296 1172 c.

55 1218 98 1279 ll.
109 1239 138 1298 p.
150 1215 222 1278 729.
244 1215 317 1279 Imo
337 1222 371 1278 et
391 1232 523 1277 annona
539 1213 580 1276 iis
599 1213 775 1296 quotannis
794 1211 908 1296 coepit
929 1211 1098 1293 distribui,
1117 1235 1214 1298 quarn
1234 1215 1297 1280 ali-

56 1326 173 1410 quoties
188 1323 228 1386 iis
244 1323 445 1387 deminutam
461 1322 713 1404 restitutamque
727 1339 809 1401 esse,
826 1327 920 1403 patet
939 1341 983 1382 ex
998 1320 1183 1406 Symmachi
1195 1324 1296 1404 Epist.

55 1435 77 1494 I.
94 1432 139 1494 bl.
160 1431 348 1494 Cassiodor.
366 1431 467 1514 uper.
487 1429 545 1491 IX.
566 1429 617 1492 21.
636 1437 673 1494 ut
698 1438 732 1492 et
753 1430 789 1491 L.
809 1427 859 1492 11.
886 1428 918 1492 O.
944 1429 1057 1492 Theoti.
1079 1431 1119 1492 de
1137 1430 1248 1494 Medic.
1265 1439 1296 1496 et

55 1541 220 1619 Professor.
235 1539 304 1602 rat.
323 1539 416 1604 XIII.
436 1537 493 1602 tu.
508 1539 570 1601 ΙΙΙ.

618 1693 648 1773 5.
669 1691 721 1754 17.

518 1807 657 1875 Proferrio
675 1807 826 1862 rhetorices.

127 1910 237 1974 Serius
263 1908 469 1995 multo„imo
494 1916 528 1971 et
550 1909 716 1973 difficilius
739 1909 869 1972 Romae
894 1909 1022 1994 recepti
1045 1918 1118 1973 sunt
1135 1908 1296 1996 rhetores,

56 2019 167 2103 quippe
190 2039 273 2102 quos
297 1993 393 2081 anno·
403 2013 444 2080 U.
465 2016 501 2079 C.
524 2035 627 2080 nxcu.
646 2015 683 2078 C.
700 2017 830 2079 Fannio
852 2016 1017 2082 Strabone
1039 2025 1076 2082 et
1092 2018 1138 2080 M.
1155 2019 1296 2084 Valerio

54 2125 186 2190 Messala
205 2125 297 2188 Coss.
312 2124 416 2200 SCt03
434 2125 556 2188 deinde
572 2144 658 2187 anno
673 2123 714 2186 U.
730 2123 767 2186 C.
782 2141 895 2187 nchl.
913 2147 933 2186 a
946 2123 982 2186 C.
993 2125 1144 2188 Domitio
1157 2126 1297 2192 Aheno-

55 2235 148 2296 barbo
166 2242 200 2296 et
215 2234 253 2295 L.
269 2233 401 2318 Licinio
419 2232 536 2296 Crasso
553 2232 704 2294 censorio
723 2230 845 2311 edicto,
861 2233 941 2293 urbe
959 2233 1114 2316 expulsos
1130 2254 1200 2296 esse
1217 2257 1296 2299 con-

54 2351 122 2405 stat:
143 2341 234 2404 Suet.
253 2343 292 2402 de
314 2344 390 2403 clar.
411 2343 504 2403 Rhet.
517 2341 546 2402 1.
578 2339 703 2402 Postea
724 2346 759 2400 et
779 2338 978 2402 rhetoricam
999 2340 1152 2424 privatim
1174 2340 1296 2406 docere

54 2457 226 2534 coeperunt
244 2447 374 2532 plures,
393 2469 529 2532 quorum
555 2448 683 2532 aliquot
704 2454 854 2512 recenset
873 2447 1009 2509 Sueten.
1027 2449 1066 2508 de
1082 2449 1158 2522 clar.
1173 2449 1252 2512 rhet.
1267 2449 1296 2514 3.

53 2581 90 2640 sq.
105 2559 245 2640 PrimuS,
264 2564 302 2618 ut
320 2556 441 2619 diserte
461 2561 556 2618 notat
571 2555 690 2617 Euseb.
710 2558 742 2615 in
763 2555 875 2616 caron.
889 2577 920 2616 n.
935 2577 1063 2620 rrum.
1080 2555 1214 2640 publice
1226 2557 1297 2621 Ro·
1379 2589 1385 2600 ¹

54 2689 118 2728 mac
139 2665 270 2747 docuit,
293 2664 512 2748 salariumque
538 2684 556 2724 e
581 2663 659 2726 fisco
685 2661 813 2746 accepit
835 2659 1093 2745 Quinctilianus,
1118 2665 1212 2751 isque
1236 2669 1296 2731 sub
1346 2659 1353 2680 '

54 2774 248 2838 Domitiano.
279 2771 327 2834 At
348 2773 419 2858 jam
449 2770 690 2854 Vespasianum
718 2768 845 2832 Latinis
874 2769 1079 2858 Graecisque
1109 2773 1296 2838 rhetoribus

54 2905 151 2946 annua
166 2889 324 2961 centena,
342 2880 377 2943 id
397 2888 462 2960 est,
481 2900 598 2941 aureos
614 2877 704 2940 mille
726 2877 839 2938 efisco
859 2879 1080 2962 constituisse,
1096 2880 1198 2945 tradit
1213 2883 1298 2948 Sue-

53 2997 110 3053 ton.
130 2992 260 3071 Vesper.
280 3009 307 3050 c.
322 2987 373 3082 18.
403 2985 613 3051 Posteriores
630 2985 851 3068 Imperatores
875 3004 914 3046 ea
934 2985 968 3046 in
993 3007 1028 3047 re
1047 2989 1146 3051 modo
1174 2991 1298 3056 libera-

52 3097 159 3180 liores,
179 3096 282 3159 modo
302 3097 487 3159 tenaciores
502 3095 644 3158 fuerunt.
669 3093 736 3156 Sub
753 3093 868 3156 Marco
884 3092 972 3156 enim
988 3093 1155 3160 rhetorum
1170 3100 1298 3183 stipen-

53 3206 134 3269 dium
152 3205 249 3268 fuere
273 3202 497 3267 drachmarum
522 3201 637 3264 decem
659 3199 780 3263 millia:
805 3201 1296 3284 Lucian.Eumtch.p161.lt

53 3313 99 3374 IV.
119 3315 155 3377 id
175 3322 244 3393 est,
266 3313 357 3374 aurei
377 3329 560 3374 cccxxxur.
580 3318 614 3371 et
638 3307 770 3392 regales
789 3311 846 3371 IV.
864 3317 900 3372 ut
915 3309 1060 3372 rationes
1082 3309 1145 3372 init
1166 3311 1299 3376 Theod.

52 3419 169 3484 Marcil.
184 3414 234 3484 ‘ad
250 3420 341 3482 Suet.
363 3419 452 3502 Vesp.
467 3442 493 3480 c.
507 3418 557 3480 18.
574 3415 629 3479 vel
645 3434 749 3498 occa,
768 3419 816 3479 uti
837 3417 1034 3481 Gronovius.
1053 3417 1225 3502 Tatianus,
1241 3423 1298 3508 qui

52 3528 101 3589 sub
122 3527 311 3592 Commodo
333 3525 461 3606 floruit,
491 3531 665 3588 sexcentos
689 3545 806 3588 aureos
825 3525 1030 3611 philosophis
1052 3526 1164 3591 scribit
1193 3529 1299 3612 datos,

53 3655 88 3696 cx
102 3658 168 3720 quo
194 3645 230 3699 et
248 3633 367 3697 salaria
382 3632 548 3697 rhetorum
567 3627 800 3711 sexcentorum
820 3655 992 3696 aureorum
1008 3633 1109 3698 fuisse
1129 3635 1299 3702 videntur:
1385 3686 1392 3693 -

52 3739 173 3806 Theod.
190 3741 323 3805 Marcil.
341 3744 385 3804 ad
401 3743 487 3804 Suet.
512 3743 638 3824 Vesper.
658 3744 678 3801 l.
695 3763 720 3803 c.
750 3741 822 3805 Imo
842 3741 1022 3804 Eumenius
1042 3742 1156 3807 rhetor
1175 3744 1300 3809 libera-

51 3847 135 3913 litate
159 3845 329 3934 Principis
347 3850 499 3914 salarium
521 3856 753 3937 sexcentorum¹
775 3849 913 3912 millium
938 3869 1102 3913 nummum
1124 3874 1195 3914 sese
1212 3853 1299 3914 acci-

52 3977 122 4038 pere
143 3957 321 4043 gloriatur,
337 3958 370 4019 in
390 3960 480 4020 Orat.
500 3978 559 4038 pro
581 3959 828 4032 retractator.
847 3957 897 4018 11.
914 3957 970 4039 qui
987 3978 1030 4018 ex
1046 3957 1209 4023 Gronovii
1230 3959 1300 4023 cal-

53 4065 117 4128 culo
133 4065 317 4130 conficiunt
337 4065 437 4142 XLV
446 4063 550 4127 millia
565 4063 762 4126 florenorum
780 4063 1068 4128 Hellandicorum.

648 4289 655 4304 .
676 4242 727 4304 18.
820 4243 822 4252 ‘

502 4244 644 4426 Proferri}
657 4359 847 4428 philosophice.

126 4460 255 4523 Eadem
278 4479 387 4542 paene
405 4457 535 4523 Romae
558 4461 830 4544 philosophorum
855 4461 923 4524 fata
944 4459 1087 4523 fuerunt.
1114 4461 1144 4524 Ii
1167 4481 1300 4548 quoque

54 4583 117 4628 cum
143 4567 335 4632 rhetoribus
358 4566 445 4652 pulsi
463 4569 505 4631 A.
521 4567 563 4630 U.
580 4565 617 4632 Ο.
638 4583 743 4632 nucu.
774 4568 868 4632 Idem
890 4568 1020 4651 saepius
1040 4569 1180 4655 factum,
1202 4591 1302 4654 quum
