3130 5148
529 374 890 450 ‚rnooanrnm
1324 363 1346 429 5

88 530 209 593 Naevis
222 539 339 593 tamen
357 549 413 592 eas
429 550 494 592 non
512 529 665 610 caruisse,
678 529 855 592 ostendere
868 531 979 592 conati
995 537 1068 594 sunt
1079 530 1262 594 Favorinus
1273 531 1348 614 phi-

87 636 244 720 losophus
266 636 356 720 apud
375 636 464 700 Gell.
480 637 585 700 Nom.
605 641 674 700 Act.
695 634 769 700 XX.
786 637 816 701 1.
839 647 874 702 et
893 635 1048 701 Thomas.
1068 639 1107 700 de
1126 643 1235 702 naevia
1243 641 1347 720 juria-

86 746 173 825 prud
185 745 280 806 Rom.
290 747 485 827 Anapias.
499 750 527 807 1.
537 745 570 809 ἲ.
583 751 618 808 et
633 747 804 808 Dissertat.
819 747 946 808 aduena
952 766 986 828 p.
998 741 1069 808 158.
1079 767 1123 828 sq.

680 890 709 974 ς.
730 889 760 954 s.

483 1005 585 1060 Earum
602 1008 725 1060 interitus
743 1015 769 1058 et
786 1007 954 1060 restauratio.

141 1139 146 1142 ·
167 1103 334 1184 Quamvis
349 1096 430 1171 vcrd
444 1106 508 1171 hae
523 1105 618 1190 leges
633 1104 872 1170 decemvirales
892 1107 1013 1171 tabulis
1035 1107 1148 1172 aeneis
1165 1113 1204 1192 ¹¹¹)
1231 1109 1347 1174 inscri-

88 1217 247 1279 berentur
262 1237 283 1277 a
297 1213 469 1296 Romanis,
490 1213 629 1298 Dionys.
640 1209 813 1276 Halicarn.
824 1211 1105 1278 Anastasianas.
1121 1223 1156 1277 et
1170 1215 1246 1280 loco
1259 1215 1347 1279 urbis

89 1321 319 1404 celeberrimo,
335 1321 370 1387 id
387 1330 447 1405 est,
461 1343 522 1407 pro
534 1321 658 1404 rostris,
671 1320 896 1405 adligarentur
905 1323 938 1386 in
950 1331 1144 1406 perpetuam
1161 1323 1209 1386 rei
1223 1345 1348 1386 memo·

88 1429 186 1493 riam:
207 1427 595 1510 (Liv.111.57.Di0d0r.
611 1427 711 1491 Sicul.
731 1427 877 1490 Biblioth.
895 1429 973 1492 XII.
986 1427 1054 1510 26.)
1075 1451 1161 1492 anno
1178 1438 1287 1494 tamen
1304 1431 1347 1496 V.

89 1535 123 1600 C.
135 1553 292 1600 ccccxlv.
309 1533 485 1600 Gallicano
501 1533 657 1598 incendio
681 1555 834 1597 unacum
858 1533 930 1618 ipsa
952 1535 1034 1598 urbe
1052 1535 1233 1620 perierunt,
1251 1539 1348 1603 resti-

89 1652 177 1708 tutae
194 1641 384 1728 paullatim,
404 1643 595 1728 conquisitis
610 1641 757 1728 undique
780 1639 972 1726 fragmentis
994 1652 1029 1707 et
1050 1645 1260 1731 apographis.
1275 1647 1349 1711 Liv.

94 1753 145 1816 VI.
159 1752 190 1816 1.
206 1749 347 1836 Postea,
365 1759 400 1814 ut
416 1772 457 1813 eo
473 1751 578 1814 minus
595 1758 682 1815 esset
697 1771 753 1813 eas
766 1750 939 1814 amittendi
953 1751 1146 1835 periculum,
1163 1774 1230 1818 non
1243 1753 1347 1816 solum

89 1859 153 1924 aeri
175 1857 425 1940 incidebantur,
457 1857 490 1922 in
514 1879 580 1944 quo
603 1857 704 1922 tertio
729 1855 841 1922 seculo
869 1855 1058 1924 Christiano
1084 1859 1192 1923 adhuc
1213 1861 1348 1946 publica

90 1967 265 2031 exstabant
282 1974 368 2030 teste
392 1963 559 2050 cypriano
580 1967 681 2048 Epist.
699 1964 918 2029 mavemur
941 1963 1040 2029 etiarn
1070 1969 1181 2053 pueris
1203 1968 1282 2053 ipsis
1306 1969 1347 2032 ab

89 2073 297 2138 incunabulis
309 2073 508 2138 ediscendae
523 2071 806 2157 proponebantur.
822 2077 854 2153 ¹¹)
874 2071 993 2136 Cicero
1004 2075 1044 2136 de
1055 2075 1151 2158 legg.
1163 2079 1209 2136 11.
1221 2075 1242 2136 4
1254 2084 1288 2139 et
1296 2075 1348 2140 21.

88 2181 329 2248 Verumtamen
344 2202 387 2244 ne
403 2181 449 2244 sic
469 2180 602 2266 quidem
618 2187 761 2244 aetatem
778 2178 855 2243 tulit
875 2179 1112 2243 nobilissimum
1135 2181 1220 2245 illud
1235 2182 1348 2268 legum

90 2287 360 2354 decemviralium
376 2309 504 2372 corpus,
520 2288 610 2374 quod
619 2287 690 2373 jam
707 2288 786 2352 inde
803 2286 947 2350 aseculo
958 2287 1019 2351 Vl.
1034 2287 1182 2372 periisse,
1198 2310 1264 2352 non
1277 2289 1348 2352 sina

89 2401 219 2462 ratione
237 2395 460 2460 existimamus
475 2399 518 2478 ⁰).

91 2601 229 2665 modorus,
249 2597 298 2670 qui
311 2599 422 2666 Epheso
434 2601 530 2664 pulsus
548 2599 576 2652 in
594 2595 674 2652 ltalia
686 2597 838 2662 exsulabat,
850 2597 994 2652 viscerum
1006 2598 1126 2653 civilium
1141 2601 1222 2668 longe
1240 2599 1347 2668 peritis-

91 2688 186 2740 simus:
201 2687 235 2737 L.
243 2686 299 2752 Μ.
312 2690 338 2739 4.
351 2683 388 2738 D.
400 2685 431 2736 da
446 2683 478 2736 0.
490 2685 519 2736 J.
534 2683 630 2737 &rabo
642 2683 694 2736 XI
697 2683 724 2735 V.
736 2690 759 2747 i,
768 2687 812 2737 25·
824 2683 926 2736 Hister.
938 2695 1030 2738 acmo
1038 2685 1100 2754 jar.
1110 2687 1159 2737 cic.
1172 2685 1248 2739 Mb.
1265 2685 1347 2738 Heia.

155 2772 200 2838 m)
221 2767 396 2836 Pomponius
410 2770 444 2822 L.
462 2772 488 2822 2.
505 2763 527 2836 §L
544 2773 571 2822 4.
587 2769 623 2820 D.
645 2767 677 2819 ds
700 2767 775 2836 Θήρ.
784 2769 846 2836 jur.
863 2768 987 2824 meminit
1010 2770 1163 2824 tabularum
1182 2768 1348 2834 aborsus-vm,

92 2858 145 2919 vel,
159 2861 191 2907 ut
208 2854 259 2906 alii
277 2856 366 2922 legere
383 2855 496 2915 malunt,
514 2850 701 2914 roborem-um,
720 2851 795 2919 quod
809 2867 875 2903 sanc
894 2853 1099 2907 convenientius
1117 2854 1224 2908 videtur
1243 2853 1349 2921 priscus

91 2943 282 2994 Romanorum
299 2937 460 3005 paupertati.
479 2937 535 2990 Sed
546 2937 639 2988 forsan
650 2936 702 2987 hac
720 2937 793 3001 leges
811 2935 839 2988 in
853 2937 953 2990 tabulis
965 2937 1083 2990 roboreis
1094 2939 1212 3005 primurn
1227 2942 1350 3006 promul-

91 3033 175 3091 gatae,
194 3040 229 3076 ac
246 3023 319 3088 dein,
331 3021 379 3076 ubi
393 3023 513 3088 populas
530 3021 653 3087 sasima
670 3019 794 3085 sciverat,
812 3023 854 3074 vei
872 3021 988 3086 eboreis,
1005 3023 1048 3074 vel
1066 3024 1157 3076 aeneis
1170 3024 1288 3088 demum,
1306 3024 1349 3076 in·

92 3109 207 3176 scriptae
226 3113 301 3160 sunt.
327 3109 399 3162 Sane
417 3105 487 3160 Anci
507 3105 606 3158 Marcii
624 3105 712 3157 adhuc
736 3105 904 3174 temporibus
922 3107 995 3171 leges
1020 3105 1131 3161 inscribi
1148 3114 1349 3162 consueverunt

91 3195 190 3246 tabulis
210 3193 331 3261 quernis,
351 3196 481 3259 notatque
498 3189 614 3260 Dionys.
627 3189 766 3243 Halicarn.
778 3187 837 3240 Lib.
848 3187 905 3242 III.
915 3194 958 3243 ³6.
969 3187 1085 3253 χάλκεαι
1098 3189 1149 3256 γάρ
1163 3189 1258 3256 στῆλαι
1271 3186 1347 3242 οὔπω

92 3283 154 3330 κοτὲ
167 3270 247 3344 ἦσαν,
262 3276 393 3344 (nondam
403 3277 471 3327 enim
480 3284 534 3327 tum
544 3284 622 3328 erant
630 3275 766 3327 columnae
781 3276 899 3342 aereae.)
911 3276 960 3327 Ge.
973 3273 1114 3328 Schubara
1125 3273 1157 3326 de
1166 3275 1228 3327 Far.
1230 3275 1349 3344 jurispr.

93 3363 170 3416 Rom.
184 3361 284 3413 Rem.
298 3360 340 3414 ΙΙ.
352 3363 396 3414 85.
409 3361 489 3412 Heia.
504 3358 625 3412 Omnino
638 3359 712 3424 apud
722 3358 906 3424 Pomponium
921 3375 972 3426 pro
986 3359 1087 3412 choreas
1099 3361 1244 3426 legendum
1256 3359 1350 3414 aereis.

92 3447 190 3500 Secum
210 3447 290 3498 tertio
304 3445 459 3500 Christiano
473 3445 562 3498 adhuc
579 3443 716 3496 exstitisse
734 3444 841 3496 tabulas
859 3460 960 3510 aereas,
978 3461 1034 3500 non
1053 3445 1151 3511 probat
1162 3449 1238 3500 locus
1251 3444 1349 3512 Cypri·

92 3531 143 3595 ani,
162 3533 228 3584 licet
246 3531 315 3584 illud
333 3546 384 3598 pro
403 3536 476 3582 certo
498 3526 637 3581 venditent
653 3527 761 3580 eruditi.
780 3528 863 3580 Cana.
888 3530 1012 3582 Aliorum
1026 3530 1107 3583 etiam
1125 3532 1175 3584 hac
1187 3532 1221 3583 de
1239 3548 1268 3584 re
1286 3547 1348 3584 sen-

93 3617 188 3670 sentias
209 3607 319 3682 cdlleglt
334 3617 470 3668 Zimmera
482 3614 580 3666 Gesch.
598 3612 624 3664 d.
643 3627 666 3664 r·
679 3609 713 3663 R.
726 3613 748 3663 Ι.
767 3613 788 3678 ξ.
803 3617 845 3664 31.
863 3618 919 3666 not.
933 3619 956 3666 1.
976 3613 1063 3666 Mill.

157 3703 193 3767 n)
216 3686 314 3754 Pueris
334 3698 496 3752 ediscendae
517 3703 594 3751 erant
610 3699 662 3750 hae
679 3695 803 3756 tabulae,
824 3694 902 3764 isque
920 3712 980 3751 mos
998 3699 1103 3752 mmdiu
1121 3695 1242 3758 duravit,
1260 3696 1349 3748 donec

92 3786 147 3852 lege
164 3785 297 3838 Cornelia
314 3787 459 3838 Praetores
480 3800 516 3836 ex
534 3782 628 3836 edictis
646 3781 785 3850 perpetuis
802 3781 850 3848 jus
869 3782 958 3836 dicere
973 3783 1143 3850 juberentur.
1161 3783 1206 3836 Ex
1224 3795 1257 3832 eo
1275 3779 1348 3834 enim

93 3875 212 3936 tempore
225 3870 300 3937 juris
320 3868 412 3922 studia
429 3885 485 3922 non
499 3883 516 3919 a
528 3867 633 3934 legibus
645 3868 705 3920 x11
720 3868 880 3931 tabularum,
901 3868 950 3920 scd
969 3868 1135 3922 aPraetoris
1153 3866 1241 3918 edicto
1256 3864 1348 3929 auspi·

93 3955 222 4008 cabantur
239 3955 437 4016 adolescentes,
452 3957 483 4004 ut
494 3968 530 4004 ex
543 3953 627 4006 Cicer.
640 3955 671 4005 de
686 3955 769 4020 chq.
783 3950 807 4002 I.
823 3956 847 4003 5.
862 3951 967 4004 erudite
984 3952 1104 4005 ostendit
1116 3955 1149 4006 V.
1163 3952 1194 4004 C.
1208 3951 1261 4001 Iac.
1272 3948 1348 4000 Peri·

93 4039 186 4091 eonius
208 4039 279 4091 Dias.
299 4039 332 4090 de
350 4037 421 4105 [ιρι
445 4037 538 4089 Vocon.
554 4055 582 4106 p.
604 4041 662 4091 19³.
681 4033 761 4088 Heia.

159 4123 192 4190 ο)
212 4123 415 4176 Rittershusius
430 4124 467 4175 ad
481 4122 549 4175 XII
561 4119 624 4173 Ταῦ.
636 4139 664 4189 p.
679 4124 719 4174 13.
736 4121 844 4174 tabulas
861 4122 911 4173 has
930 4120 1044 4185 periisse
1055 4125 1133 4186 putat
1149 4119 1201 4171 aab
1219 4115 1348 4183 irruptio-

93 4225 151 4261 nem
164 4211 330 4262 Gothorum.
349 4209 386 4260 At
401 4210 492 4260 seculo
510 4208 599 4262 adhuc
611 4204 760 4260 lastiniani
778 4204 876 4270 integri
891 4204 1055 4258 exstiterunt
1067 4201 1260 4256 Commentarii
1276 4201 1347 4267 Gaji,

94 4293 188 4360 quibus
207 4295 347 4359 integrum
362 4291 422 4342 XII
437 4291 589 4344 tabularum
608 4296 712 4343 textum
730 4289 863 4342 insertum
881 4289 974 4351 fuisse,
992 4305 1026 4340 ex
1045 4286 1211 4352 fragmentis,
1230 4304 1300 4356 quae
1319 4286 1347 4340 in
1404 4314 1406 4319 .

93 4375 206 4444 Digestis
226 4377 334 4446 passim
357 4382 482 4442 exstant,
507 4375 573 4430 satis
591 4375 758 4441 intelligitur.
785 4373 865 4428 Heia.
893 4376 934 4428 Ci.
954 4371 1095 4426 Dirksenii
1119 4387 1189 4439 opus
1204 4387 1272 4424 mox
1289 4372 1348 4422 lau·

94 4459 168 4515 dand.
186 4480 213 4531 p.
234 4469 257 4516 l.
278 4459 369 4514 asiis.
