3030 5160
378 377 435 452 lis
459 382 658 452 vaesanas
682 379 990 452 Ouaronrronrnos.
1243 388 1313 460 stt

36 560 126 644 peti
144 567 290 645 poterat:
306 558 355 624 sin
373 555 522 640 indiam,
539 559 610 640 dies
625 557 758 642 quidem
773 559 881 622 statim
898 555 1051 638 cedebat,
1063 557 1121 622 sed
1133 579 1199 624 non
1211 561 1311 644 prius,

36 689 154 752 quarn
175 667 338 748 venisset,
361 666 553 749 promissum
575 675 708 750 poterat
732 665 833 750 exigi.
855 663 891 727 st
914 664 973 728 sub
993 665 1200 730 conditione:
1224 669 1312 733 exsi-

34 783 164 838 stente
186 774 315 838 demum
337 773 530 838 conditione
551 774 819 838 committebatur
839 772 1021 856 stipulatio.
1042 771 1079 835 Si
1101 771 1193 836 locus
1216 774 1311 839 deni-

37 903 120 966 que
140 883 280 944 insertus
295 881 518 964 stipulationi:
538 888 665 944 tantum
681 890 810 965 tempus
831 879 1039 964 promittenti
1060 882 1309 947 concedendum

36 997 146 1069 erat,
171 997 327 1071 quantum
352 987 501 1052 sufficere
525 987 701 1052 videbatur
726 987 768 1052 ad
797 1007 866 1051 rem
893 1009 934 1050 eo
961 987 1038 1052 loco
1064 991 1309 1072 praestandam:

36 1098 76 1178 g.
93 1096 128 1157 2
144 1095 175 1156 4.
189 1095 220 1156 5.
235 1096 313 1158 [nst.
327 1096 367 1157 da
387 1095 422 1156 V.
442 1097 478 1157 0.

630 1211 659 1293 ς.
682 1209 733 1274 13.

39 1327 96 1380 Au
114 1335 219 1380 certam
237 1335 338 1395 tmpus
355 1325 480 1396 eupatori
496 1345 572 1380 nemo
593 1335 715 1396 poterat,
734 1325 780 1379 abi
795 1334 822 1377 et
839 1325 871 1377 de
893 1323 1103 1395 stipulaionilus
1120 1329 1310 1396 praeposteris.

135 1429 184 1491 At
194 1428 220 1490 si
238 1427 366 1511 itaquis
377 1427 550 1511 stipulatus
564 1436 666 1492 esset:
682 1429 796 1490 Decem
810 1447 924 1489 aureos
938 1449 1071 1502 annuos,
1081 1431 1185 1510 quood
1197 1433 1308 1502 vinum,

40 1539 132 1598 dure
158 1537 314 1617 mades?
341 1555 424 1618 pure
454 1533 538 1599 facta
562 1535 726 1619 obligatio
753 1533 947 1616 videbatur,
975 1544 1009 1598 et
1032 1536 1309 1618 perpetuabatur:

42 1643 183 1728 petenti
205 1650 315 1704 tamen
332 1641 488 1725 exceptio
513 1643 603 1727 pacti
623 1643 749 1726 opponi
768 1649 911 1726 poterat.
932 1641 988 1705 Ad
1008 1651 1137 1726 tempus
1160 1644 1247 1706 enim
1266 1666 1309 1707 cx

42 1749 224 1834 principiis
238 1748 323 1832 juris
338 1748 482 1812 Romani
499 1748 615 1813 deberi
639 1771 706 1814 non
721 1757 868 1834 poterat:
888 1750 917 1830 §.
934 1748 965 1813 3.
985 1752 1064 1814 lmt.
1082 1751 1147 1813 eod.
1169 1751 1309 1814 Inutiles

42 1878 154 1940 porro
184 1865 278 1919 erant
303 1855 549 1940 stipulationes:
584 1872 669 1922 rosr
701 1873 845 1922 norrun
871 1872 969 1920 nanu
998 1873 1063 1920 vm.
1095 1873 1191 1920 runn
1218 1875 1309 1924 unna

43 1968 222 2028 seonnnsi
252 1981 365 2026 rmum
393 1979 490 2040 onan
516 1979 942 2045 nonian,vannon1nn1s
969 1978 1060 2028 onas
1088 1969 1309 2046 sronnxsr)i

44 2071 138 2133 Nam
156 2068 246 2154 quod
263 2071 306 2133 ad
323 2070 467 2154 priorem
479 2071 609 2152 attinet,
625 2092 692 2134 non
711 2069 864 2134 ferebant
872 2070 958 2154 juris
973 2070 1117 2134 Romani
1133 2071 1308 2162 principia,

46 2185 87 2241 ut
104 2177 306 2266 obligatioa
321 2199 462 2260 persona
480 2178 611 2241 heredis
628 2177 804 2260 inciperet:
828 2177 865 2238 L.
881 2177 932 2240 ll.
950 2179 992 2238 Ι).
1010 2179 1049 2240 de
1070 2179 1135 2238 ott.
1152 2184 1309 2243 stretton.

48 2285 209 2369 Cujacius
232 2287 275 2346 od
291 2285 329 2345 L.
349 2284 422 2346 217.
445 2287 486 2346 Ι).
504 2286 544 2347 de
567 2285 602 2344 V.
623 2287 655 2344 S.
685 2284 858 2348 Posterior
876 2304 957 2346 vero
981 2281 1059 2346 ideo
1089 2304 1156 2346 non
1176 2294 1310 2370 poterat

47 2416 119 2458 non
140 2391 268 2456 inutilis
299 2412 389 2474 esse,
412 2393 489 2478 quia
515 2400 643 2476 tempus
671 2391 784 2454 mortis
810 2411 941 2474 semper·
960 2388 1121 2454 incertum
1145 2396 1210 2454 est:
1232 2391 1310 2478 Gaji

49 2502 131 2563 inat.
159 2501 203 2560 II.
225 2499 254 2560 9.
282 2499 312 2560 7.
334 2507 368 2561 et
390 2497 420 2561 8.
445 2501 595 2582 (genusii.
625 2496 982 2576 comment.lll.100.)
1018 2495 1139 2581 Aeque
1172 2498 1308 2564 inutiles

50 2616 151 2671 erant
170 2606 400 2692 stipulationes
422 2616 677 2692 praeposterae,
699 2606 816 2694 quibus
839 2614 950 2670 tamen
963 2604 1169 2668 Justinianus
1190 2605 1308 2669 itidem

48 2715 238 2799 perfectum
262 2716 364 2777 robur
386 2713 665 2778 adcommodavit:
687 2715 717 2796 ς.
736 2715 765 2777 4.
783 2717 861 2777 [nst.
878 2715 918 2776 de
936 2713 1041 2776 Inant.
1059 2716 1130 2794 stipa
1150 2711 1307 2801 Denique

48 2822 76 2886 si
94 2823 192 2908 quid,
208 2829 265 2884 aut
280 2821 368 2905 quod
383 2843 450 2886 non
466 2830 538 2886 erat
558 2822 593 2885 in
612 2841 720 2886 rerum
742 2829 876 2902 natura,
897 2820 953 2885 vel
974 2821 1008 2884 in
1028 2819 1235 2902 commercio,
1251 2828 1309 2884 aut

49 2930 110 2992 sub
129 2927 322 2993 conditione
345 2928 541 3018 impossibili
557 2927 827 3014 promittebatur:
843 2926 968 2990 inutilis
982 2935 1017 2990 et
1032 2927 1115 2990 haec
1132 2927 1307 2995 videbatur

49 3036 241 3121 stipulatio:
256 3037 285 3118 §.
301 3036 330 3100 1.
344 3036 374 3099 2.
391 3037 441 3099 10.
457 3039 535 3100 [nst.
551 3037 617 3098 eod.
636 3034 728 3117 (Gaj.
741 3034 804 3097 Ill.
815 3033 883 3116 98.)

505 3217 507 3222 ·
627 3185 656 3266 §.
678 3183 730 3246 14.

393 3299 534 3368 Stipatatb
552 3297 715 3369 supponebat
721 3301 825 3370 jactam
843 3315 970 3351 comeam.

137 3399 304 3484 Inprimis
320 3419 401 3464 vero
416 3402 657 3484 respiciebatur
671 3402 713 3464 ad
735 3390 887 3464 caussam.
900 3398 1029 3483 'Neque
1046 3396 1133 3460 enim
1152 3396 1186 3458 in
1201 3397 1307 3479 stipu-

51 3508 235 3572 lationibus
251 3506 322 3570 sola
337 3508 439 3572 verba
458 3508 570 3572 valide
586 3508 800 3593 obligabant,
816 3529 883 3571 non
898 3507 1019 3591 magis,
1036 3525 1133 3591 quam
1149 3503 1181 3566 in
1199 3502 1306 3567 dorni-

52 3617 111 3680 nio
127 3613 358 3680 transferendo
380 3617 450 3681 sola
466 3615 648 3680 sufficiebat
668 3616 813 3680 traditio.
839 3612 1124 3693 Quemadmodum
1145 3611 1232 3678 enim
1252 3611 1306 3674 hic

47 3725 141 3808 justo
160 3721 258 3785 titulo
275 3743 358 3806 opus
369 3731 456 3787 erat:
471 3724 528 3805 ita,
545 3732 580 3788 ut
596 3723 765 3806 stipulatio
780 3722 890 3786 valide
906 3722 1082 3806 obligaret,
1098 3722 1229 3784 subesse
1246 3717 1307 3782 de-

52 3829 157 3894 bebat
172 3827 347 3912 obligandi
362 3852 483 3894 caussa.
505 3832 551 3894 Et
572 3830 647 3895 talis
663 3851 776 3910 caussa
791 3829 890 3894 etiam
904 3833 1085 3894 vocabatur
1099 3847 1213 3890 conseo
1232 3829 1306 3889 cini·

52 3941 111 4000 lis:
134 3939 170 4000 L.
184 3935 236 4000 ta.
252 3938 281 4018 ἕ.
298 3937 329 4000 2.
345 3938 387 3998 D.
405 3937 445 3999 de
459 3940 566 4000 Peeut.
588 3938 778 4002 Deficiente
793 3955 872 4000 vero
891 3935 950 4000 tali
966 3957 1094 4018 caussa,
1111 3935 1224 4020 agenti
1244 3932 1305 3996 ob·
1419 3965 1421 3970 ·

53 4045 164 4109 stabat
187 4043 344 4127 exceptio
367 4043 438 4108 doli
459 4043 555 4107 mali:
577 4047 615 4107 J.
632 4046 662 4108 2
684 4045 713 4126 §.
730 4042 761 4106 3.
787 4047 829 4106 D.
850 4045 890 4106 de
910 4045 982 4106 nor.
1005 4047 1077 4108 mol.
1107 4039 1306 4124 Schultingii

53 4152 235 4232 Jurisprud.
251 4153 445 4232 Antejostsia
460 4173 493 4233 p
510 4151 583 4216 464.
605 4153 704 4216 Unde
728 4152 813 4216 adeo
833 4171 900 4214 non
916 4149 1050 4214 valebat
1067 4149 1239 4232 promissio
1262 4167 1304 4209 ex

54 4258 143 4340 turpi
160 4277 284 4340 caussa,
305 4267 342 4322 ut
358 4270 392 4322 et
409 4258 564 4342 exceptio
582 4261 711 4342 petenti
727 4259 853 4344 opponi
868 4264 993 4344 posset:
1012 4257 1050 4335 L.
1066 4254 1095 4318 8.
1111 4257 1152 4316 Ι).
1167 4257 1206 4318 de
1225 4256 1306 4316 Gon-

54 4367 126 4429 diot.
142 4365 177 4426 od
190 4373 274 4446 turp.
291 4369 340 4428 ael
355 4370 463 4450 injacet.
480 4389 581 4432 cauas.
598 4374 633 4430 et
649 4366 677 4429 si
691 4367 883 4452 accipientis
901 4363 1002 4428 solius
1021 4368 1107 4424 esset
1124 4361 1305 4444 turpitudo,

125 4556 158 4624 g)
178 4553 350 4608 lastinianus
369 4561 458 4610 tamen
476 4571 522 4608 aas
535 4557 624 4610 valere
631 4555 715 4625 jussit
730 4556 761 4608 L.
770 4561 810 4608 11.
828 4555 856 4608 0.
867 4557 898 4607 de
912 4553 1003 4606 Contr.
1014 4561 1039 4604 :t
1050 4565 1141 4602 comm.
1150 4549 1209 4616 inp.
1228 4549 1306 4602 Heia.

1044 4635 1110 4699 aa*
1233 4715 1237 4724 .
