3040 5164
318 386 422 472 Qorm
447 387 546 463 Mon.
572 387 735 460 Tasrssr.
761 391 899 462 lnsrnn.
925 403 995 464 eto.
1209 400 1281 468 sla

25 572 130 649 patet,
147 563 225 630 setis
237 563 406 663 antiquam
422 572 457 629 et
469 563 580 632 ioman
595 565 740 650 Augusti
750 567 954 652 temporibus
972 568 1145 652 aequalem
1160 571 1191 652 Ι3)
1208 591 1279 636 esse

25 671 210 756 legitimam
225 671 316 739 illam
332 673 531 758 portionem.

612 791 641 871 §.
662 789 693 853 8.

430 899 540 954 Inserta
557 916 574 952 a
591 899 746 952 Iustiniana
762 901 880 954 nosne.

103 997 179 1087 Sed
202 997 296 1063 auxit
314 997 405 1065 illam
429 1000 617 1082 portionem
632 1000 836 1066 lastinianus
859 1019 918 1083 per
933 1001 1014 1064 Noe.
1030 1001 1132 1062 XCII.
1152 1009 1186 1064 et
1201 1001 1283 1067 Neo.

27 1105 152 1168 XVIII.
176 1106 207 1168 1.
237 1103 293 1170 ubi
318 1104 501 1191 legitimam
528 1107 735 1191 portionem,
770 1108 798 1170 si
831 1115 991 1191 quatuor,
1029 1109 1082 1172 vel
1110 1109 1283 1193 pauciores

28 1219 145 1296 essent,
167 1212 339 1280 trientem
354 1215 403 1280 sin
423 1215 570 1300 quinque
585 1214 641 1280 vel
656 1215 780 1299 plures,
794 1215 960 1280 semissem
977 1235 1049 1282 esse
1058 1217 1167 1301 jussit.

611 1367 639 1448 ς.
663 1365 693 1428 9.

128 1499 130 1502 ·
170 1473 272 1533 Quibus
289 1474 390 1528 cambus
411 1477 475 1528 haee
486 1473 602 1546 querele
621 1475 706 1528 locam
725 1474 854 1537 hebuerit,
874 1475 916 1527 sel
931 1493 984 1528 non
1003 1473 1143 1530 habners't?

105 1577 336 1660 Competebat
355 1597 455 1660 porro
471 1575 554 1639 haec
570 1575 706 1661 querela
729 1597 795 1639 non
812 1575 912 1644 modo
929 1575 1043 1640 liberis
1058 1575 1212 1642 adversus
1224 1601 1285 1664 pa-

33 1695 156 1767 rentes,
175 1683 235 1748 sed
254 1683 352 1747 ethis
369 1685 523 1749 adversus
539 1683 672 1747 liberos.
696 1683 783 1747 Sane
794 1691 832 1746 et
847 1692 984 1749 matrum
1007 1693 1206 1751 testamenta
1221 1687 1284 1750 hac

35 1793 166 1880 querela
191 1793 403 1877 impugnata,
425 1791 580 1878 legimus,
597 1793 666 1878 jam
691 1800 768 1855 ante
785 1791 906 1856 SCtum
926 1793 1173 1878 Orphitianum,
1196 1795 1284 1880 apud

31 1902 172 1966 Plinium
190 1901 306 1983 Eps'stt.
327 1901 363 1965 V.
378 1899 409 1964 1.
424 1899 595 1964 Valerium
619 1899 711 1963 Max.
735 1899 805 1974 VII.
821 1901 852 1962 7.
867 1901 897 1962 4.
928 1899 1029 1979 Quod
1044 1924 1085 1966 eo
1102 1903 1206 1966 minus
1223 1903 1284 1965 mi-

34 2011 176 2091 randum,
197 2007 275 2092 quia
291 2027 333 2069 ex
350 2005 468 2070 eodem
482 2007 621 2072 Valerio
638 2007 729 2070 Max.
749 2007 817 2069 VII
828 2008 859 2069 7.
871 2009 902 2072 2.
920 2019 1058 2093 constat,
1078 2012 1178 2073 etiam
1197 2009 1283 2073 tilios

36 2119 60 2180 in
85 2115 306 2200 adoptionem
337 2115 432 2179 datos
462 2122 589 2199 patrum
617 2115 812 2180 naturalium
841 2122 1038 2182 testamenta
1065 2118 1284 2202 impugnasse.

31 2227 154 2290 'Postea
173 2225 209 2288 id
226 2223 407 2287 remedium
431 2224 473 2287 ad
489 2224 576 2288 solos
599 2232 771 2308 parentes,
789 2222 929 2305 liberos,
947 2225 1063 2288 fratres
1081 2225 1285 2288 restrictum:

32 2337 64 2396 L.
78 2335 107 2396 1.
126 2335 167 2396 Ι).
184 2336 212 2394 h.
227 2342 248 2394 t.
274 2331 346 2394 lmo
357 2333 434 2417 jure
450 2351 538 2395 novo
561 2331 709 2394 cessabat
728 2329 813 2393 haec
835 2307 974 2416 'querela
997 2331 1096 2396 etiam
1117 2333 1150 2395 in
1175 2333 1286 2396 fratri-

31 2443 92 2504 bus
115 2449 151 2503 et
171 2441 353 2520 sororibus,
373 2439 434 2501 nisi
458 2433 561 2524 turpis
584 2439 735 2502 instituta
758 2417 844 2501 esset
868 2460 1025 2524 persona:
1049 2443 1083 2500 L.
1096 2439 1147 2501 27.
1167 2440 1199 2500 0.
1220 2442 1248 2500 h.
1264 2449 1285 2501 t.

34 2548 185 2612 cessabat
206 2549 306 2612 etiam
328 2556 443 2610 contra
459 2555 692 2610 testamentum
712 2546 840 2610 militis:
859 2545 896 2609 L.
914 2549 969 2608 ult.
988 2547 1016 2628 §.
1031 2546 1061 2608 l.
1079 2548 1112 2610 C.
1127 2549 1192 2609 eod.
1214 2569 1287 2610 ces-

36 2661 123 2722 sabat
146 2657 293 2742 denique
317 2656 577 2746 praescriptione
601 2655 835 2741 quinquennii:
859 2655 897 2716 J..
917 2653 946 2718 8.
966 2655 995 2738 §.
1016 2657 1072 2719 ult.
1090 2657 1138 2718 D.
1153 2655 1218 2718 eod.
1243 2654 1285 2718 de

43 2766 150 2848 quibus
168 2765 320 2828 omnibus
339 2763 468 2848 plenius
485 2771 588 2850 egunt
602 2763 835 2850 Jurecqusulti.

607 2913 637 2996 g.
659 2911 710 2976 10.

502 3019 623 3072 Heredes
641 3021 820 3090 quotuplices?

115 3122 291 3206 Pergimus
323 3119 365 3184 ad
389 3117 549 3184 heredum
576 3120 767 3205 qualitatem
795 3128 829 3184 et
852 3119 1079 3184 differentiam.
1105 3123 1210 3184 Erant
1236 3122 1288 3184 illi

39 3231 88 3294 vel
106 3228 388 3311 nncssss1a11‚vel
407 3243 462 3294 sur
477 3237 511 3292 et
528 3245 735 3312 necessarus,
758 3229 812 3292 vel
828 3245 1000 3293 sxrnnnm
1016 3250 1053 3292 ac
1066 3244 1288 3292 vonusrsnn:

38 3360 80 3420 pr.
95 3341 175 3402 last.
192 3339 231 3400 de
245 3340 322 3402 Her.
337 3341 419 3421 puel.

614 3391 718 3526 §.m

519 3553 642 3606 Heredes
658 3554 807 3607 necessest

116 3655 330 3719 Necessaria
353 3661 465 3737 erant,
485 3655 542 3739 qni
568 3655 775 3738 cogebantur
796 3676 866 3718 esse
891 3655 1033 3719 heredes
1063 3655 1162 3718 etiarn
1185 3653 1290 3717 inviti.

104 3817 138 3884 b)
158 3787 279 3880 Augusti
296 3812 368 3866 enim
385 3813 554 3878 temporibus
568 3815 652 3865 latam
663 3829 723 3866 esse
740 3815 827 3879 legem
844 3813 1007 3891 Falcidiam,
1028 3812 1201 3866 ostendemus
1221 3810 1292 3863 intra

41 3899 145 3954 amr.
168 3898 221 3952 Iit.
244 3894 316 3950 XX.
335 3916 373 3967 sq.
390 3899 411 3965 ς.
431 3898 514 3951 XIV.
542 3898 722 3951 Occasionem
748 3900 840 3956 forsan
865 3899 952 3951 dedit*
966 3901 997 3951 Τ.
1016 3898 1122 3952 Tettius
1143 3896 1225 3959 Vibo,
1244 3895 1292 3964 qui

41 3987 123 4039 filium
140 3986 274 4039 infantem
292 3985 518 4054 exheredaverat:
543 3985 670 4037 Valerius
692 3984 771 4036 Max.
788 3984 857 4044 ,VIL
875 3989 900 4039 7.
918 3989 944 4039 3.
973 3983 1095 4037 Reinesii
1111 3983 1248 4050 Inscripta
1263 3999 1291 4048 p.

41 4074 81 4123 23.
94 4089 132 4141 sp.
151 4071 188 4123 ad
204 4088 232 4122 a.
253 4069 291 4122 Χ.
309 4071 389 4123 Heio.
414 4069 540 4136 Origines
557 4069 694 4136 legitimae
711 4071 876 4136 prudentum
893 4069 1109 4136 interpretationi
1127 4069 1162 4122 ad
1180 4071 1211 4120 L.
1229 4069 1292 4120 Fal·
1404 4065 1422 4084 “

41 4157 137 4209 sidiam
157 4153 260 4217 deberi,
279 4155 382 4207 erudito
401 4156 596 4208 demonstravit
614 4157 658 4208 Fr.
671 4157 751 4207 Goth.
767 4156 955 4222 Schlegtendal
974 4156 1002 4208 in
1017 4155 1092 4207 Diss.
1108 4155 1138 4205 de
1151 4151 1292 4222 eripiemus

42 4241 170 4309 lepitimes
190 4238 312 4309 [wana
333 4245 408 4295 1752.
425 4239 463 4311 4.]
486 4241 568 4293 Onna.
587 4241 718 4307 Princeps
738 4242 771 4292 de
789 4242 894 4308 origine
911 4245 938 4292 et
956 4239 1018 4291 fatis
1035 4238 1172 4305 legitimae
1190 4239 1293 4306 portio-

42 4327 83 4380 nis
102 4327 221 4392 scriptor
240 4330 281 4376 est
299 4325 360 4377 Car.
380 4326 453 4379 Frid.
467 4327 617 4392 Zeperniok
635 4326 663 4379 in
677 4324 750 4376 Dies.
768 4326 889 4379 Historia
898 4327 974 4396 juris
986 4326 1032 4377 cie.
1049 4326 1080 4378 de
1099 4324 1212 4392 lepitime
1226 4342 1293 4392 por·

42 4413 108 4464 tione
123 4419 278 4482 parentasse.
297 4413 361 4466 Hal.
382 4417 457 4466 177³.
474 4418 499 4464 4.
518 4411 563 4464 oui
581 4413 652 4465 conl.
671 4411 771 4464 Christ.
788 4413 861 4466 Frid.
880 4411 1099 4466 (tremuisse
1115 4412 1293 4462 constituendo

43 4499 171 4566 Ispits'moe
185 4489 318 4566 portiones
331 4506 473 4565 parentam
491 4499 635 4567 quantitate
655 4499 731 4564 (Ilrl.
751 4501 825 4552 1788.
843 4500 889 4567 4.)
906 4499 929 4566 ξ.
947 4503 972 4551 5.
991 4501 1019 4549 et
1036 4501 1060 4550 7.
1086 4493 1197 4562 Opnsec.
1214 4496 1292 4548 Fore.

44 4581 99 4635 ΙΙΙ.
116 4599 145 4649 p.
164 4587 292 4636 36-47.
309 4587 336 4636 et
353 4599 380 4651 p.
398 4587 523 4638 64-76.
543 4580 631 4636 Haut.
