3062 5156
214 396 286 464 242
418 467 439 476 Η
595 389 777 454 Annmmsx
804 385 879 452 lna.
905 383 931 452 l.
958 381 1044 448 Can.
1070 382 1097 448 l.

95 619 102 633 ,
216 567 326 646 idest,
342 561 561 643 banoscum,
577 566 613 624 et
627 561 661 624 in
670 568 788 644 partes
805 557 909 622 dividi
925 565 1081 641 potebant
1094 561 1138 638 ⁸)=
1154 555 1244 621 Gall.
1257 555 1363 620 Nocti.
1376 557 1469 620 Attia

218 676 292 738 XX.
309 673 338 734 1.
360 672 405 734 Et
429 669 576 754 quamvis
598 669 685 732 servi
709 668 797 732 haud
822 668 941 730 fierent
964 666 1050 728 hunc
1071 666 1107 728 in
1133 665 1265 728 modum
1286 664 1415 728 addicti
1438 673 1470 727 et

217 780 312 845 nexi:
332 779 366 840 in
382 776 542 840 servitute
561 784 672 840 tamen
694 783 806 856 erant,
823 774 991 856 servisque
1012 772 1090 856 ipsis
1109 767 1335 836 tractabantur
1350 771 1470 836 durius.

216 887 265 951 At
280 893 395 949 contra
418 884 503 946 hanc
518 882 755 946 immanitatem
772 881 899 945 auxilio
922 880 1048 944 civibus
1063 879 1126 943 fuit
1144 879 1202 942 lex
1218 875 1389 960 Poetelio,
1408 899 1470 962 qua

217 1003 347 1060 cautum
364 999 413 1055 est
428 991 471 1054 Α.
482 970 574 1072 U.G.
590 1007 776 1054 ccccxxvu.
793 988 831 1052 C.
845 985 1014 1068 Poetelio,
1030 988 1068 1050 L.
1084 987 1219 1070 Papinio
1235 986 1327 1049 Coss.
1342 1007 1385 1047 aa
1396 990 1470 1068 qus's,

215 1105 280 1164 aiei
291 1103 347 1181 qui
367 1119 478 1160 noxam
492 1101 677 1170 meruisset,
693 1099 792 1158 danao
804 1117 941 1177 poenam
963 1099 1079 1167 lucrm,
1095 1099 1128 1158 'in
1148 1091 1347 1176 omnpeds'dns
1362 1089 1422 1154 aiat
1441 1093 1469 1152 in

215 1229 311 1272 nervo
326 1215 503 1268 teneratur:
514 1207 668 1285 pausanias
681 1205 822 1265 creditae
834 1206 914 1266 bona
928 1203 1081 1276 debitores,
1093 1221 1155 1264 non
1170 1219 1293 1284 corpus,
1307 1201 1471 1262 canossam

216 1324 312 1378 asset:
329 1313 401 1376 Liv.
418 1312 506 1374 VIII.
513 1311 565 1374 28.
583 1310 691 1373 Varro
705 1311 744 1372 do
757 1311 886 1392 Lingua
901 1310 973 1371 Lat.
994 1310 1046 1372 VI.
1058 1312 1088 1371 ὁ.
1100 1331 1132 1392 p.
1143 1309 1194 1372 58.
1210 1305 1376 1374 Successit
1392 1327 1470 1390 ergo

218 1444 262 1486 ex
278 1443 320 1484 eo
338 1428 492 1504 ¹tempore
512 1419 547 1482 in
562 1418 760 1482 addictionis
775 1417 865 1480 illius
882 1417 992 1480 locum
1008 1417 1173 1500 possessio
1187 1411 1225 1479 et'
1236 1415 1390 1479 venditio
1414 1417 1470 1477 bo-

217 1549 345 1608 norum,
362 1526 404 1590 de
420 1549 486 1611 qua
500 1546 562 1596 nos
576 1525 659 1589 alibi
676 1545 719 1587 ex
731 1524 885 1587 instituto
902 1523 1031 1610 egimus
1045 1522 1141 1602 (Vid.
1154 1522 1242 1586 infra
1258 1523 1331 1586 Lib.
1342 1523 1389 1586 ΙΙ.
1407 1523 1470 1584 Tit.

218 1636 336 1699 XVII.
356 1655 427 1718 sqq.
441 1636 471 1716 §.
486 1633 566 1713 11.).
601 1632 676 1710 Qua
697 1633 740 1696 de
769 1631 876 1708 re'Q.
901 1631 1054 1714 Septimii
1078 1631 1245 1694 Florentia
1270 1629 1470 1693 Tertulliani

218 1745 438 1825 Apologeticas
454 1761 478 1801 o.
494 1741 534 1802 4..
545 1741 612 1802 Sed
625 1750 656 1802 et
665 1742 827 1822 judicatos
842 1743 875 1801 in
884 1737 996 1821 partes
1016 1743 1120 1801 secari
1131 1761 1152 1800 a
1167 1737 1376 1801 creditoribus
1389 1741 1470 1818 leges

218 1858 326 1912 aaut:
346 1867 500 1909 conscissa
515 1857 620 1909 tomen
637 1849 760 1928 publico
782 1845 950 1908 crudelitas
963 1856 1075 1928 postca
1089 1864 1185 1908 erasa
1203 1855 1269 1918 σοις
1284 1853 1315 1906 et
1327 1849 1363 1906 in
1372 1845 1470 1926 pando

217 1960 263 2020 ris
277 1966 383 2016 notam
398 1956 623 2035 capitibpoena
638 1973 788 2015 conversa
802 1962 859 2027 est,
874 1971 1032 2016 aonoann
1043 1953 1181 2016 naitano
1193 1968 1468 2014 rnosaammna.

221 2063 413 2144 Suffunderc
427 2063 540 2122 maluit
556 2062 687 2123 bominis
702 2065 908 2142 sanguinem,
922 2080 1015 2141 quam
1033 2061 1204 2140 effundere.
1222 2058 1313 2136 Quin
1332 2059 1469 2122 adcessit

219 2169 348 2232 demum
373 2167 570 2231 beneficium
593 2169 748 2231 cessionis
763 2171 924 2232 bonorum
946 2188 990 2230 ex
1010 2167 1087 2250 lege
1102 2167 1211 2231 Julia:
1226 2167 1269 2231 de
1289 2189 1358 2252 quo
1380 2168 1469 2252 plum

218 2275 455 2359 iureconsulti,
472 2284 506 2340 et
520 2297 580 2340 nos
596 2276 683 2340 infra
697 2274 764 2338 Lib.
780 2277 844 2338 III.
862 2275 921 2337 Tit.
938 2275 1046 2338 XXX.
1061 2277 1090 2356 §.
1105 2275 1135 2338 8.

791 2443 819 2524 g.
841 2441 893 2503 31.

485 2557 608 2612 libertas
624 2559 796 2628 suffropandi
813 2559 875 2609 data
888 2575 941 2627 per
959 2557 1028 2626 loyes
1045 2555 1205 2619 tabellarias.

302 2657 478 2721 Postremo
498 2667 532 2722 et
553 2659 617 2722 hoc
636 2659 678 2722 ad
698 2659 887 2722 libertatem
908 2657 1026 2720 civium
1046 2680 1143 2742 quam
1165 2659 1307 2722 maxime
1326 2659 1468 2744 pertine·

219 2765 294 2846 bat,
313 2765 403 2848 quod
420 2764 543 2848 libere,
563 2774 600 2829 ut
614 2766 758 2847 vellent,
775 2766 893 2829 darent
912 2766 1074 2850 suffragia.
1097 2766 1255 2844 Quamvis
1271 2767 1357 2830 baec
1371 2767 1469 2831 liber-

156 2909 160 2918 ·
219 2879 267 2936 tas
283 2871 386 2954 magis
406 2871 448 2934 ad
462 2874 518 2957 jus
537 2875 705 2958 publicum
721 2875 873 2938 videatur
887 2875 1073 2938 referenda.
1094 2875 1134 2937 ld
1154 2873 1201 2937 eis
1219 2874 1362 2938 attulere
1380 2874 1468 2958 leges

220 2978 434 3062 tabellariae,
452 3001 510 3043 seu
527 2983 568 3044 de
589 2982 739 3064 tabellis,
759 3005 838 3068 quas
855 2981 974 3046 Cicero
995 2981 1073 3045 ideo
1093 2984 1214 3064 Agros.
1229 2983 1271 3044 II.
1286 2981 1317 3044 2.
1336 2983 1468 3044 uindices
1521 2977 1522 2994 ¹

219 3092 335 3148 tacitae
355 3087 524 3156 libertatem
538 3091 570 3148 in
588 3089 709 3152 Coraci.
726 3091 750 3150 1.
766 3111 796 3170 p.
807 3089 878 3151 969.
894 3089 1089 3174 [wicmanni
1110 3091 1296 3152 orationum
1316 3091 1399 3152 lom.
1416 3087 1468 3148 III.

213 3215 249 3275 p.
263 3193 293 3255 2.
311 3216 351 3257 ea
370 3195 442 3256 adit.
458 3193 594 3279 Gnaeu]
606 3199 794 3276 principium
804 3199 1001 3278 justissimae
1016 3196 1169 3258 libertatis
1188 3194 1347 3279 adpellat.
1364 3196 1467 3272 Quum

220 3300 306 3362 enim
335 3309 434 3364 antea
455 3303 532 3366 viva
553 3323 636 3364 voce
661 3301 695 3363 in
721 3302 863 3364 comitiis
884 3303 1038 3386 suffragia
1063 3304 1239 3385 ferrentur,
1262 3303 1366 3388 idque
1391 3323 1468 3366 non-

220 3427 394 3489 numquam
416 3431 487 3471 cum
505 3407 654 3493 periculo
676 3407 845 3472 videretur
864 3410 1090 3494 conjunctum:
1109 3411 1230 3496 primus
1249 3411 1292 3474 A.
1312 3409 1468 3474 Gabinius

220 3513 314 3577 Trib.
334 3513 422 3597 pleb.
439 3514 537 3577 A.U.
557 3513 594 3578 C.
610 3514 833 3600 Dcx1111.lege
856 3517 960 3598 cavit,
984 3527 1020 3580 ut
1043 3519 1184 3602 populus
1206 3540 1272 3583 non
1290 3540 1391 3599 voce,
1413 3516 1467 3580 sed

220 3619 363 3702 tabella,
381 3622 568 3706 suffragium
586 3622 701 3703 ferret,
723 3623 854 3705 nequis
875 3623 1053 3706 inspiceret
1068 3625 1243 3708 tabellam,
1263 3647 1305 3689 ne
1325 3634 1467 3710 rogaret,

219 3749 262 3790 ne
279 3727 481 3811 adpellaret:
501 3728 569 3791 Cic.
580 3730 620 3790 da
636 3729 851 3810 Leg.11!.16.
868 3729 1031 3793 Successit
1047 3731 1274 3816 biennio'post
1292 3731 1399 3796 altera
1414 3731 1468 3794 lex

221 3834 407 3916 tabellaria,
421 3834 490 3897 lato
504 3858 524 3897 a
537 3835 575 3897 L.
588 3835 712 3913 Cassio,
724 3836 874 3900 Tribuno
888 3837 1008 3920 plebis,
1023 3839 1070 3901 M.
1080 3836 1228 3902 Aemilio
1238 3840 1371 3923 Lepido
1387 3841 1468 3902 Pon·
1519 3903 1520 3928 ξ

113 3937 114 3942 ’
220 3941 294 4003 cina
311 3949 345 4003 et
367 3941 402 4003 C.
415 3941 564 4004 Hostilio
582 3939 740 4006 Mancino
756 3942 912 4026 Cossqut
931 3952 966 4008 et
976 3944 1108 4030 judices
1127 3953 1161 4008 et
1178 3947 1321 4030 populus
1339 3955 1467 4011 senten·
1519 3977 1520 4010 ι

220 4048 281 4110 tias
305 4069 371 4110 non
393 4069 476 4110 voce
500 4048 666 4132 dicerent,
686 4050 744 4112 sed
766 4050 900 4114 tabellis
922 4052 1072 4134 ferrent,
1089 4061 1232 4137 excepto
1243 4053 1375 4136 judicio
1395 4073 1468 4137 per-

220 4153 415 4218 duellionis:
438 4155 506 4218 Cic.
527 4159 566 4220 de
579 4160 701 4220 Amicii.
720 4179 746 4220 o.
759 4157 809 4220 12.
828 4161 868 4220 de
885 4159 986 4242 Legg.
1003 4161 1061 4220 III.
1079 4159 1128 4222 16.
1144 4160 1267 4223 Ascon.
1284 4161 1422 4224 Pedian.
1437 4164 1467 4221 ia

218 4271 298 4324 orat.
322 4263 542 4326 Cornelianum
561 4263 684 4346 pisa
700 4263 772 4326 139.
790 4274 822 4326 et
846 4266 1011 4328 Verrinam
1029 4267 1071 4327 11.
1088 4290 1123 4350 p.
1138 4268 1189 4330 71.
1206 4267 1279 4334 2³6.
1294 4290 1339 4351 sq.
1371 4266 1467 4350 Cujus

230 4481 233 4486 ·
287 4459 318 4524 a]
339 4457 470 4512 Dicemus
489 4475 522 4512 ea
540 4461 573 4513 de
591 4477 629 4521 re,
642 4461 885 4530 camdeniaquae
897 4477 979 4528 pono
992 4465 1118 4530 leguntur
1130 4433 1182 4517 hoo
1200 4464 1228 4516 in
1243 4465 1313 4527 loco,
1332 4463 1399 4516 inira
1412 4459 1468 4514 Lib.

216 4540 275 4592 111.
298 4539 349 4593 ab.
371 4541 475 4594 XXX.
493 4543 636 4608 §.2-8.
655 4545 735 4597 Heia.
769 4604 773 4611 Ι
