3080 5154
387 357 442 424 Du
467 354 534 423 Hm
559 355 630 440 Qur
655 353 718 424 Sur
742 353 828 426 Ver..
855 358 977 427 Anser.
1239 367 1308 437 11⁵

644 532 673 612 s.
693 529 723 594 a.

402 647 462 706 Quo
471 647 540 717 jure
554 645 658 700 demum
676 593 828 699 educionmt
845 647 969 702 Romani.

141 749 205 813 Sed
222 769 289 834 quo
304 748 409 833 magis
421 747 551 812 Romae
570 771 589 811 a
605 733 727 812 virtute
744 745 914 830 descitum,
932 770 974 813 eo
991 749 1103 815 durius
1120 753 1310 820 immanius-

74 880 126 942 que
138 879 207 920 cum
219 857 323 922 servis
335 865 455 937 actum,
473 858 506 919 in
526 876 608 940 quos
619 854 725 919 veluti
742 876 803 939 per
818 855 930 920 ludum
943 864 977 920 et
990 860 1104 943 jocum
1117 861 1311 926 saeviebant

73 965 182 1028 domini
196 963 475 1028 truculentissimi.
497 963 545 1027 Ut
564 963 650 1026 enim
667 983 735 1026 non
751 963 857 1027 dicam
874 964 917 1027 de
932 965 1110 1030 durissimis
1126 970 1310 1055 castigandi

74 1072 173 1153 modis,
189 1071 297 1156 ulmis,
313 1071 462 1153 stimulis,
477 1070 617 1152 laminis,
630 1071 790 1153 crucibus,
803 1072 1028 1156 compedibus,
1040 1076 1160 1158 ner'vis,
1173 1078 1310 1162 catenis,
1396 1079 1405 1088 '

73 1180 253 1261 carceribus,
266 1178 429 1261 numelliS,
446 1178 582 1262 pedicis,
590 1178 695 1260 boiis,
711 1169 902 1260 tortoribus,
917 1183 1080 1264 suspensis
1094 1184 1213 1266 epede
1232 1207 1311 1250 cen-

73 1286 236 1369 tupoudiis‚
249 1297 312 1352 etc.
325 1281 366 1352 de
380 1287 499 1373 quibus
512 1285 621 1350 Plaus.
632 1288 722 1352 Asin.
736 1291 802 1350 111.
816 1287 848 1350 2.
859 1287 915 1352 Jo.
928 1287 1051 1352 Meurs.
1062 1291 1197 1352 Auctor.
1204 1293 1312 1373 pbricl.

72 1395 107 1454 cd
118 1397 225 1458 librum
240 1396 279 1457 de
291 1398 395 1480 gloria
412 1416 438 1460 c.
452 1393 503 1457 22
519 1415 561 1456 eo
580 1393 736 1480 prolapsa
752 1394 882 1458 demum
897 1395 960 1458 fuit
979 1395 1184 1460 dominorum
1199 1403 1311 1462 trucu-

23 1485 25 1494 ’
72 1501 177 1584 lentia,
195 1509 231 1566 ut
253 1502 513 1588 exquisitissimis
535 1491 702 1566 serverum
719 1501 887 1586 suppliciis
905 1503 1019 1568 oculos
1037 1513 1219 1586 pascerem.
1241 1505 1310 1570 Ex-

75 1609 165 1694 empla
182 1617 313 1698 exstant
328 1610 416 1696 apud
432 1610 592 1674 Senecam
608 1610 646 1671 de
666 1611 723 1672 Ira
743 1612 804 1672 ΙΙΙ.
819 1611 871 1674 40.
893 1611 931 1673 dc
950 1611 1204 1674 Clemeut.1.18.
1222 1613 1310 1678 Pliu.

75 1718 142 1779 Hirr.
163 1719 240 1782 Nat.
257 1721 316 1781 IX.
331 1715 383 1782 23.
398 1716 553 1782 Juvenal.
570 1715 712 1780 Tertull.
732 1719 772 1778 de
782 1719 880 1799 pullio
897 1721 1000 1802 infin.
1020 1719 1170 1804 Vulgare
1186 1721 1313 1808 suppli-

76 1825 143 1888 cium
161 1847 239 1890 crux
255 1832 346 1908 erat,
361 1825 395 1889 in
413 1847 511 1910 quam
528 1827 572 1889 ob
586 1823 753 1889 levissima
773 1824 897 1890 delicta
909 1827 1003 1890 ibant
1017 1828 1115 1892 servi.
1137 1829 1229 1896 Nota
1243 1851 1311 1896 vox

77 1953 128 1995 non
143 1934 302 2016 feminae,
321 1933 379 1996 sed
396 1933 518 2018 furiae,
538 1933 627 2018 apud
646 1932 802 1997 Juvenal.
822 1933 890 1996 Sat.
909 1935 963 1996 VI.
980 1956 1008 1998 v.
1023 1934 1095 1998 219.
1112 1956 1178 2020 sqq.

180 2043 269 2104 Pone
284 2063 408 2104 crucem
423 2061 520 2104 cervo.
535 2041 656 2104 Merust
669 2062 728 2122 quc
742 2045 870 2102 crimine
884 2062 996 2103 cervus
1302 2023 1308 2036 ⁶

181 2150 399 2232 Supplicium?
411 2153 479 2231 quis
494 2152 582 2234 tectis
599 2149 708 2209 adest?
722 2152 791 2230 quic
805 2149 941 2208 detulit?
953 2149 1037 2209 oudc'.

178 2258 278 2318 Nulla
295 2277 442 2338 umquam
460 2257 500 2317 de
512 2265 611 2317 morte
628 2255 757 2316 bominis
771 2257 927 2316 cunctatio
942 2257 1038 2337 longa
1055 2263 1112 2318 est.
1162 2271 1173 2340 Ι·

184 2363 361 2435 odernam,
377 2367 424 2424 ita
438 2382 549 2426 cereus
565 2364 651 2423 bomo
667 2364 738 2423 cat?
753 2361 811 2421 Nil
817 2361 945 2438 fecerit,
960 2369 1035 2423 ecto.
1077 2417 1081 2426 .

180 2469 248 2531 Hoc
263 2471 340 2545 0010,
356 2473 399 2531 cs'c
406 2469 518 2551 jubeo,
531 2474 572 2530 cit
582 2487 645 2550 pro
659 2473 781 2530 ratione
795 2469 948 2529 uoluntas.

77 2575 134 2638 Nec
149 2576 324 2661 quidquam
345 2576 482 2640 miseros
502 2575 666 2659 eripiebat
690 2565 903 2655 cruciatibus,
927 2575 989 2638 nisi
1010 2595 1045 2638 se
1062 2574 1104 2639 ad
1127 2595 1198 2639 aras
1215 2573 1307 2639 Deo·

75 2701 147 2764 mm,
165 2683 220 2747 vel
236 2684 402 2768 Principis
419 2683 609 2768 reciperent
624 2689 782 2765 statuam,
802 2683 931 2766 sibique
948 2687 1197 2766 deprecatorem
1210 2663 1311 2769 'para-

75 2800 144 2854 rent.
161 2793 213 2855 De
234 2813 302 2878 quo
326 2793 391 2856 ritu
415 2791 578 2856 videndus
599 2789 772 2855 Wowerus
785 2790 830 2852 cd
843 2791 972 2880 Retron.
982 2813 1017 2873 p.
1034 2790 1106 2854 148.
1129 2791 1229 2855 Unde
1244 2792 1310 2855 rei-

73 2899 208 2981 publicae
224 2901 402 2982 intererat,
416 2899 567 2963 dominos
587 2897 620 2961 in
641 2897 775 2963 servilia
797 2917 937 2981 corpora
955 2897 1088 2982 impune
1111 2899 1310 2985 saevientes,

73 3004 135 3070 latis
151 3007 280 3093 legibus
297 3009 454 3072 coerceri.

641 3176 670 3259 ς.
692 3174 723 3236 a.

313 3291 386 3346 1100
403 3293 539 3363 clupeatus
555 3293 689 3346 saevitiam
708 3287 873 3350 dominorum
891 3286 1056 3355 compescuit.

140 3392 277 3458 Factum
291 3393 326 3456 id
339 3393 478 3479 primum
494 3395 553 3458 sub
569 3392 734 3476 Augusto,
752 3389 809 3474 qui
823 3387 1003 3452 Praefecto
1019 3386 1105 3451 Urbi
1119 3386 1154 3452 id
1171 3389 1313 3454 dederat

71 3501 195 3584 negotii,
208 3509 245 3564 ut
256 3500 463 3564 dominorum
483 3483 653 3564 saevitiam
672 3519 710 3563 ac
726 3496 899 3560 libidinem
917 3496 998 3560 etin
1014 3495 1208 3581 praebendo
1223 3498 1313 3562 victu
1379 3542 1384 3548 -

72 3609 169 3672 sordes
190 3618 292 3696 atque
314 3609 523 3694 iniquitatem
548 3615 789 3693 compesceret:
813 3605 952 3669 sirecte
979 3604 1140 3668 divinavit
1161 3604 1251 3688 Lips.
1269 3606 1314 3667 ad

73 3713 133 3777 Seu.
146 3719 183 3781 dc
201 3719 315 3805 Bcces.
332 3719 393 3780 III.
411 3717 463 3780 21.
486 3717 540 3781 De
556 3738 724 3782 servorum
745 3736 823 3778 sane
840 3711 985 3798 querelis
995 3712 1207 3778 Praefectum
1226 3712 1312 3811 Urbi

74 3825 264 3906 cognovisse,
280 3825 358 3889 satis
374 3834 468 3909 patet
485 3846 529 3888 ex
546 3825 682 3909 Ulpiani
702 3825 740 3886 1..
756 3822 785 3884 1.
802 3822 831 3903 §.
845 3820 874 3883 1.
889 3821 919 3883 e.
937 3823 978 3884 1).
994 3822 1034 3883 dc
1051 3821 1111 3904 Off.
1120 3821 1225 3901 pracff.
1241 3820 1311 3881 urb.

73 3925 177 4010 [lacit
192 3935 311 3996 Annul.
331 3934 382 3995 VI.
395 3931 461 4019 11.]
550 3981 553 3986 .

641 4096 671 4178 s.
693 4095 724 4156 s.

296 4214 376 4271 Quod
392 4222 418 4266 et
426 4213 535 4282 sactum
555 4211 627 4267 Sth
648 4210 795 4264 claudiano
812 4218 839 4262 ct
856 4208 912 4280 leye
932 4208 1072 4261 Petronia.
1137 4255 1141 4260 .

144 4313 276 4378 Deinde
295 4323 329 4378 et
344 4313 502 4380 Claudius
517 4314 703 4399 Imperator
716 4311 935 4392 dominorum,
950 4329 1061 4372 servos
1078 4310 1234 4390 aegrotos
1250 4325 1310 4370 ex·

76 4422 268 4503 ponentium,
286 4422 342 4485 vel
358 4421 457 4506 plane
474 4422 662 4486 necantium
678 4420 907 4484 crudelitatem
926 4416 1017 4481 scto
1037 4413 1202 4496 coercuit,
1219 4413 1312 4478 illos·

77 4545 130 4606 que
147 4529 516 4614 servorumamissione,
536 4530 596 4593 bos
615 4528 783 4593 ordinaria
805 4525 976 4592 homicidii
995 4544 1106 4610 poena
1127 4523 1313 4586 mulctavit:
1345 4564 1349 4568 -

1071 4624 1116 4687 gs
