3056 5168
510 425 565 494 De
591 427 815 496 Acmomnus.
1219 437 1290 504 ott

31 615 89 668 tur
110 607 198 675 illae,
219 623 300 684 quae
320 619 360 663 aa
372 603 480 680 suado
498 612 620 664 sumtae
639 608 671 664 ἐκ
686 606 745 684 jas
770 605 898 666 adlatae
923 613 1024 668 aaut.
1047 605 1202 692 Denique
1226 629 1289 672 nec

29 713 64 774 in
84 709 221 774 fundum
238 707 377 792 amplius
396 707 689 792 proficiscebantur
709 709 895 794 litigantes,
911 722 967 776 ant
982 713 1114 798 glebam
1134 713 1213 777 inde
1229 715 1289 778 de-

28 818 205 892 ferebant;
228 817 285 879 sed
301 815 497 900 prudentes,
514 823 549 880 ut
565 816 688 882 diserte
704 818 805 882 docet
821 819 940 882 Cicero
961 829 1041 883 orat.
1052 841 1113 902 pro
1127 822 1288 886 Muraena

28 950 54 988 c.
72 925 125 1012 12.
145 922 375 1007 excogitarent
390 943 508 986 novam
532 925 702 988 formulam
720 905 945 1009 vindiciarum,
962 949 1057 1013 quam
1080 927 1288 1013 litigantibus

30 1053 143 1118 aeque
159 1053 198 1095 ac
216 1030 441 1111 Praetoribus,
460 1037 624 1116 tamquam
640 1053 771 1098 carmen
796 1034 979 1118 quoddam,
1001 1038 1289 1120 praescripserant.

30 1141 136 1219 Quod
153 1160 193 1201 eo
217 1139 333 1202 ordine
356 1137 476 1201 factum
498 1137 647 1223 legimus.
670 1143 803 1206 Petitor
817 1163 908 1225 eum,
925 1143 1012 1206 unde
1031 1143 1217 1226 petebatur,
1241 1144 1288 1209 ita

29 1246 295 1332 adloquebatur:
313 1261 456 1322 sunaus,
474 1261 533 1321 aur
549 1263 611 1311 asr
630 1263 667 1310 ru
682 1265 783 1329 sano,
799 1267 857 1326 qur
875 1265 1017 1314 stamus
1033 1267 1200 1334 nrocnrun,
1217 1269 1288 1316 auu

29 1376 95 1422 nco
119 1371 167 1419 ux
189 1371 272 1419 sunu
294 1369 462 1429 qururruu
488 1371 586 1418 mauu
613 1371 693 1420 usse
717 1373 789 1438 atu,
812 1374 895 1421 mnu
919 1375 964 1421 1u1
985 1375 1050 1420 uuo
1072 1375 1115 1421 'ru
1137 1376 1182 1422 ux
1203 1375 1288 1423 tuus

30 1481 160 1528 renuunt
184 1476 386 1526 consuerunt
412 1477 506 1524 voca.
527 1461 679 1526 Cedente
701 1443 904 1546 adversario,
924 1466 1068 1528 Praetor
1088 1466 1181 1530 fundi
1199 1467 1289 1532 illius

30 1571 273 1657 possessionem
297 1567 474 1632 addicebat
495 1569 687 1634 vindicanti.
709 1571 767 1634 Sin
792 1573 913 1636 cedere
938 1572 1045 1636 nollet
1065 1573 1289 1639 adversarius:

31 1689 100 1744 tum
130 1686 245 1742 contra
266 1677 435 1740 vindicans
462 1677 599 1760 petitori
621 1677 863 1763 respondebat:
886 1697 978 1744 uuna
1000 1697 1045 1745 'ru
1068 1699 1115 1744 Mu
1138 1699 1184 1745 ux
1205 1698 1289 1746 uultu

31 1805 160 1852 neuun
178 1801 382 1849 consuerunt
400 1801 552 1867 vocnsrr,
571 1803 653 1850 runa
671 1803 718 1849 nu
735 1805 800 1849 nco
822 1805 865 1850 ra
883 1805 1022 1851 navoca.
1045 1789 1130 1852 Turn
1147 1791 1290 1853 Praetor

31 1897 196 1978 utrisquet
218 1907 495 1974 sursasrrrusum
523 1893 647 1977 inquit,
674 1909 940 1977 rmussnrrsUS,
967 1911 1072 1960 rsrnu
1092 1914 1177 1960 vinu
1199 1915 1287 1960 orco.

31 2023 128 2068 nuru
149 2019 241 2066 vmu.
270 1999 365 2080 Quae
389 2001 492 2064 verba
515 2023 588 2065 eum
612 2022 739 2066 sensum
762 2001 946 2087 habebant,
969 2011 1006 2069 ut
1028 2013 1122 2068 actor
1146 2013 1180 2068 et
1202 2025 1288 2087 reus,

34 2109 260 2196 praesentibus
277 2109 413 2172 testibus
429 2113 474 2189 θ),
487 2117 608 2171 certam
625 2109 710 2171 viam
731 2110 815 2173 inire
832 2111 1005 2192 deberent,
1021 2113 1115 2196 quasi
1129 2112 1162 2174 in
1176 2131 1289 2196 agrum

32 2217 215 2304 profecturi
227 2217 269 2280 ad
285 2216 521 2279 conserendam
536 2215 585 2278 ibi
601 2235 740 2296 manum,
753 2217 935 2301 glebasque
952 2219 985 2279 in
1002 2220 1052 2280 rei
1066 2219 1288 2280 testimonium

32 2325 237 2392 referendas.
257 2324 355 2390 Viam
374 2345 454 2409 ergo
477 2321 616 2403 inibant,
640 2323 724 2387 duce
747 2326 907 2408 sapiente,
930 2346 996 2410 quo
1013 2325 1097 2386 duce
1120 2326 1218 2386 etiam
1234 2347 1290 2388 re-

32 2437 166 2516 dibant,
187 2433 317 2498 dicente
337 2435 512 2496 Praetura:
534 2449 660 2495 uentre
682 2448 775 2495 vlam.
804 2431 923 2496 Omnia
945 2432 1028 2496 haec
1052 2453 1095 2495 ex
1118 2430 1289 2498 Ciceronis

31 2549 174 2608 aratione
191 2561 252 2624 pro
266 2543 424 2604 Muraena
438 2563 463 2603 c.
483 2539 533 2602 12.
552 2539 722 2621 discimus,
745 2561 809 2624 qua
831 2539 915 2603 salse
939 2548 1052 2602 orator
1071 2541 1155 2604 banc
1172 2541 1290 2604 obscu-

31 2675 97 2717 ram
132 2648 437 2715 Jureconsultorum
472 2646 678 2730 diligentiam
710 2648 912 2731 perstringit.
952 2648 1103 2711 Tandem
1131 2649 1289 2730 Praetor,

31 2762 147 2825 audita
164 2768 302 2844 utraque
322 2765 436 2842 parte,
459 2757 485 2817 si
502 2755 694 2838 adpareret,
712 2778 908 2841 quemquam
925 2755 957 2819 vi
974 2753 1153 2839 dejectum,
1175 2757 1221 2820 ita
1238 2777 1291 2819 se-

31 2867 176 2934 cundum
193 2887 266 2928 eum
283 2865 416 2929 dicebat
428 2862 601 2928 vindicias:
619 2881 711 2926 uuus
728 2881 774 2926 ru
791 2879 900 2928 renunt
914 2879 1095 2944 outacrsrr,
1110 2879 1208 2938 QUUM
1222 2879 1289 2926 uec

30 2998 72 3058 Vl,
87 2994 159 3042 Nun
178 2991 280 3056 GLAM,
296 2991 359 3037 NEG
375 2987 541 3035 PREGARIO
556 2986 770 3043 Posslmtm
786 2988 828 3032 Eo
843 2985 951 3032 ILLUM
965 2986 1154 3034 RES'l'l'l'UAS
1171 2985 1290 3034 JUBssot

31 3083 190 3170 Sigonius
213 3085 232 3145 l.
250 3104 275 3144 c.
294 3082 320 3144 Ι.
337 3080 388 3142 21.
408 3101 443 3164 p.
464 3075 536 3140 459.
554 3099 599 3161 sq.
622 3076 739 3142 Jacob.
758 3075 952 3140 Raevardus
975 3079 1019 3140 ad
1034 3079 1107 3140 XII
1121 3079 1212 3141 Tatt.
1238 3077 1290 3141 VI.

27 3187 249 3276 effla&

613 3331 642 3411 s.
661 3329 713 3393 aa.

466 3445 610 3500 Formulae
630 3445 686 3498 rem
704 3445 861 3498 vindicandi.

120 3549 310 3614 Constituto
325 3549 373 3613 ita
386 3570 586 3634 possessore,
601 3556 669 3612 tum
686 3547 816 3610 demum
831 3544 872 3608 lis
888 3543 930 3606 de
947 3540 1094 3606 dominio
1109 3544 1290 3632 possesso-ri

30 3658 273 3726 intendebatur
288 3657 329 3720 ab
345 3677 399 3738 eo,
413 3657 470 3742 qui
486 3659 691 3740 possessione
704 3663 776 3718 erat
788 3651 947 3716 exclusus.
963 3651 1002 3715 ld
1018 3671 1099 3715 varo
1114 3652 1162 3714 ita
1176 3651 1290 3733 fiebat,

30 3781 64 3834 ut
81 3775 183 3834 actor
198 3764 346 3848 primum,
364 3785 404 3828 an
422 3785 496 3831 reus
513 3773 628 3832 auctor
643 3771 739 3846 esset,
755 3770 940 3846 quaereret,
956 3753 1078 3823 deinde
1093 3743 1289 3840 vindicaret,

30 3889 101 3942 tum
132 3872 310 3950 satisdare,
315 3873 471 3958 juberet,
493 3895 531 3936 ac
558 3874 703 3959 denique
730 3871 906 3957 sponsione
929 3873 1184 3954 provocarem).
1215 3867 1290 3931 Pri-

103 4118 135 4184 e)
159 4117 256 4166 Festus
275 4113 326 4165 sub
346 4125 411 4162 voce
435 4112 586 4178 superstites
606 4129 635 4180 p.
655 4118 715 4167 547.
738 4124 920 4162 sarensrrrss
945 4113 1022 4159 testes
1041 4111 1195 4173 praesentes
1211 4101 1291 4169 alpai-

21 4207 102 4274 flcat.
135 4199 220 4269 Oujus
239 4198 279 4248 rei
304 4197 477 4248 testimom'um
502 4202 548 4254 est,
573 4199 643 4262 quod
668 4194 849 4264 superstitibus
868 4189 1058 4262 praesentibus,
1082 4189 1109 4248 ἐπ’,
1133 4190 1202 4239 intur
1226 4203 1310 4255 quos,

29 4286 216 4342 controuersia
241 4290 295 4346 est,
327 4281 452 4333 uindicias
478 4297 581 4331 sumere
594 4279 733 4350 jubeatur.
763 4281 841 4333 Heia.
881 4279 922 4330 cf.
949 4275 1068 4328 Dirksen
1084 4270 1289 4339 Zmiilstafclpes.

28 4391 56 4441 p.
76 4377 142 4428 426.
162 4385 223 4437 sqq.
242 4365 327 4419 nuta.
897 4407 901 4415 .

103 4457 136 4520 f)
159 4453 303 4504 Caeterum
314 4451 369 4504 uid.
388 4465 459 4518 quae
476 4455 568 4501 monet
582 4449 728 4515 Savignins
748 4451 779 4516 (l.
792 4451 809 4503 l.
829 4467 855 4516 p.
872 4448 964 4514 431.),
982 4461 1016 4496 ne
1028 4441 1234 4495 commisceatur
1242 4441 1289 4508 jus
1323 4460 1325 4464 ·

29 4524 1290 4612 mmfflmmmmmffiffiustmfflmmmmeMmbfflfflmsmn

106 4627 141 4693 g)
162 4625 225 4677 Hoc
244 4619 354 4690 quidem
372 4621 469 4674 ordine
482 4619 602 4686 singulas
614 4635 669 4672 non
687 4620 771 4672 tuisse
783 4623 910 4672 tractatas
929 4618 1056 4681 actiones,
1076 4629 1145 4682 quae
1159 4613 1187 4666 iu
1200 4627 1290 4664 rerum
