3040 5164
237 381 317 462 386‘
583 362 585 365 .
693 385 769 457 Lus.
794 385 835 458 ll.
860 384 940 454 Trr.
969 385 1029 454 Vl.

239 565 298 630 sed
320 563 424 648 longo
450 570 600 648 tempore
624 583 683 626 usu
704 561 973 647 adquirebantur,
996 561 1119 644 idest,
1142 568 1179 624 ut
1192 560 1317 628 Paulus
1334 559 1476 626 semente.

238 673 376 753 Receptt.
393 672 428 733 V.
443 669 472 734 2.
487 671 518 734 3.
532 671 777 760 interpretatur,
794 673 877 734 inter
885 679 1072 751 proesmter
1086 651 1235 741 decessori,
1249 673 1332 732 inter
1347 670 1477 732 ubsemes

237 782 371 846 vicenas?
388 783 487 860 spotsb
501 783 653 842 menneo.
677 777 785 856 Quum
801 798 882 842 vero
898 777 1032 860 antiqua
1055 776 1116 842 illa
1131 799 1171 842 ac
1186 775 1411 841 decemviralis
1424 776 1476 838 ad-

239 885 373 970 quisitio
390 885 545 970 usucapio
562 886 744 950 diceretur:
759 905 847 950 nova
861 883 944 948 baec
961 885 1051 948 dicta
1068 892 1119 948 est
1133 903 1248 954 nonen
1268 899 1475 949 rossnssrona

238 1011 352 1085 curro:
366 995 404 1058 L.
418 994 449 1058 4.
465 996 497 1055 nr
505 998 577 1076 fine
590 995 632 1055 1).
646 995 714 1058 Pro
729 1001 799 1056 emt.
814 993 853 1056 Ι..
868 995 924 1056 ult.
940 993 980 1054 D.
995 993 1061 1056 eorl.
1076 993 1131 1056 vel
1146 1009 1282 1058 nouom
1298 1005 1474 1056 rossrssro-

237 1118 293 1168 nrs
311 1117 583 1166 rmunooarrvn:
597 1101 637 1165 J..
650 1101 680 1164 5.
695 1102 737 1162 1).
752 1102 791 1164 de
810 1101 883 1166 Iun.
897 1108 1030 1182 actuque
1040 1102 1123 1182 prr’o.

820 1251 848 1333 s.
870 1249 901 1314 s.

367 1413 369 1418 .
388 1368 566 1438 Dpferents'oe
583 1371 653 1422 inter
671 1370 856 1438 usucapionem
876 1377 902 1420 et
919 1370 997 1438 lonpo
1010 1370 1173 1438 possessione
1190 1369 1336 1438 cepionem.

321 1467 398 1546 Qua
418 1469 452 1532 in
475 1492 511 1533 re
535 1491 615 1555 ergo
640 1470 680 1535 ab
704 1470 904 1554 usucapione
921 1469 1075 1535 distincta
1091 1469 1192 1534 fuerit
1214 1469 1274 1533 illa
1292 1467 1395 1554 longa
1408 1489 1471 1552 pos-

239 1579 384 1641 sessione
409 1577 516 1662 capio‚
531 1578 720 1642 luculenter
741 1600 799 1642 suo
822 1599 913 1642 more
936 1579 1082 1642 ostendit
1096 1579 1167 1644 Jac.
1181 1577 1348 1642 Raevard.
1368 1577 1467 1637 nna

213 1754 217 1762 ,
238 1709 263 1748 o.
279 1685 308 1748 8.
324 1707 367 1767 sq.
378 1707 411 1767 p.
426 1683 497 1748 776.
519 1686 584 1751 Illa
602 1686 708 1751 civilis
724 1692 813 1769 erat,
828 1686 911 1750 haec
933 1688 1051 1771 partim
1068 1687 1190 1770 civilis,
1206 1685 1325 1771 partim
1346 1683 1469 1746 bonora-

237 1773 306 1858 ria.
316 1794 381 1858 Illa
400 1793 535 1878 exiguo,
549 1795 632 1858 haec
648 1795 802 1879 longiore
816 1791 967 1878 'ternpore
990 1795 1170 1858 constabat.
1192 1794 1231 1857 In
1248 1793 1310 1857 illa
1324 1791 1409 1854 nulla
1422 1791 1470 1852 ab

239 1902 365 1965 sentiae
389 1903 640 1986 praesentiaeve
669 1903 754 1966 ratio
777 1903 977 1979 habebatur3
1002 1903 1036 1966 in
1065 1903 1127 1965 hac
1154 1901 1291 1969 multum
1320 1901 1466 1974 intererat,

238 2010 477 2094 praesentium,
500 2030 547 2076 an.
564 2010 747 2074 absentium
762 2011 818 2094 jus
834 2010 868 2074 in
889 2011 1111 2074 immobilibus
1133 2007 1368 2074 excludendum
1382 2013 1468 2067 esset.

237 2119 279 2182 In
296 2117 355 2181 illa
375 2126 503 2201 tempus
519 2139 650 2201 semper
670 2125 792 2183 certum
809 2127 897 2183 erat:
921 2120 955 2183 in
978 2120 1039 2184 bac
1054 2139 1300 2202 nonnumquam
1319 2117 1467 2192 incertum,

240 2226 370 2311 quoties
393 2225 522 2290 scilicet
542 2226 614 2310 quis
636 2226 766 2291 titulum
790 2227 932 2310 probare
953 2246 1019 2291 non
1042 2235 1185 2312 poterat.
1207 2225 1304 2290 Tunc
1326 2224 1408 2286 euim
1426 2241 1468 2282 re-

239 2334 430 2419 quirebatur
447 2341 610 2416 vetustas,
626 2335 717 2419 cujus
735 2334 830 2419 origo
848 2335 1029 2400 excederet
1050 2335 1258 2409 memoriam3
1281 2355 1388 2419 eaque
1401 2329 1466 2414 legis

237 2443 344 2506 vicem
365 2443 521 2524 tenebat,
544 2451 629 2506 teste
649 2443 796 2527 Ulpiano
812 2444 850 2505 L.
864 2443 894 2504 1.
909 2443 938 2524 §.
950 2448 1013 2526 fin.
1027 2444 1069 2505 Ι).
1090 2445 1129 2506 de
1144 2448 1236 2524 Aqua
1258 2450 1289 2504 et
1313 2463 1384 2523 aqu.
1401 2443 1466 2523 plur.

240 2551 366 2612 areensi.
387 2543 544 2634 Denique
566 2571 665 2634 quum
688 2550 844 2634 usucapio
860 2571 966 2614 rerum
989 2550 1206 2615 immobilium
1221 2558 1351 2614 tantum
1372 2551 1402 2612 in
1416 2549 1465 2612 Its·

237 2657 304 2720 lico
332 2656 404 2720 solo
429 2657 647 2741 procederet:
673 2663 804 2741 pn‘srorp.
826 2659 903 2721 Inst.
928 2660 968 2720 de
993 2659 1128 2742 Usucop.
1151 2657 1255 2743 longa
1280 2657 1462 2742 possessione

238 2764 332 2828 fundi
348 2772 412 2827 tam
429 2766 664 2849 provinciales,
681 2788 776 2852 quam
791 2765 908 2831 Italics
910 2767 1012 2852 juris,
1034 2768 1108 2852 capi
1121 2774 1287 2850 poterant,
1305 2776 1343 2831 ut
1361 2765 1464 2830 erudite

238 2873 465 2937 demonstrant
487 2874 665 2959 Theophil.
681 2895 734 2957 pr.
749 2875 827 2938 lust.
843 2875 871 2936 lr.
888 2883 909 2936 t.
932 2882 966 2937 et
985 2874 1055 2938 Jao.
1076 2859 1241 2940 Raeuard.
1262 2875 1384 2938 nsum.
1398 2897 1420 2936 e.
1431 2871 1465 2936 1⁰.

233 3003 266 3063 p.
280 2980 352 3044 781.
367 2999 411 3060 sq.

840 3126 847 3142 .
868 3079 898 3144 9.

655 3218 659 3224 ·
699 3082 846 3271 Justs'm'urli
862 3197 1018 3250 comtitrstt'o.

321 3298 388 3361 Sed
403 3296 605 3361 Justiuianus
620 3298 657 3359 L.
673 3320 726 3360 un.
745 3298 777 3359 (J.
793 3300 832 3360 de
852 3299 984 3380 Usocop.
1000 3299 1116 3378 transf.
1130 3298 1367 3384 usucapionem
1379 3315 1460 3364 rerum

238 3405 453 3470 immobilium
470 3412 505 3467 et
520 3404 614 3489 longi
636 3405 793 3489 temporis
808 3406 1101 3489 praescriptionem
1117 3408 1151 3472 in
1166 3429 1264 3486 unam
1280 3407 1386 3472 veluti
1399 3423 1464 3468 mas·

238 3533 304 3576 sam
321 3511 477 3576 conflavit
491 3517 537 3595 ι),
552 3533 671 3598 resque
694 3512 833 3576 mobiles
853 3513 1006 3595 triennio,
1028 3513 1213 3578 immobiles
1228 3516 1320 3579 inter
1334 3532 1464 3600 praeseu-
1507 3603 1508 3612 ἵ

236 3709 346 3780 quidem
369 3699 499 3763 adversus
520 3708 665 3777 pignorum
692 3723 802 3778 quoque
824 3709 1025 3776 persecutiones
1047 3709 1088 3762 uti
1111 3685 1227 3777 poterat*
1240 3727 1386 3777 possessor
1407 3725 1463 3764 eros·
1507 3675 1508 3717 i

236 3796 343 3863 ptioucs
368 3797 402 3849 L.
419 3801 445 3848 b.
462 3797 483 3863 ξ.
504 3801 527 3849 1.
544 3796 581 3846 D.
599 3794 630 3844 ds
655 3794 749 3847 divers.
773 3792 936 3862 temporalib.
959 3796 1119 3864 praescript.
1145 3799 1181 3850 Bt
1202 3813 1289 3866 quum
1306 3799 1383 3866 longi
1405 3803 1464 3858 temp·

235 3879 412 3948 praescriptio
432 3880 514 3932 etiam
531 3879 566 3932 iis
583 3879 612 3932 in
632 3879 714 3932 rebus
735 3880 826 3930 looum
850 3879 975 3945 haberet,
993 3897 1108 3949 quarum
1132 3882 1238 3948 legibus
1256 3898 1313 3935 uon
1335 3889 1405 3937 esset
1420 3893 1464 3948 pro

234 3967 320 4020 hibita
337 3963 473 4030 alienatio,
485 3965 534 4017 sed
551 3964 612 4018 aliis
630 3969 734 4018 tantum
746 3981 782 4016 ex
798 3963 888 4016 causis
901 3964 961 4016 lieri
972 3981 1027 4018 nou
1045 3974 1138 4033 posset
1152 3967 1285 4034 usucapio
1297 3969 1386 4035 (velut
1397 3977 1464 4020 remu

234 4052 269 4106 ad
287 4050 410 4104 civitates
426 4050 644 4118 pertinentium),
658 4067 714 4104 nou
732 4055 774 4102 est
791 4049 864 4117 quod
882 4050 1020 4117 miremur,
1039 4068 1123 4120 quare
1139 4059 1168 4104 et
1183 4053 1218 4105 ad
1234 4051 1353 4107 mobiles
1369 4070 1409 4106 res
1419 4063 1464 4118 pre·

235 4138 319 4190 latum
343 4135 379 4189 sit
398 4136 446 4203 jus
468 4134 543 4200 longi
566 4135 696 4202 temporis
722 4134 957 4202 praescriptionis3
979 4138 1012 4188 L.
1036 4142 1061 4190 9.
1086 4139 1120 4192 D.
1143 4139 1176 4191 de
1199 4139 1294 4191 diona
1323 4129 1464 4208 temporati·

229 4238 350 4290 praeter.
369 4220 457 4274 Miilrl.
565 4277 567 4281 ,
1505 4229 1506 4242 ³

303 4309 337 4374 p)
356 4308 393 4362 At
405 4306 505 4360 mirum
523 4311 655 4373 quantum
672 4305 723 4358 irae
740 4305 817 4357 dere
833 4305 903 4358 iuter
921 4323 951 4359 se
967 4307 1122 4374 discrepent
1139 4307 1316 4373 interpretum
1329 4302 1463 4360 sententiae·

234 4391 381 4448 Variorum
397 4390 540 4459 opiniones
558 4389 637 4458 quasi
656 4405 703 4455 per
720 4390 837 4444 indiaem
854 4392 983 4456 exposuit
1001 4392 1033 4445 C.
1051 4393 1084 4446 0.
1103 4394 1137 4445 de
1155 4393 1265 4446 Madai:
1292 4395 1344 4445 Die
1360 4383 1463 4454 asupio

235 4494 260 4529 u.
273 4477 345 4545 lonps'
357 4478 481 4545 temporis
489 4476 664 4546 praescriptio
671 4494 681 4535 ,·
693 4474 720 4526 in
733 4476 801 4542 Ejus
814 4477 961 4546 Ber'trir'pea
970 4497 1023 4531 zur
1035 4478 1238 4546 Dopmenpesclr.
1253 4479 1298 4530 des
1310 4496 1376 4545 pem.
1392 4469 1461 4527 Cirilr.
1504 4541 1505 4544 Ἴ

234 4561 303 4626 Riga
324 4566 397 4614 18³9.
415 4578 489 4618 nurn-
511 4567 532 4614 1.
550 4577 578 4626 p.
599 4564 706 4613 1—9r.
725 4559 810 4614 Intrat.
