3056 5168
251 377 253 386 ’
315 384 425 476 *Quen
450 379 716 472 CurrEe,Qn1
741 385 780 456 in
807 388 943 456 Aureus
969 395 1038 459 ete.
1236 389 1308 464 695
1403 381 1410 388 ’

44 562 182 628 beralea
210 576 277 626 non
301 557 401 626 facile
425 561 579 627 solebant
602 571 801 626 mercatores
825 563 985 647 magnarii
1013 564 1077 648 ipsi
1102 561 1136 628 in
1159 565 1306 630 tabernis

43 668 192 752 versari,
208 669 337 734 sedvel
359 689 488 751 servos,
505 670 559 734 vel
580 671 730 753 libertos,
751 671 806 736 vei
827 668 952 734 liberos
971 670 1137 753 hemines,
1153 673 1306 740 mercede

43 779 230 842 conductos
252 771 536 861 negotiationibus
554 762 755 863 praeficere,
772 794 853 864 ques
872 793 1074 844 intermontes
1091 777 1307 862 adpellabant

42 909 101 968 eo,
122 883 367 970 qnod-negotio
380 885 528 970 gerendo
548 887 725 950 instarent:
740 887 777 948 L.
792 885 823 948 e.
836 887 874 947 L.
889 886 919 948 5.
934 886 972 946 L.
988 885 1039 948 13.
1054 888 1082 968 ὃ.
1098 889 1195 950 uitta.
1210 891 1252 950 D.
1267 891 1307 953 de

41 995 187 1057 Lacutur.
199 1001 259 1056 act.
274 995 400 1056 Instare
414 1003 522 1058 autem
539 1002 589 1060 est
603 997 768 1077 negotiari.
785 994 875 1057 Hinc
889 993 1017 1056 Nonius
1029 993 1252 1079 [*Marcellus
1268 999 1307 1059 de

35 1105 237 1185 proprietate
259 1119 437 1164 sermonum
458 1124 483 1164 e.
507 1099 537 1163 3.
560 1101 599 1162 de
619 1093 799 1164 iudicaretis
812 1103 979 1184 generidus
1000 1100 1059 1164 snb
1084 1123 1168 1166 voce
1186 1125 1306 1168 merca-

40 1208 140 1294 tus].·
167 1207 309 1270 Naevius
333 1210 479 1272 militibus
507 1207 794 1270 Pemetteeaetbus:
815 1209 942 1270 Instent
968 1218 1179 1272 mercaturam
1204 1231 1305 1293 spero,

39 1339 112 1380 rem
126 1317 245 1396 saciet,
257 1315 358 1399 frugi
372 1325 421 1381 est
434 1319 530 1379 tome.
553 1315 652 1380 Unde
670 1315 792 1380 Paulus
810 1316 964 1378 Seutaatt.
979 1313 1118 1398 Recepti.
1134 1319 1194 1380 III.
1208 1319 1239 1380 4.
1253 1311 1305 1382 tu.

40 1424 100 1488 ubi
126 1439 292 1486 servorum
316 1425 405 1490 varia
420 1433 572 1488 recenset
595 1443 736 1508 genera,
751 1405 919 1486 institores
942 1423 1030 1487 iuter
1045 1423 1226 1489 ministeria
1250 1443 1305 1490 ur-

40 1533 133 1596 bana
155 1531 268 1594 ret'ert.
294 1531 370 1608 Quo
396 1531 473 1596 lece
496 1545 750 1596 msrnueroaas
778 1549 848 1594 esse
871 1529 1050 1614 legendum
1080 1531 1200 1596 frustra
1222 1553 1302 1598 cen-

39 1640 154 1704 tendit
169 1637 288 1704 Thom.
304 1637 489 1704 Reinesius.
512 1635 601 1703 Vide
618 1652 723 1703 netem
741 1637 904 1722 adjectam
925 1659 1025 1702 aevae
1042 1641 1170 1704 editioni
1182 1640 1304 1726 [Ἆπι-

40 1746 174 1810 aaran.
196 1729 287 1808 1707.
307 1747 348 1807 ιι
365 1749 479 1810 maa.
495 1739 549 1831 si]
572 1743 708 1810 eruceri
735 1749 895 1828 ramata
912 1767 944 1828 p.
965 1745 1133 1811 nerra<
1155 1771 1186 1812 a.
1208 1749 1238 1811 e.
1267 1749 1303 1812 si

41 1857 205 1941 quiscum
223 1869 406 1918 moriretur
424 1863 653 1919 contraxerat:
673 1861 805 1938 peterat
820 1854 925 1937 ipsum
942 1853 1109 1918 deminum
1126 1853 1181 1920 vel
1197 1875 1303 1940 nege-

41 1965 197 2027 tiatorem
228 1962 416 2026 convenire.
444 1963 489 2026 Et
514 1973 593 2026 tunc
614 1963 701 2026 actio
728 1961 814 2025 hunc
836 1962 870 2026 in
895 1959 1027 2024 medum
1050 1962 1304 2028 intendebaturs

45 2087 125 2152 nte,
148 2087 193 2133 ua
215 2084 353 2150 stione,
376 2085 494 2134 mnavn
523 2085 647 2152 seuve,
674 2085 768 2145 Quem
797 2085 944 2134 mnrvrue
974 2085 1183 2136 inerrroaem
1210 2087 1303 2136 seem

43 2194 215 2259 encsnnr,
237 2191 375 2242 esurum
401 2190 534 2242 euneos
563 2191 778 2257 oeeninlssa‚
809 2190 949 2251 nemeen
981 2191 1061 2241 ntes
1085 2191 1141 2240 1281
1169 2191 1302 2240 nonme

42 2301 185 2351 cenrtm
209 2297 338 2351 aranee
360 2300 438 2348 uun
462 2297 552 2349 nana
575 2301 723 2350 essenus
747 2283 821 2347 Gar.
839 2282 993 2368 Sigonius
1012 2285 1051 2346 da
1070 2283 1198 2347 Jaaem
1214 2283 1302 2348 iel.

38 2417 70 2478 p.
87 2391 160 2455 484.
180 2392 271 2479 (Gaj.
289 2401 448 2457 comment.
464 2393 522 2456 IV.
538 2393 606 2474 11.)

627 2571 656 2656 §-
676 2570 708 2634 a.

534 2687 613 2740 Actio
632 2686 798 2740 aaara'taa'a.

126 2802 412 2883 Quemadmodum
435 2803 601 2866 institoria
623 2803 745 2866 actioa
769 2821 864 2865 serve
888 2801 1040 2866 institere
1061 2820 1182 2863 nornen
1203 2821 1299 2864 acce-

39 2923 155 3000 perat:
176 2915 225 2977 ita
247 2928 474 2976 axanerroarn
500 2911 543 2974 ab
565 2909 647 2994 ipso
660 2907 794 2972 domine
816 2905 872 2972 vel
894 2926 1108 2974 exeaerrean
1127 2909 1300 2990 cognomi-

38 3026 193 3087 nabatur.
222 3021 364 3103 Exque
394 3039 482 3083 mare
505 3026 716 3082 tentaverant
739 3011 901 3098 Romani,
928 3013 1036 3081 multis
1065 3014 1116 3079 illi
1143 3015 1297 3099 praemiis
1345 3005 1353 3046 ’-

37 3132 224 3195 invitarunt
246 3128 394 3190 hemines
418 3127 459 3191 ad
482 3127 645 3190 nauticam
669 3120 941 3210 negotiationem.
969 3125 1058 3203 Quin
1084 3132 1118 3189 et
1140 3141 1240 3208 saepe
1262 3124 1297 3188 in

38 3257 184 3322 corpora
208 3244 241 3298 et
263 3233 439 3304 societates
461 3233 655 3298 coaluerunt
677 3233 921 3320 negotiatores,
938 3233 1185 3317 navigationem
1207 3249 1297 3293 eem-

38 3347 132 3410 muni
155 3343 293 3407 consilio
317 3351 488 3428 sumtuque
508 3337 706 3426 promoturi.¹
723 3343 777 3406 Sic
794 3341 881 3426 apud
904 3339 1079 3405 Gruterum
1095 3341 1252 3422 Inscripta
1263 3357 1296 3420 p.
1388 3417 1392 3424 .

39 3448 451 3520 communicantia
473 3449 510 3513 fit
528 3466 809 3533 serenantem,
833 3463 891 3527 em
912 3463 1031 3512 semme
1055 3465 1217 3512 nouenae
1236 3463 1298 3512 na-

37 3577 251 3627 ceTlnNTUR.
274 3561 316 3622 Et
332 3582 365 3640 p.
374 3558 560 3628 ,COUUXL
579 3581 610 3620 n.
632 3557 662 3620 3.
683 3557 760 3642 [*p.
781 3557 978 3620 DCXLVII.
1001 3573 1031 3617 n.
1053 3553 1099 3640 l.]
1120 3554 1297 3619 laudantur

37 3684 196 3747 eumuna
215 3683 403 3730 consonam
421 3681 636 3730 nnvreanras
652 3667 706 3728 vel
723 3681 972 3746 nncocrnnras,
990 3663 1139 3727 nimirum
1154 3664 1296 3745 Ararim,

35 3775 207 3864 Ligerici,
222 3773 428 3856 Rhodanici‚
443 3775 622 3853 Druentici
641 3780 676 3836 et
691 3773 853 3858 Pericorii
868 3774 912 3854 b).
934 3773 1141 3856 Quicumque
1159 3791 1239 3855 ergo
1261 3771 1295 3834 in

36 3881 206 3971 ejusmodi
230 3883 389 3946 societate
412 3882 540 3964 navali,
562 3901 620 3946 sno
642 3881 791 3966 periculo
816 3901 916 3944 naves
938 3880 993 3942 vel
1015 3873 1219 3961 fluminibus,
1240 3879 1294 3942 vel

35 3993 126 4060 mari
149 3990 231 4075 ipsi,
253 3989 493 4074 immittebant,
513 3992 583 4054 sive
606 4013 695 4072 suas,
719 3990 788 4052 eive
811 4007 871 4072 per
886 3987 1091 4052 aversionem
1107 3987 1295 4068 conductae,

35 4147 345 4182 w-

110 4243 146 4309 b)
167 4243 223 4296 Sed
240 4247 267 4294 et
280 4243 344 4310 jura
363 4243 512 4311 lequuntur
535 4242 570 4295 de
590 4245 720 4296 consortia
737 4243 977 4297 naviculariorum:
999 4241 1032 4294 L.
1046 4245 1086 4293 ll.
1108 4239 1136 4294 0.
1153 4241 1295 4295 Themide

36 4329 166 4386 Naeicul.
185 4329 221 4388 de
236 4347 353 4398 corpora
365 4328 605 4380 naviculariorum:
624 4330 653 4380 L.
669 4333 711 4381 32.
730 4331 786 4382 eod.
805 4330 926 4382 decoctu
940 4325 1134 4380 nauarchorum
1149 4332 1176 4377 et
1188 4328 1296 4380 cenatio
1319 4349 1322 4354 ·

34 4412 276 4473 aaaimctariorum,
298 4419 348 4467 ete.
372 4413 456 4466 Varia
475 4414 510 4466 iis
533 4428 663 4465 concessa
686 4429 746 4467 esse
769 4414 918 4482 privilegia,
941 4417 1047 4466 constat
1064 4426 1099 4462 ex
1122 4413 1154 4464 L.
1167 4416 1191 4465 7.
1208 4413 1240 4464 L.
1257 4417 1295 4465 14.
1360 4427 1366 4441 ·

35 4509 65 4554 ct
91 4503 128 4553 L.
147 4501 191 4550 36.
221 4498 284 4549 eoa.
307 4499 405 4551 ΤΙιιοά.
423 4487 486 4550 ¹aad.
504 4497 682 4551 tit.·Reinesii
703 4509 765 4552 uota
788 4501 824 4550 ad
841 4500 966 4568 Inscript.
984 4513 1010 4551 a.
1032 4497 1119 4551 XXI.
1140 4497 1222 4549 crasa
1239 4497 1296 4549 ΙΙΙ.

31 4607 64 4657 p.
75 4590 141 4640 307.
159 4584 240 4636 Heia.
259 4584 300 4636 Cf.
309 4585 429 4638 Dirksen
439 4582 734 4638 animamarum.
749 4587 828 4650 pstea.
841 4590 885 4638 40.
899 4589 940 4639 70.
956 4583 998 4639 70.
1011 4587 1067 4636 108.
1082 4577 1169 4636 Mitt.

941 4811 946 4822 .
996 4764 1026 4806 δ’
