3122 5162
263 381 338 452 861
683 313 763 443 Lm.
777 370 845 442 ts.
870 371 953 442 Tar.
975 312 1105 442 xvsti

266 551 386 618 eodetn
401 559 555 636 ternpore
577 548 728 635 quaestio
744 549 884 614 ambitus
905 548 994 614 facta
1012 549 1057 614 sit
1072 555 1248 634 perpetua,
1266 546 1410 633 siquiden
1422 549 1468 631 jan

267 661 311 728 Α.
327 660 368 725 U.
385 659 422 724 C.
443 675 611 724 mxxxix.
633 659 672 721 Ρ.
686 656 834 722 Rutilius
856 665 891 722 et
904 657 953 722 M.
967 657 1108 722 Scaurus
1129 679 1164 722 se
1185 658 1321 721 invicem
1337 656 1417 741 hujus
1428 657 1472 718 cri·

267 767 364 836 minis
379 767 593 832 adcusaruntt
606 765 731 830 Ascon.
740 763 908 830 Pedianus
918 769 952 828 in
966 767 1056 828 Orbt.
1073 766 1136 828 Cic.
1145 766 1207 850 pro
1218 765 1262 828 M.
1273 766 1382 828 &oum
1390 785 1417 845 p.
1423 763 1472 824 171.

266 879 335 943 Per
350 869 467 942 eadem
485 881 635 960 tempora
651 889 720 937 Lux
741 889 850 956 rsnrs,
870 871 1078 961 promulgata
1094 872 1137 937 de
1159 893 1294 937 numero
1307 881 1471 952 sectatcnn,

201 1059 205 1068 ¹
268 983 428 1070 apopulo
459 983 632 1069 antiquata
649 989 715 1044 est:
739 981 858 1044 Cicero
885 981 974 1044 orat.
993 1002 1053 1065 pro
1071 981 1109 1042 L.
1125 981 1284 1046 Muraena
1303 1001 1327 1042 c.
1339 979 1385 1042 34.
1400 977 1470 1040 tta.

267 1093 311 1160 U.
328 1093 365 1158 C.
380 1107 566 1158 ncnxxxvr.
587 1089 634 1153 M.
648 1087 761 1152 Acilio
784 1087 968 1152 Glabrione
986 1096 1021 1154 et
1039 1087 1076 1152 C
1092 1087 1273 1173 Calpurnio
1288 1088 1397 1151 Pisone
1411 1085 1472 1147 Coss

269 1199 399 1284 perlata
414 1206 464 1262 est
486 1213 555 1262 nux
571 1214 686 1262 Actum
707 1189 985 1279 onurURnld,'ut,
998 1197 1056 1282 qui
1078 1197 1218 1260 ambitus
1241 1195 1375 1260 damnati
1391 1199 1474 1265 essent,

269 1308 310 1372 iis
334 1327 444 1391 neque
471 1305 695 1390 magistratum
718 1325 856 1388 capere,
878 1323 988 1389 neque
1012 1304 1046 1368 in
1069 1311 1217 1368 senatum
1240 1303 1308 1390 legi
1327 1303 1437 1387 liceret,
1453 1306 1475 1362 a

263 1415 411 1500 pecunia
427 1413 675 1478 mulctarenturr
690 1412 757 1476 Dio
771 1412 859 1476 Cass.
869 1415 951 1476 mss.
964 1413 1068 1476 XXX
1067 1413 1099 1473 V
1096 1410 1178 1476 tal.
1187 1413 1270 1476 Eam
1280 1411 1381 1497 legens
1394 1415 1477 1493 postea

270 1522 314 1589 Δ.
325 1523 367 1587 U.
385 1522 422 1586 C.
439 1539 537 1586 nexo.
552 1520 716 1584 Cicerone
732 1519 770 1584 et
781 1519 956 1584 Antonino
973 1519 1063 1583 Coss.
1086 1529 1226 1604 sequuta
1243 1537 1310 1583 nux
1331 1534 1435 1581 runnu
1448 1515 1476 1576 de

272 1631 409 1710 ambitu,
424 1651 509 1715 quae
531 1629 642 1713 legem
658 1628 806 1696 Aciliam
823 1627 1036 1711 Calpurniam
1052 1629 1152 1693 etiarn
1169 1627 1211 1691 ad
1229 1649 1288 1691 eos
1306 1623 1429 1712 protulit,
1441 1621 1477 1706 qui

271 1738 427 1804 mercede
450 1737 606 1802 conducti
628 1737 760 1802 obviarn
784 1721 969 1799 c'andidatis
991 1735 1145 1820 ivissent,
1165 1735 1224 1821 qui
1246 1733 1389 1799 conducti
1406 1739 1478 1794 secta·

270 1854 403 1928 rentur,
426 1845 481 1930 qui
497 1844 738 1930 gladiatoribus
754 1853 788 1906 et
804 1843 906 1928 vulgo
927 1843 1036 1908 locum
1053 1843 1296 1926 attribuissent,
1312 1843 1363 1928 qni
1381 1837 1479 1926 prandia

271 1954 374 2040 vulgo
401 1951 590 2037 dedissent,
617 1954 672 2038 qni
695 1952 851 2034 biennio,
878 1973 945 2037 quo
967 1958 1101 2035 petunt,
1127 1951 1332 2036 gladiatores
1353 1949 1413 2013 dare
1430 1940 1478 2006 susi

273 2070 394 2143 essent,
414 2061 476 2125 nisi
493 2082 537 2125 ex
554 2068 752 2126 testamento
765 2058 961 2143 praestituta
976 2058 1048 2122 die:
1072 2057 1191 2122 Cicero
1211 2060 1303 2122 Orat.
1319 2063 1349 2121 in
1367 2057 1479 2118 Vatinium

273 2194 299 2234 e.
314 2170 366 2234 15.
387 2168 549 2262 Additum
566 2189 606 2231 ea
624 2165 715 2252 lege,
732 2175 779 2250 ut,
796 2167 852 2253 qui
868 2166 912 2229 de
924 2166 1050 2230 ambitu
1066 2166 1374 2247 condemnarentur,
1384 2163 1404 2238 ii
1414 2177 1480 2244 praa

272 2285 325 2342 ter
345 2276 442 2342 aliam
463 2297 607 2360 poenam
630 2274 806 2340 decennali
828 2272 948 2338 exsilio
963 2275 1207 2340 mulctarentur.
1231 2275 1370 2338 Biennio
1389 2265 1479 2354 posta.

272 2386 315 2450 U.
342 2383 379 2450 C.
402 2401 526 2450 naxon.
548 2383 595 2448 Μ.
618 2383 758 2454 Valerio
786 2381 944 2447 Messalla
965 2389 1000 2446 et
1021 2373 1197 2467 rt'rupio
1218 2383 1344 2448 Pisone
1367 2373 1478 2444 Cessat

273 2489 411 2558 Aufidio
428 2492 597 2570 Lurcone,
613 2490 764 2556 Tribuno
786 2491 912 2576 plebis,
936 2491 1046 2556 denuo
1067 2489 1282 2575 promulgata
1302 2505 1366 2556 unx
1385 2495 1477 2550 surim

275 2601 318 2665 de
334 2600 471 2682 ambitu,
486 2600 634 2664 severior
655 2598 766 2681 etiam,
784 2620 879 2683 quam
897 2597 1029 2676 Tullia,
1043 2617 1109 2682 qua
1130 2598 1220 2665 inter
1239 2598 1306 2662 alia
1322 2595 1475 2668 cantanti,

276 2708 332 2792 qui
355 2727 470 2770 numos
492 2707 526 2770 in
551 2705 640 2772 tribu
661 2707 945 2790 pronunciaverit,
967 2705 993 2770 si
1015 2695 1082 2768 non
1102 2705 1253 2787 dederit,
1277 2700 1477 2790 impunest

275 2815 324 2878 sin
348 2813 491 2900 dederit,
509 2814 620 2899 quoad
634 2814 773 2892 viveret,
788 2815 926 2899 singulis
948 2814 1305 2881 tribubussestertium
1325 2829 1398 2878 nnn
1415 2807 1480 2872 debe·

274 2930 344 2986 ret:
367 2921 485 2986 Cicero
507 2924 552 2984 od
571 2924 711 2986 Atticum
733 2924 847 3006 Epsistt.
870 2925 896 2987 I.
918 2921 969 2986 13.
1001 2921 1069 2986 Sed
1092 2945 1187 3007 quam
1213 2943 1331 3007 parum
1351 2919 1402 2984 diu
1418 2911 1480 2978 eliso

275 3029 358 3094 haec
380 3029 439 3094 lex
460 3030 620 3113 valuerit,
636 3031 789 3118 discimus,
810 3030 967 3114 exemplo
984 3029 1133 3095 Caesaris
1156 3038 1190 3093 et
1207 3030 1322 3097 Bibuli
1343 3025 1418 3112 apud
1430 3022 1482 3082 Stt

193 3218 198 3228 Ι
276 3139 401 3203 tonium
417 3139 449 3202 0.
464 3140 528 3201 Jut.
546 3139 674 3202 Caesar.
691 3162 718 3203 o.
734 3138 784 3200 19.
804 3138 962 3223 Ejusdem
984 3158 1093 3223 paene
1107 3138 1227 3203 aetatis
1246 3148 1297 3204 est
1309 3153 1375 3202 bsx
1387 3141 1482 3200 mctalli

275 3246 319 3312 Δ.
334 3249 376 3312 U.
392 3245 429 3309 C.
444 3264 576 3312 noxave
600 3246 659 3309 Cn.
674 3245 839 3330 Pompejo
862 3255 896 3309 et
916 3244 963 3308 M.
980 3245 1111 3308 Licinio
1133 3245 1250 3311 Crasso
1272 3246 1360 3309 Coss.
1379 3242 1434 3304 lata
1447 3230 1483 3295 ad·

277 3375 389 3420 versus
405 3334 575 3436 sodalitia,
595 3354 774 3417 coitionem
797 3375 869 3416 cnm
892 3353 1107 3437 petitoribus,
1128 3374 1301 3419 numorum
1324 3348 1484 3416 divisionem.

278 3462 395 3547 quibus
411 3461 560 3527 omnibus
574 3461 683 3527 exsilii
698 3483 808 3546 poena
822 3468 961 3529 statuta;
982 3463 1054 3526 Car.
1071 3461 1226 3544 Sigonius
1238 3461 1406 3524 deJudicsi's
1418 3445 1484 3514 litt.

274 3591 306 3651 p.
319 3569 390 3632 650.
407 3578 442 3633 θῖ
455 3569 527 3634 658.
543 3569 578 3658 [*
588 3570 621 3634 in
637 3569 748 3655 primis
763 3591 843 3632 vero
860 3570 965 3632 Henr.
982 3568 1071 3634 Guil.
1091 3569 1266 3654 Tydeman
1281 3569 1365 3630 Dias.
1378 3565 1411 3624 dc
1423 3558 1485 3620 retus
1516 3647 1517 3650 Ἴ

273 3678 422 3760 judicatas
436 3699 497 3740 non
519 3678 730 3740 rescindendis
745 3697 770 3738 c.
790 3677 832 3738 II.
849 3677 878 3758 §.
897 3675 1049 3762 80—85.]
1062 3665 1136 3740 'sed
1153 3698 1215 3740 nec
1228 3675 1314 3740 banc
1335 3674 1430 3757 legem
1442 3657 1485 3726 sts'
1516 3721 1517 3736 .

281 3784 418 3867 fecisse,
433 3784 510 3849 inde
535 3789 639 3870 patet,
653 3785 743 3870 quod
765 3783 878 3870 paullo
895 3794 970 3868 post
984 3785 1025 3850 A.
1041 3785 1083 3850 U.
1100 3784 1136 3848 C.
1150 3801 1236 3848 ocor.
1259 3807 1279 3846 a
1295 3800 1347 3846 cu.
1366 3783 1485 3844 ronrttb

282 3891 350 3956 solo
365 3899 431 3956 turn
449 3890 611 3974 Consule,
632 3913 718 3956 nova
734 3890 794 3956 lex
815 3892 883 3955 lata
902 3901 967 3975 est,
990 3914 1056 3977 qua
1071 3892 1203 3956 brevius
1226 3891 1348 3954 factum
1369 3894 1412 3950 est
1424 3873 1485 3964 judi·

282 4000 362 4062 cium
385 4001 549 4074 ambitus:
563 3998 636 4063 Car.
651 3999 806 4084 Sigonius
825 4000 895 4062 idid.
914 4022 946 4082 p.
968 3999 1041 4062 660.
1062 3998 1131 4064 Sed
1151 4008 1183 4063 et
1206 4017 1234 4062 c.
1250 4011 1369 4062 tunsus
1385 3996 1486 4056 attilia

282 4106 449 4190 Dictator,
465 4108 621 4172 ambitum
644 4108 806 4186 coercuit,
820 4127 886 4170 non
907 4105 986 4192 lege
1009 4107 1162 4192 quidem,
1176 4105 1235 4170 sed
1251 4125 1304 4186 eo,
1319 4099 1403 4188 quod
1415 4086 1487 4158 coni·

282 4216 327 4280 tia
341 4236 412 4281 cum
435 4216 560 4302 populo
578 4216 793 4301 partiebatur,
809 4223 862 4298 ut,
878 4216 1027 4300 exceptis
1043 4215 1239 4280 Consulatus
1259 4206 1448 4296 petitoribus,
1460 4192 1486 4256 dt

284 4332 373 4387 certo
389 4345 526 4390 numero
545 4324 794 4390 candidatorum
810 4345 870 4408 pro
887 4334 981 4410 parte
1000 4323 1147 4406 dimidia,
1163 4343 1244 4408 quos
1258 4305 1486 4404 populusvellet

282 4432 584 4514 pronunciarentur,
598 4454 660 4517 pro
677 4431 782 4495 altera
796 4440 901 4516 parte,
918 4453 999 4517 quos
1015 4433 1086 4517 ipse
1102 4430 1254 4496 dedisset.
1272 4427 1398 4490 Edebat
1409 4423 1485 4482 auten
1515 4487 1516 4490 Ἴ

284 4537 475 4604 candidatos
498 4561 558 4624 per
578 4538 714 4604 libellos
736 4539 823 4604 circa
846 4537 948 4604 tribus
964 4539 1077 4605 missos
1095 4540 1254 4624 scriptura
1277 4532 1381 4600 breui:
1400 4528 1486 4588 caesar
1515 4513 1516 4546 ³
