3080 5154
396 355 451 424 lln
475 357 570 426 June
596 357 687 426 Nar.
713 357 824 428 Genu.
851 381 896 428 ur
921 311 995 429 Car.

668 578 676 595 .
696 533 747 596 tl.

370 633 465 706 ‚ruem
477 633 583 703 placuit
599 534 809 704 Implentur-ibus
826 635 999 706 sequentibus.

145 735 338 819 Sequentes
366 735 604 819 Imperatores,
632 735 675 816 (si
705 758 725 798 a
747 734 900 819 Caligula
923 739 1128 822 discesseris,
1158 742 1215 828 qui
1238 743 1323 806 banc

67 842 367 927 jureconsultorum
383 845 612 910 auctoritatem
628 843 827 908 aboliturum
851 866 885 907 se
909 847 1104 932 minabatur,
1132 858 1218 914 teste
1239 850 1324 914 Sue-

72 951 155 1014 tonio
175 953 278 1034 Galig.
291 973 319 1014 c.
334 951 403 1032 34.)
429 952 495 1014 hoc
504 951 649 1036 Augusti
665 952 847 1016 institutum
864 952 1044 1038 diligenter
1061 961 1247 1040 servabant,
1259 958 1325 1022 sul-

71 1066 129 1122 tem
143 1081 252 1143 usque
270 1059 314 1122 ad
330 1060 546 1124 Hadrianum.
568 1057 623 1123 De
636 1059 776 1124 Tiberio
793 1060 911 1124 saltem
921 1062 957 1126 id
967 1073 1061 1146 patet
1078 1087 1123 1128 ex
1138 1067 1176 1130 L.
1190 1067 1221 1130 2.
1234 1068 1263 1148 ἕ.
1272 1067 1323 1130 47.

71 1168 106 1227 D.
125 1169 163 1228 de
182 1170 271 1250 On'g.
287 1168 357 1230 Jur.
370 1189 413 1231 ex
425 1191 491 1254 quo
504 1169 581 1234 loco
599 1170 698 1233 etiam
712 1168 862 1252 adparet,
879 1169 1085 1238 Hadrianum
1097 1175 1216 1240 iterum
1232 1195 1323 1238 more

71 1275 225 1359 majorum
238 1275 418 1361 unicuique
438 1277 569 1340 dedisse
582 1275 773 1342 facultatem
792 1277 1029 1362 respondendi,
1045 1281 1102 1364 qui
1117 1283 1166 1344 sui
1183 1281 1324 1348 haberet

72 1473 166 1525 scilieet
194 1474 272 1540 leges
300 1472 532 1540 interpretaturis,
563 1475 794 1543 quemadmodum
820 1474 848 1528 id
876 1488 927 1527 sao
953 1475 1095 1540 expediret
1119 1475 1243 1543 imperio.
1272 1476 1325 1530 His

71 1559 260 1624 praestructis,
279 1557 364 1612 totius
382 1573 469 1612 novae
493 1559 696 1614 musitatioais
722 1559 799 1612 reddi
818 1560 917 1626 poterit
934 1560 1011 1614 ratio.
1039 1561 1228 1614 Promiscuam
1245 1561 1326 1615 istam

70 1643 249 1709 respondendi
266 1643 403 1698 licentiam
420 1644 546 1707 sustulit,
563 1660 678 1713 eamque
696 1645 830 1698 concessit
852 1645 955 1712 paucis.
983 1647 1039 1698 Cur
1056 1649 1137 1698 verot
1155 1647 1208 1698 nisi
1226 1653 1257 1700 ut
1276 1661 1324 1700 eos

75 1727 178 1794 seligere
196 1734 311 1795 posset,
331 1744 401 1799 quos
426 1729 508 1781 sciret
525 1727 576 1781 sibi
599 1732 659 1791 tore
681 1730 826 1783 obnoxios.
853 1731 953 1784 lussus
971 1747 1018 1784 eos
1044 1748 1099 1784 nou
1117 1732 1258 1798 privatim,
1276 1731 1325 1785 sed

72 1813 172 1878 publica
189 1814 366 1878 auctoritate,
385 1816 557 1880 respondere.
586 1813 787 1878 Quamobremt
804 1819 836 1867 ut
862 1819 952 1883 legum
978 1817 1163 1883 interpretatio
1186 1817 1225 1870 ita
1241 1833 1325 1884 penes

71 1911 98 1950 se
115 1904 190 1952 esset.
223 1899 371 1952 Judicibus
395 1915 455 1952 eam
478 1903 563 1967 legem
582 1901 666 1966 dixit,
684 1917 719 1954 ne
736 1903 771 1954 ab
795 1902 854 1954 istis
879 1903 1019 1970 responsis
1038 1903 1214 1956 discederent.
1240 1902 1324 1971 (Vid.

70 1983 241 2052 caeteroquin
259 1989 285 2050 §.
303 1990 345 2040 39.
363 1991 420 2038 not.
438 1987 489 2054 b.).
516 1988 607 2050 Quam
634 1987 670 2038 ob
694 1991 835 2040 caussam?
851 2005 901 2053 ne,
920 1989 1064 2042 observata
1081 1991 1171 2054 legum
1197 1987 1324 2056 antiqua·

71 2085 126 2120 rum
146 2069 245 2134 ruina,
264 2069 447 2136 intercedere,
465 2077 493 2124 et
512 2071 632 2138 Augusti
658 2073 802 2128 eonsilium
823 2073 933 2126 turbare
959 2081 1129 2127 conarentur.
1161 2074 1222 2141 (ct
1241 2075 1325 2127 Dirk-

71 2169 115 2206 sen
131 2155 215 2207 Beitr.
234 2173 261 2222 p.
285 2157 342 2209 1'20.
361 2157 426 2225 sq).
453 2157 537 2224 Signo
556 2173 625 2223 opus
644 2163 716 2220 erat,
735 2174 789 2210 non
808 2159 968 2212 rationibus.
999 2160 1056 2212 Cur
1072 2159 1157 2211 vero?
1175 2165 1206 2210 ut
1224 2176 1258 2211 ne
1276 2176 1324 2225 per

70 2239 200 2292 rationum
218 2239 404 2293 infirmitatem
422 2244 511 2308 palam
529 2241 613 2306 fieret,
632 2241 660 2294 id
678 2243 731 2308 agi,
750 2249 781 2295 ut
799 2245 870 2309 leges
888 2243 1017 2312 autiquae
1034 2249 1223 2296 everterentur.
1247 2245 1325 2296 Gete-

70 2342 126 2378 nrm
143 2341 208 2378 vera
226 2340 288 2378 esse
312 2327 380 2378 haec
397 2328 504 2391 omnia,
520 2330 563 2380 vel
581 2345 618 2380 cx
634 2327 669 2380 iis
687 2332 774 2392 patet,
798 2343 868 2396 quse
886 2328 955 2380 inter
974 2345 1036 2380 eum
1053 2327 1256 2396 Antistiumque
1272 2329 1325 2380 La·

70 2411 178 2462 beoncm
196 2416 260 2462 acta
279 2418 352 2466 sunt.
371 2410 585 2466 Eminentissimi
596 2429 629 2466 ea
646 2418 733 2465 aetate
745 2411 809 2464 JCti
825 2419 902 2466 erant
912 2412 1047 2466 Antistius
1065 2413 1167 2478 Labeo,
1185 2419 1213 2466 et
1229 2413 1326 2480 Atejus

72 2498 180 2564 Capito,
201 2498 283 2561 adeo,
302 2501 405 2550 utnon
422 2498 557 2551 immerito
576 2499 627 2550 duo
639 2498 717 2566 pacis
736 2498 831 2549 decora
849 2513 896 2550 eos
914 2500 1033 2566 adpellet
1050 2499 1161 2551 Tacitus
1180 2501 1252 2551 Ann.
1268 2499 1327 2552 III.

72 2585 112 2635 ⁷5.
130 2583 221 2644 Quare
239 2597 353 2648 operam
371 2583 452 2635 dabat
470 2584 624 2649 Augustus,
644 2587 674 2634 ut
691 2573 931 2649 hos-potissimum
950 2583 1002 2636 sibi
1017 2584 1180 2638 conciliaret.
1205 2581 1327 2636 Labeoni

72 2683 133 2732 ergo
149 2669 333 2720 Consulatum
350 2668 487 2728 offerebat,
506 2668 558 2721 hoc
575 2667 701 2720 videlicet
718 2673 923 2721 auctoramento
940 2669 1074 2721 calamum
1091 2669 1151 2737 ejus
1170 2669 1325 2722 redditurus

74 2750 226 2804 obnoxium.
245 2753 302 2806 Sed
316 2770 396 2821 quum
409 2755 567 2821 incorrupta
585 2751 704 2806 libertate
714 2755 851 2822 pauderct,
869 2753 901 2806 ab
920 2752 1059 2808 ambitione
1074 2755 1202 2808 banorum
1214 2771 1326 2810 saeuus:

73 2837 152 2889 Tacit.
168 2842 240 2890 Anu.
250 2837 269 2890 l.
282 2857 305 2891 c.
323 2855 462 2908 quamque
482 2838 549 2890 nibil
565 2847 653 2890 rutum
667 2857 829 2909 pensumque
845 2837 961 2902 baberet,
979 2840 1031 2892 nisi
1041 2842 1112 2910 quod
1119 2841 1233 2911 justum,
1245 2859 1324 2894 sarac-

70 2930 168 2990 tumqus
188 2939 260 2984 csse,
284 2923 313 2975 in
335 2923 463 2976 Romanis
487 2922 682 2992 antiquitatibus
706 2924 826 2992 lecisset:
851 2923 919 2976 Geil.
946 2923 1031 2974 Noctt.
1056 2923 1135 2979 Attis.
1163 2925 1252 2979 XIII.
1282 2929 1324 2977 12.

71 3009 196 3060 honorem
206 3007 291 3062 istum
303 3008 385 3074 plane
396 3008 508 3074 respuit.
522 3009 747 3063 Animadvertens
758 3022 824 3060 vero
836 3013 986 3074 Augustus,
998 3009 1134 3062 Labeonis
1148 3011 1200 3062 sibi
1213 3026 1325 3076 operam

72 3107 162 3160 parum
179 3091 278 3145 utilem
295 3095 424 3158 futuram,
438 3094 549 3161 Atejum
567 3093 729 3160 Capitonem
746 3095 872 3157 adortus,
890 3094 963 3145 hunc
978 3091 1068 3144 modis
1085 3095 1213 3148 omnibus
1227 3109 1325 3148 ornare

71 3179 162 3245 coepit,
181 3180 388 3247 Consulemque
406 3179 521 3234 creavitz
540 3181 625 3232 Tacit.
644 3181 716 3232 Ana.
735 3179 792 3232 III.
810 3183 852 3232 75.
870 3179 938 3232 Erat
955 3177 1028 3230 enim
1045 3176 1089 3230 hic
1108 3193 1141 3229 eo
1159 3177 1277 3243 iugenio,
1296 3187 1325 3230 ut

71 3264 122 3334 q'us
138 3263 292 3332 obsequium
315 3282 369 3317 nan
385 3272 473 3333 posset
495 3282 548 3316 raon
566 3265 758 3316 dominantibus
781 3266 864 3333 mapis
886 3259 1012 3333 probari,
1029 3261 1123 3328 judice
1141 3261 1236 3313 Tacito
1254 3263 1325 3314 Ann.

71 3349 122 3402 III.
140 3354 183 3403 75.
204 3349 323 3416 Egregia
340 3365 406 3402 sane
424 3349 588 3401 adulationis
607 3347 756 3415 specimina
774 3365 837 3401 eum
853 3349 975 3410 dedisse,
993 3347 1139 3400 observant
1156 3345 1240 3398 Tacit.
1254 3349 1326 3398 Ann.

71 3433 123 3486 ΠΙ.
140 3437 185 3488 70.
205 3433 319 3488 Suetoa.
339 3435 370 3486 als
388 3433 483 3486 illustr.
505 3433 625 3487 Gramm.
643 3437 685 3486 22.
713 3435 787 3500 Ergo
804 3435 926 3486 maximo
950 3435 1022 3486 huno
1047 3433 1139 3486 studio
1157 3433 1211 3485 sibi
1228 3431 1327 3499 adjun-

71 3519 146 3584 gebat
161 3523 318 3587 Augustus,
336 3525 368 3572 ut
385 3520 445 3586 ejus
463 3535 547 3587 opera
563 3519 593 3572 ia
610 3533 684 3571 novo
702 3518 843 3572 dominatu
857 3523 984 3573 uteretur.
1002 3521 1078 3572 Haec
1095 3517 1210 3572 historia
1221 3517 1328 3584 egregie

71 3605 253 3673 conjecturam
272 3611 395 3658 nostram
414 3607 511 3658 firmat.
530 3603 710 3670 intelligimus
722 3605 795 3658 enim
812 3605 884 3669 inde,
903 3605 924 3657 I.
942 3606 1097 3674 Augustum
1111 3606 1145 3657 de
1154 3606 1327 3673 jureconsul-

71 3689 102 3741 tis
113 3691 252 3758 primariis
265 3690 318 3744 sibi
335 3690 513 3744 conciliandis
525 3704 690 3756 magnopere
707 3689 853 3742 laborasse.
873 3690 955 3753 Quod
967 3707 1033 3744 sane
1045 3707 1102 3760 non
1115 3691 1223 3743 fecisset
1234 3694 1326 3742 tantus

72 3775 216 3843 PrinoepS,
234 3775 289 3829 nisi
315 3790 409 3828 eorum
434 3791 546 3842 operam
569 3773 712 3842 perutilem
735 3775 788 3827 sibi
808 3773 834 3827 in
853 3789 926 3826 novo
949 3775 1103 3841 principatu
1126 3775 1326 3838 constituendo,

73 3861 229 3930 legibusque
248 3861 283 3912 ad
301 3865 472 3926 praesentem
490 3866 591 3913 statum
607 3859 746 3912 flectendis
764 3859 1142 3913 futuramanimadvertisset.
1160 3861 1195 3912 11.
1214 3857 1326 3910 Talibus

69 3944 262 4010 jureconsultis
280 3945 375 3998 amicis
400 3961 463 3998 cum
487 3945 529 3997 uti
552 3939 686 4008 voluisse,
707 3959 822 4013 quorum
850 3944 902 3997 sibi
925 3944 1088 4012 obsequium
1104 3943 1279 4011 probaretur,
1298 3943 1328 3996 id

72 4037 118 4094 est,
136 4031 281 4097 Capitonis
301 4031 445 4095 sinilibus,
463 4030 512 4098 qui
529 4046 585 4082 non
603 4029 717 4098 antiquo
732 4028 789 4096 juri
806 4028 944 4082 mordicus
962 4021 1147 4092 inhaererent,
1165 4029 1214 4080 sed
1230 4027 1327 4080 callide

72 4113 229 4169 inservirent
246 4115 424 4182 temporibus.
441 4119 487 4184 Ex
497 4129 560 4188 ‘quo
578 4114 695 4184 denique
712 4113 873 4180 colligimus,
892 4115 942 4168 111.
953 4131 1010 4168 non
1028 4114 1082 4166 alia
1099 4114 1133 4166 de
1149 4129 1248 4165 caussa
1264 4129 1327 4168 eum

73 4201 254 4267 respondendi
270 4202 428 4254 facultatem
445 4201 610 4270 quibusdam
622 4205 728 4253 tanturn
742 4200 937 4266 jureconsultis
955 4199 1072 4261 dedisse,
1086 4213 1170 4267 quam
1183 4201 1215 4248 ut
1231 4213 1327 4252 eorum

72 4287 178 4340 calamis
196 4291 320 4339 uteretur
338 4286 374 4337 ad
398 4288 470 4352 leges
488 4290 592 4338 veteres
610 4290 637 4336 et
654 4285 682 4338 in
700 4285 785 4339 libera
807 4284 952 4352 republica
970 4287 1091 4348 receptas
1110 4284 1282 4348 evertendas,
1299 4290 1327 4337 et

73 4385 155 4423 novae
172 4371 282 4440 imperii
300 4369 345 4423 sui
361 4371 465 4422 turmae
482 4377 558 4424 tanto
575 4369 682 4424 facilius
700 4371 957 4423 adcommodandae.
974 4369 1060 4421 Plura
1077 4369 1112 4420 dc
1125 4366 1243 4434 Augusti
1254 4363 1327 4434 'pru-

74 4455 162 4508 dentia
183 4453 352 4522 νομοθετικῄ
369 4456 489 4510 ἀίκίωιιε
513 4454 542 4508 iu
568 4456 667 4522 Praef.
691 4457 832 4512 Commeat
854 4456 891 4507 ad
906 4456 939 4507 L.
957 4451 1014 4504 Jul.
1036 4461 1062 4504 ct
1086 4454 1215 4528 Papium,
1242 4462 1325 4522 quam

74 4540 202 4594 evolvisse
218 4558 277 4597 non
296 4539 454 4608 poenitebit.
473 4542 551 4596 Heia
582 4539 590 4548 ’

1109 4640 1129 4681 O
