3080 5154
350 341 421 425 Qus
448 343 502 410 Es
529 343 581 410 Ex
609 344 714 450 Quis.
740 344 863 416 Grues.
890 346 1041 418 Menum
1148 344 1150 356 '
1253 356 1322 423 109

69 520 212 582 liberosve
230 521 321 582 tollat
335 524 367 602 v)
372 565 382 595 ,
398 521 613 602 jurejurando
630 521 739 602 adiget
751 524 794 602 ¹),
811 526 837 584 ἡ
857 543 978 604 queque
989 525 1119 606 J'urs’bur
1128 532 1322 607 patronatus

65 630 202 707 pnbatcr
215 630 262 707 1).

579 825 661 879 cnr.
682 827 763 880 xus.
777 827 804 894 ι)

134 969 201 1033 DE
223 970 303 1052 EO,
326 968 458 1045 QUOD
480 967 530 1031 IN
553 965 785 1032 FRAUDEM
805 966 1018 1033 PATRONI
1039 969 1245 1037 FACTUM.

145 1125 186 1186 Si
204 1127 281 1207 quid
300 1126 369 1186 dole
388 1126 471 1186 mulo
493 1123 599 1186 liberti
609 1125 735 1202 sactum
763 1128 881 1204 erttfl),
905 1146 965 1206 quo
986 1130 1108 1222 'minum
1130 1149 1224 1210 quam
1242 1151 1321 1212 pars

67 1233 165 1293 dedita
180 1233 340 1312 bonorum,
357 1233 401 1292 ad
407 1240 580 1313 patronum
596 1231 701 1311 ejusve
714 1231 826 1293 liberes
836 1235 1010 1313 perveniat,
1024 1234 1065 1310 nl,
1083 1235 1168 1317 quod
1184 1237 1321 1313 infrau-

67 1340 128 1399 dem
152 1339 231 1420 legis
248 1340 379 1417 suetum
400 1342 474 1411 err't,
495 1339 616 1400 nullum
640 1346 724 1399 esto.-
745 1339 828 1420 quod
850 1341 883 1399 s'n
894 1339 1052 1417 fraudem
1066 1343 1213 1422 patrous,
1232 1362 1320 1404 revo-

68 1455 149 1507 eutor
162 1445 208 1526 b).

67 1767 114 1804 non
131 1752 292 1804 ducturum:
311 1767 388 1806 rsus.
405 1750 464 1804 Lib.
482 1750 523 1804 ΙΙ.
540 1753 572 1804 Ι..
585 1756 610 1804 6.
622 1752 642 1818 ξ.
657 1755 682 1804 2.
696 1752 752 1802 eod.
771 1751 870 1804 Incidit
887 1759 994 1817 auum,
1013 1755 1060 1822 qui
1079 1754 1178 1822 adegit,
1197 1774 1232 1812 ne
1249 1755 1321 1810 inca

67 1842 160 1888 certum
172 1842 282 1903 tempus
301 1837 401 1888 liberos
420 1837 511 1902 tollat,
530 1852 597 1887 neve
614 1835 695 1888 aliam
713 1851 828 1888 uxorem
848 1838 942 1902 ducat,
956 1855 1038 1906 quam
1057 1840 1091 1892 de
1110 1857 1165 1910 qua
1186 1848 1320 1911 patrenus

67 1920 185 1986 senserit,
204 1923 248 1973 vel
265 1936 322 1973 non
339 1920 394 1973 nisi
410 1921 592 1984 celtiberum,
608 1925 657 1972 aut
673 1924 790 1987 patrono
807 1929 965 1988 cognatum:
984 1925 1016 1977 L.
1034 1929 1059 1978 3.
1076 1926 1098 1993 ξ.
1109 1931 1135 1979 b.
1153 1928 1191 1980 D.
1208 1928 1240 1979 de
1260 1927 1321 1979 Suis

67 2015 88 2058 et
102 2007 169 2075 legit.
187 2005 279 2058 bered.
298 2007 378 2060 Helu.

131 2093 164 2159 v)
189 2089 264 2152 Quid
282 2091 307 2143 si
324 2096 456 2157 patronus
474 2089 598 2142 libertam
615 2089 747 2155 adegerit,
765 2090 806 2143 uti
824 2091 876 2144 sibi
891 2093 1021 2146 nuberetl
1039 2110 1115 2149 rsus„
1131 2095 1189 2148 Lib.
1204 2097 1320 2150 ΙΙ.1,.6

67 2177 136 2242 §.ult
156 2178 190 2228 de
203 2175 266 2229 Jur.
282 2184 356 2244 patr.
376 2179 420 2228 vel
437 2192 471 2227 ne
489 2174 580 2226 illicite
599 2175 728 2227 nuberet?
746 2176 778 2228 L.
793 2179 817 2227 3.
832 2177 853 2242 ς.
866 2181 891 2228 5.
909 2177 942 2228 de
962 2175 1023 2230 Suis
1041 2188 1067 2230 et
1084 2181 1133 2246 leq.
1151 2179 1208 2232 ber.
1226 2181 1268 2232 vel
1287 2197 1320 2232 ne

68 2278 94 2313 eu
109 2261 200 2314 liberis
219 2253 408 2327 impuberibus
423 2259 553 2312 nuberet?
570 2262 602 2312 L.
615 2263 657 2312 31.
681 2261 771 2317 Quies
783 2277 799 2310 a
818 2258 885 2328 quib.
899 2277 968 2312 man.
986 2261 1070 2313 Nullo
1089 2261 1187 2315 borum
1205 2279 1320 2315 casuum

66 2353 188 2412 patronus
202 2347 267 2413 jure
285 2360 336 2396 suo
355 2344 465 2397 excidit.
483 2345 520 2396 At
537 2344 640 2396 excidit
656 2343 704 2396 illo
716 2344 842 2408 omnino,
857 2343 905 2412 qui
922 2343 983 2410 ipsc
999 2361 1054 2398 nou
1071 2347 1203 2398 ducturus
1222 2347 1320 2414 adegit.

69 2437 146 2486 temen
172 2432 313 2496 libertam,
328 2447 363 2482 ne
385 2429 446 2495 alii,
465 2445 547 2497 quam
573 2429 626 2482 sibi
649 2429 778 2482 nuberet:
796 2443 873 2482 rsus.
891 2427 950 2482 Lib.
968 2428 1009 2482 II.
1027 2430 1060 2481 L.
1077 2432 1102 2482 6.
1120 2431 1142 2498 ξ.
1160 2435 1185 2485 3.
1206 2433 1238 2484 de
1256 2433 1320 2484 Jur.

66 2526 127 2583 petr.
144 2519 227 2570 Hein.

126 2603 161 2670 x)
181 2601 250 2653 Item
269 2599 318 2668 qui
331 2598 526 2666 jusjurandum
543 2615 599 2652 non
610 2597 746 2666 probibet
766 2601 932 2666 Exemplum
945 2599 1009 2652 vide
1026 2599 1101 2666 apud
1113 2615 1188 2654 eruc.
1203 2599 1262 2654 Lib.
1277 2602 1319 2656 II.

70 2688 97 2737 L.
112 2691 134 2738 6.
146 2704 191 2755 pr.
210 2688 268 2739 eod.
294 2687 375 2739 Heiu.
1298 2751 1301 2762 ¹

127 2773 158 2839 y)
177 2773 240 2824 lmo
257 2776 286 2823 et
302 2770 380 2823 liberi
398 2771 473 2837 ejus:
492 2773 524 2824 L.
546 2773 586 2823 15.
606 2770 661 2823 eod.
688 2769 769 2821 Unde
789 2785 839 2821 uec
856 2770 892 2822 ad
910 2771 1057 2837 legitimum
1074 2770 1252 2824 hereditatem
1269 2771 1319 2826 ed-

69 2853 216 2909 mittuntur:
235 2858 269 2908 L.
287 2861 313 2910 3.
330 2858 351 2923 ἦ.
370 2861 395 2910 5.
417 2856 449 2907 de
468 2856 530 2908 stete
547 2863 573 2906 et
597 2855 645 2922 ley.
663 2853 720 2907 lter.
746 2853 858 2906 Interim
875 2860 965 2908 tamen
983 2859 1059 2910 salve
1076 2873 1126 2922 per
1145 2858 1214 2910 banc
1231 2859 1318 2923 legem

69 2941 157 2993 mansit
171 2939 357 3008 jurisjurandi
370 2939 473 3008 religio.
492 2941 596 2992 Verum
610 2938 792 3006 jurisjurandi
810 2936 892 2990 etiem
909 2939 1068 3006 hujusmodi
1082 2941 1197 3006 gratiam
1215 2939 1317 2994 libertis

70 3025 263 3094 libertabusque
288 3025 353 3077 iecit
374 3026 434 3077 Lex
455 3025 530 3078 Julia
551 3031 578 3076 et
602 3022 691 3090 Pupia
715 3023 862 3088 Poppaea:
881 3035 957 3074 ΡΑυι.
974 3021 1033 3076 Lib.
1050 3024 1092 3075 ΙΙ.
1111 3027 1143 3076 L.
1161 3029 1187 3076 6.
1206 3025 1227 3091 ξ.
1245 3030 1269 3077 4.
1286 3027 1317 3078 de

69 3109 121 3162 Jur.
138 3119 212 3179 patr.
243 3108 373 3163 Diximus
399 3125 432 3163 eu
454 3111 489 3161 de
506 3126 536 3161 re
558 3106 667 3174 plenius
687 3106 717 3160 in
739 3108 881 3160 Commeat.
903 3107 940 3158 ad
959 3107 992 3158 L.
1010 3106 1067 3158 Jut.
1086 3117 1111 3158 et
1131 3111 1201 3176 Pap.
1219 3111 1251 3160 L.
1275 3108 1318 3162 11.

71 3211 88 3245 e.
104 3200 139 3248 16.
158 3196 242 3248 Hebe.

127 3281 158 3348 u)
178 3279 245 3346 Egit
262 3279 297 3332 de
309 3282 361 3334 boe
372 3277 459 3347 capite
477 3291 578 3332 erutus
590 3276 664 3330 Libr.
676 3277 734 3330 ΙΙΙ.
747 3279 779 3330 Ι..
793 3284 834 3332 11.
854 3277 885 3330 Si
901 3277 966 3346 quid
976 3276 1003 3328 in
1013 3275 1113 3343 fraud.
1124 3284 1199 3344 patr.
1218 3276 1317 3344 Sequi-

71 3367 107 3414 tur
121 3364 215 3433 itaque
233 3361 329 3418 ultima
347 3382 410 3432 pars
427 3364 496 3432 legis
514 3363 548 3414 de
565 3365 744 3427 patronorum
761 3363 976 3430 libertorumque
993 3359 1096 3414 officiis.
1115 3361 1195 3414 Hein.

128 3451 157 3517 a)
180 3449 246 3502 Non
271 3455 313 3502 est
336 3450 430 3513 dolus,
448 3449 473 3501 si
494 3453 627 3515 patronus
655 3445 804 3499 consentit:
827 3461 903 3500 erun.
922 3445 980 3498 Lib.
1001 3446 1060 3498 ΙΙΙ.
1078 3448 1110 3500 L.
1124 3451 1165 3498 ll.
1183 3448 1239 3502 eod.
1257 3464 1316 3512 nec,

71 3530 91 3582 si
105 3531 215 3586 libertus
230 3533 322 3586 dotem
340 3536 387 3586 dat
404 3533 487 3586 tiliae:
502 3534 538 3587 L.
552 3538 576 3585 l.
588 3533 608 3600 ξ.
624 3535 664 3584 10.
677 3533 734 3584 eod.
747 3547 806 3597 nec,
822 3533 846 3584 si
858 3532 936 3586 vivus
950 3531 1045 3584 amicis
1063 3531 1133 3584 bene
1150 3533 1316 3586 merentibus

72 3616 184 3672 donavit:
202 3621 236 3671 L.
249 3623 275 3672 9.
288 3619 345 3671 eod.
364 3618 440 3672 Alius
458 3617 526 3670 nibil
543 3617 666 3681 interest,
685 3631 858 3684 quocumque
875 3617 958 3668 modo
973 3617 1049 3668 fraus
1067 3617 1121 3684 legi
1137 3619 1220 3670 famu:
1238 3619 1271 3669 L.
1288 3621 1315 3670 4.

71 3717 105 3766 pr·
122 3705 153 3756 L.
173 3709 197 3756 1.
216 3704 238 3770 ξ.
258 3709 281 3756 l.
300 3708 326 3756 3.
347 3707 388 3757 13.
409 3706 449 3756 18.
466 3721 504 3772 sq.
523 3702 677 3755 ecd.·Her'rt.

129 3789 160 3856 b)
181 3788 258 3852 Quid
276 3787 317 3853 si,
336 3788 411 3857 quod
433 3788 461 3840 in
484 3787 608 3839 fraudem
629 3785 738 3852 patroni
759 3786 924 3852 alienatum,
941 3800 997 3837 non
1019 3790 1124 3839 exstet!
1141 3789 1174 3838 L.
1192 3786 1240 3838 ult.
1258 3788 1315 3839 eod.

73 3870 134 3931 Quid
154 3889 221 3926 vero
239 3872 346 3925 intersit
363 3873 433 3925 inter
450 3870 567 3924 alienare
584 3870 613 3922 in
633 3871 756 3924 fraudem
775 3872 856 3938 legis,
875 3877 903 3924 et
919 3870 1042 3938 patroni,
1064 3872 1124 3923 fuse
1146 3884 1246 3922 elusus
1266 3887 1315 3923 ex-

72 3955 175 4017 plicsse
205 3957 312 4010 videtur
328 3955 387 4009 Lib.
404 3957 463 4009 111.
487 3973 576 4025 eoque
601 3957 704 4009 refero:
722 3955 755 4006 L.
775 3958 814 4008 17.
837 3957 892 4013 Qut
908 3965 934 4008 et
950 3975 967 4009 c
986 3955 1054 4028 quib.
1081 3972 1150 4006 man.
1169 3957 1202 4007 L.
1216 3958 1264 4008 66.
1283 3956 1315 4006 de

79 4037 100 4090 V.
120 4041 149 4092 0.
168 4043 249 4095 Helu.
1161 4049 1162 4054 ’
