3062 5164
198 421 274 488 330
559 417 741 482 Aornnnrx
765 415 839 482 Lm.
866 415 889 483 1.
915 412 1000 482 Car.
1027 413 1088 484 Vl.

200 593 277 658 tulit
292 613 359 658 non
373 591 536 654 Aemilius
559 591 691 676 quidam
707 591 818 676 Papus
833 595 876 672 ¹),
892 611 964 672 neo,
979 571 1109 655 nt'Ant.
1128 592 1317 676 Augustino
1335 590 1461 668 visum,

199 702 352 786 Papirius
368 700 501 785 quidam
510 744 520 782 ,
536 699 595 762 sed
610 700 647 764 C.
663 700 787 788 Papius
803 699 935 783 Celsus,
951 701 1007 786 qui
1023 721 1138 765 omnes
1160 699 1374 786 peregrinos,
1389 719 1462 760 ex-

200 809 303 895 eeptis
326 810 383 891 iis,
400 809 457 894 qui
471 808 605 872 Italiam
624 807 842 890 incolebant,
866 817 900 872 et
916 809 1104 895 Glaucippo
1127 810 1240 873 nescio
1263 814 1347 893 quo,
1368 808 1462 870 urbe

201 939 316 981 exesse
327 918 441 1002 jussit:
457 916 526 980 Dio
542 917 630 980 Cass.
643 917 816 980 XXXVII.
826 917 856 980 9.
873 917 941 981 Cic.
958 921 997 980 de
1015 921 1104 1002 Offs‘e.
1115 920 1174 980 ΠΙ.
1188 918 1239 980 li.
1254 919 1376 1000 Agrar.
1386 919 1415 975 1.
1427 916 1461 976 4.
1514 942 1515 1023 μ

197 1047 257 1108 pro
279 1028 399 1091 Arclu'a
416 1048 442 1087 c.
459 1027 488 1087 5.
503 1030 549 1107 ·).
582 1024 822 1089 idem-deinde
845 1027 1037 1090 factitarunt
1057 1029 1294 1112 Imperatores,
1322 1024 1460 1109 quoties
1514 1025 1516 1118 l

202 1134 324 1198 arctior
343 1155 475 1197 annona
502 1133 683 1196 incolarum
707 1155 876 1197 numerum
900 1134 1049 1198 imminui
1073 1141 1238 1200 suaderet.
1267 1134 1459 1217 Augustum
1516 1158 1517 1212 μ

201 1265 320 1326 magna
334 1245 489 1326 quondam
507 1243 682 1315 sterelitate,
697 1263 735 1303 αο
748 1243 870 1325 difficili
877 1245 1021 1316 remedio,
1036 1247 1199 1307 venalitios
1215 1253 1248 1307 et
1265 1244 1462 1305 imeneorum
1517 1265 1518 1294 i

161 1366 169 1376 ·
193 1352 348 1430 sornatius,
357 1355 606 1434 peregrinosque
621 1371 736 1424 manea,
752 1357 890 1433 sareptis
910 1353 1036 1414 medabus
1054 1362 1086 1414 et
1096 1353 1364 1435 prememoratus,
1380 1369 1460 1432 por·
1518 1373 1519 1380 ¹

203 1468 323 1541 temque
346 1462 560 1533 senseram,
580 1460 657 1520 urbe
680 1461 851 1540 sepultam,
874 1467 990 1523 auctor
1012 1467 1061 1523 est
1086 1460 1223 1524 Sueton.
1250 1461 1339 1542 Aeg.
1360 1479 1388 1520 c.
1408 1457 1457 1518 42

202 1565 297 1630 Idem
319 1587 377 1629 suo
400 1573 551 1649 tempore
574 1566 712 1649 factum,
736 1567 950 1652 conqueritur
965 1567 1117 1632 Ambros.
1135 1571 1174 1631 de
1195 1567 1284 1651 Offlc.
1303 1569 1365 1628 III.
1392 1565 1456 1628 Sed

192 1663 368 1759 'posterius
382 1673 448 1736 hoc
464 1673 651 1759 exemplum
668 1673 711 1737 de
727 1676 889 1757 barbaris,
904 1675 1035 1740 Romae
1051 1676 1348 1756 commorantibus,
1362 1675 1455 1738 vide-

154 1827 157 1830 -
205 1793 259 1845 tur
280 1779 545 1864 intelligendum.
572 1781 654 1845 Nati
681 1783 768 1846 enim
795 1783 830 1846 in
856 1784 938 1848 orbe
960 1783 1113 1847 Romano
1134 1790 1259 1848 tantum
1287 1785 1400 1864 abest,
1423 1791 1459 1844 ut

205 1887 314 1951 Roma
327 1888 520 1970 exsnlarint,
534 1897 572 1952 ut
582 1890 755 1953 maximam
770 1889 1059 1974 plebisRomanae
1075 1898 1201 1974 partem
1217 1892 1456 1956 constituerent

208 1998 267 2060 sub
284 1996 554 2081 imperatoribus,
565 1997 706 2060 maxime
722 2019 765 2060 ex
780 2019 846 2084 quo
864 2008 1014 2084 tempore
1029 2021 1155 2082 omnes,
1169 1999 1276 2085 quiin
1293 1999 1367 2062 orbe
1379 1997 1455 2062 Ro—

207 2125 306 2168 mano
328 2105 505 2188 vivebant,
527 2105 615 2168 cives
638 2126 709 2168 esse
726 2106 871 2191 jusserat
892 2107 1084 2172 Antoninus
1099 2105 1284 2172 Caracalla.
1305 2108 1378 2172 Jam
1398 2104 1456 2166 sub

207 2213 402 2278 Domitiano
425 2236 466 2277 ea
485 2214 527 2277 de
544 2213 688 2278 colluvie
711 2216 925 2301 conqueritur
940 2215 1112 2280 Juvenalis
1127 2215 1195 2278 Set.
1210 2216 1270 2276 111.
1286 2235 1315 2276 ο.
1330 2212 1383 2278 58.
1398 2234 1459 2294 sqq.

359 2339 448 2415 Quos
461 2359 547 2401 nune
560 2339 703 2402 desertus
717 2362 796 2422 gens
811 2344 1024 2423 mcepnsstma
1038 2345 1164 2414 nostris,

356 2447 403 2508 Et
416 2467 493 2527 quos
502 2451 820 2534 proees‘pnsfags‘am,
830 2449 1132 2530 properabo'seters'5

357 2554 426 2615 Nee
437 2555 542 2635 pedor
556 2554 694 2617 cassata.
709 2556 784 2619 Non
794 2578 924 2639 possum
930 2557 1036 2634 serre,
1054 2557 1200 2632 Qm'rs'tes,

359 2662 516 2722 Graecam
531 2661 647 2740 urbem,
663 2669 803 2746 quamvis
817 2675 912 2746 quote
925 2667 1137 2745 portlosasos's
1152 2665 1296 2726 Aeboes'?

358 2769 561 2850 Iampridem
577 2769 679 2850 Syrus
696 2776 729 2834 a'n
748 2773 878 2834 Ilbers'rn
893 2773 1025 2849 deflerit
1046 2773 1194 2844 Orontes,

358 2877 404 2938 Et
417 2878 569 2957 liugnam,
584 2888 614 2939 et
628 2899 739 2953 mores,
754 2889 786 2940 et
804 2900 874 2942 cum
890 2880 1012 2942 ts'bs‘cs'ns
1025 2881 1175 2943 chordas

364 2985 521 3066 ostensas,
536 3006 593 3047 nee
607 2989 815 3067 magensem
830 2997 980 3068 tympana
991 3007 1099 3075 seeum

365 3093 463 3165 Venit,
477 3101 509 3154 et
523 3094 567 3153 ad
583 3093 707 3156 Οίνονον
718 3095 830 3176 jussas
842 3105 991 3175 prostare
1011 3098 1143 3176 puellos.

212 3219 256 3280 Et
284 3215 497 3280 Herodianus
522 3217 607 3278 Hs'st.
631 3215 912 3301 1.12.referens,
943 3197 1167 3303 pestilentiam
1192 3217 1252 3280 sub
1278 3215 1462 3280 Commodo

211 3325 397 3390 Romanum
421 3326 534 3388 orbem
562 3322 767 3407 devastasse,
794 3346 865 3387 eam
887 3327 1090 3410 potissimum
1116 3325 1210 3390 addit
1234 3326 1268 3388 in
1295 3324 1458 3388 civitatem

156 3421 160 3436 ⁸
212 3433 395 3497 Romanam
418 3433 590 3515 saeviisse,
620 3431 871 3516 πολυάνθρωπόν
896 3461 928 3498 τε
955 3425 1064 3513 οὖσαν,
1088 3437 1138 3499 καὶ
1166 3431 1236 3508 τοὺς
1265 3429 1464 3517 πανταχόθεν

216 3540 458 3623 ὑποδεχομένην,
479 3561 559 3620 quae
580 3547 612 3602 et
628 3559 739 3621 perse
757 3543 872 3624 popolo
890 3543 1077 3617 abundarit,
1097 3551 1128 3605 st
1148 3543 1288 3604 adsessos
1312 3547 1376 3602 toto
1394 3540 1467 3600 orbe

202 3650 403 3726 construentes
417 3652 580 3730 exceperit.
598 3647 693 3711 Idem
707 3648 746 3710 L.
760 3649 828 3710 VII.
842 3671 867 3711 ο.
880 3649 910 3712 7.
922 3649 1038 3734 populi
1048 3649 1193 3714 Romani
1207 3646 1369 3729 indolem,
1384 3667 1467 3732 qua-

213 3755 254 3829 lis
277 3757 335 3819 sub
351 3755 535 3818 Maximino
551 3755 756 3840 imperatore
779 3758 895 3840 fuerit,
919 3759 1154 3841 descripturus:
1180 3757 1243 3821 Kal
1263 3754 1378 3830 πάντες
1402 3755 1464 3836 μὲν,

215 3862 340 3948 inquit,
363 3859 448 3946 ὄχλον
472 3869 581 3946 κοῦφοι
600 3862 674 3949 πρὸς
695 3863 732 3930 rei
755 3865 1021 3950 καινοτομούμενα·
1047 3866 1064 3931 ὅ
1090 3866 1123 3930 δὲ
1139 3866 1295 3946 Ῥωμαίων
1314 3863 1414 3948 δῆμος
1437 3866 1465 3925 ἓν

121 4133 125 4141 .
284 4087 312 4154 r)
333 4088 375 4139 Ita
392 4084 595 4140 existimaverat
606 4088 698 4140 nescio
715 4088 785 4156 quis,
799 4103 880 4156 quem
899 4087 1004 4141 erudite
1015 4087 1113 4141 refellit
1130 4087 1192 4140 Car.
1206 4086 1301 4152 Sigon.
1316 4087 1350 4138 de
1364 4086 1465 4138 Itbmin.

217 4173 296 4225 Rom.
310 4189 340 4239 p.
360 4176 434 4225 1426.
452 4172 516 4239 edit.
535 4175 659 4226 Gotbolr.
678 4173 758 4232 Heia.

285 4257 314 4323 s)
335 4257 546 4310 Monumentum
570 4259 652 4324 hujus
679 4259 747 4324 legis
770 4258 874 4323 Papiae
897 4257 1034 4324 egregium
1056 4262 1147 4308 exstat
1172 4256 1201 4308 in
1224 4255 1314 4308 numia
1337 4257 1369 4308 L.
1389 4253 1466 4320 Papii

114 4383 119 4394 ,
217 4341 305 4406 Celsi,
324 4342 355 4396 C.
377 4343 450 4395 illius
471 4343 551 4409 Papii
575 4343 738 4410 legislatoris
762 4343 887 4408 adgnati,
905 4344 933 4396 in
960 4342 1060 4412 quibus
1085 4342 1185 4394 tabella
1207 4339 1388 4406 conspicitur,
1406 4355 1466 4391 cum

216 4425 313 4479 litteris
331 4442 398 4493 asar,
415 4445 498 4498 vam
516 4429 550 4482 de
567 4429 689 4495 legebas
707 4429 794 4494 Papia
808 4429 1018 4497 interpretantur
1033 4429 1081 4480 Ee.
1095 4428 1197 4494 Spanh.
1216 4427 1248 4478 de
1260 4443 1310 4477 asu
1328 4435 1355 4477 et
1368 4433 1467 4494 praest.

217 4513 337 4569 nomem.
361 4515 405 4568 VI.
418 4533 449 4583 p.
469 4520 525 4568 leo.
549 4517 626 4568 Fulv.
649 4512 740 4566 Ursin.
758 4515 790 4566 de
808 4516 904 4568 Paruit.
923 4515 1002 4568 Rem.
1015 4533 1045 4583 p.
1065 4517 1125 4567 196.
1151 4513 1244 4574 Adde,
1264 4525 1336 4578 qnae
1359 4511 1393 4564 de
1417 4511 1467 4561 hac

218 4598 278 4663 lege
295 4597 414 4652 diximus
432 4600 539 4665 plenius
558 4600 586 4652 in
608 4599 704 4652 Comm.
724 4601 760 4652 od
776 4601 809 4652 L.
827 4599 884 4652 Jul.
903 4607 928 4650 et
947 4601 1018 4667 Pap.
1032 4601 1127 4678 ,Ρομμ
1146 4597 1169 4651 I.
1187 4601 1213 4649 3.
1232 4595 1313 4648 Heln.
