3040 5164
685 389 763 458 Lm.
788 388 835 457 ll.
860 387 941 455 Tm.
967 387 1028 456 lll.

816 566 845 646 §-
865 564 897 627 2.

602 683 746 736 &rastrum
762 681 934 750 praediorum
951 678 1123 732 urbanorum.

203 783 206 791 ¹
319 784 471 848 Praediis
498 784 548 870 bis
577 782 709 848 urbanis
738 782 850 846 variae
872 782 1124 866 praestabantur
1150 781 1340 860 servitutes,
1369 779 1464 862 quales

128 909 133 916 '
236 903 331 958 erant
346 899 448 956 onsn'r
454 893 601 972 serendi,
617 894 699 974 tigni
710 892 909 962 banuttcndr',
928 890 1090 960 stillrbr'dr'r',
1101 891 1259 965 staminas,
1282 889 1412 959 cumae,
1428 890 1462 948 ct-

235 1006 298 1064 tr'us
320 1002 450 1064 tollendi
467 1003 517 1062 ccl
536 1022 597 1062 non
618 999 754 1071 tollendi,
776 1000 942 1072 luminam,
964 1009 995 1060 ct
1015 1000 1115 1058 oliae:
1138 997 1166 1076 §.
1182 994 1211 1057 1.
1227 997 1304 1058 last.
1320 997 1347 1055 h.
1362 1004 1382 1055 t.
1403 993 1461 1076 Gaji

236 1112 314 1173 Inst.
329 1111 370 1171 11.
389 1110 419 1171 1.
433 1107 463 1170 3.

820 1214 848 1294 g.
870 1211 901 1275 a.

682 1329 800 1382 Servitus
818 1330 905 1382 oneris
915 1329 1036 1397 serendi.

320 1433 374 1497 Sic
385 1432 514 1496 vicinae
527 1430 627 1494 aedes
639 1431 839 1493 tenebantur
847 1449 1091 1514 nonnumquam
1102 1429 1282 1492 vicinarum
1297 1427 1459 1506 onus't'erre,

236 1542 456 1606 vel'alicnum
480 1538 841 1601 aedilicium-columna
858 1537 913 1600 vel
936 1537 1064 1621 pariete
1086 1559 1145 1600 suo
1167 1538 1345 1617 sustinere,
1361 1535 1458 1598 colun·

236 1669 377 1732 namque
394 1657 428 1712 et
445 1647 604 1730 parietem
621 1655 796 1729 praeterea
812 1666 854 1706 ex
874 1654 971 1730 pacto
994 1645 1141 1708 reficere.
1163 1645 1259 1707 Haec
1281 1654 1352 1708 erat
1371 1661 1459 1708 sunu·

236 1774 302 1822 'rus
322 1772 454 1820 orturus.
476 1754 552 1816 Non
570 1774 651 1837 ergo
671 1754 749 1817 idco
767 1777 786 1816 a
807 1754 940 1817 domino
962 1753 1092 1837 praedii
1113 1753 1287 1816 servientis
1308 1752 1457 1815 reficienda

238 1872 310 1927 erat
333 1863 485 1925 columna
508 1862 671 1943 serviens,
689 1860 779 1944 quod
800 1861 864 1924 boc
884 1870 1021 1924 naturae
1043 1861 1137 1946 hujus
1157 1861 1325 1924 servitutis
1347 1862 1458 1924 inesset:

237 1971 296 2034 sed
312 1971 402 2055 qnod
418 1991 458 2032 ea
474 1968 541 2048 lex,
558 1968 592 2031 id
608 1976 668 2050 est,
682 1968 851 2052 stipulatio
868 1968 901 2031 in
918 1969 1146 2032 constituenda
1163 1967 1323 2054 servitute
1334 1978 1402 2030 esset
1414 1970 1456 2029 in-

237 2078 412 2161 terposita:
436 2093 554 2142 ramas
577 2094 680 2140 onam
698 2093 857 2140 nnnunno
877 2093 935 2139 urr
955 2093 1047 2140 nunc
1066 2093 1139 2158 usu,
1156 2092 1214 2138 rra
1232 2092 1303 2140 srr:
1323 2076 1412 2140 nat.
1427 2078 1459 2136 D.

237 2187 276 2248 de
293 2186 380 2247 Sero.
392 2187 504 2266 praed.
520 2186 588 2246 arb.
611 2184 694 2247 Nam
717 2184 751 2247 id
767 2185 829 2247 sibi
850 2183 972 2246 diserte
989 2207 1009 2246 a
1024 2184 1133 2247 vicino
1149 2184 1304 2248 solebant
1326 2183 1458 2268 stipulari,

238 2310 283 2356 ur
304 2308 459 2354 Runromr
482 2307 604 2355 namna
628 2307 823 2375 Quannnro,
847 2292 901 2355 vel
927 2309 1050 2355 narina
1071 2307 1268 2373 sunuorrnt,
1295 2292 1348 2355 vel
1367 2291 1458 2376 quovis

237 2401 304 2464 alio
323 2413 445 2484 opere:
468 2399 506 2460 L.
523 2399 553 2460 6.
569 2401 598 2481 §.
612 2400 641 2459 5.
658 2401 698 2460 D.
716 2400 755 2462 δι’
769 2421 847 2462 reru.
862 2402 945 2463 or'rrri.
967 2399 1124 2477 Quamvis
1147 2421 1228 2462 vero
1252 2399 1338 2463 hanc
1358 2400 1460 2485 pactio

236 2531 311 2572 nem
328 2515 442 2570 contra
453 2514 600 2569 naturam
617 2506 808 2570 servitutum
821 2529 891 2570 esse
901 2508 1032 2593 judicet
1045 2507 1160 2571 Gallus
1171 2507 1350 2591 Aquillius,
1363 2508 1458 2593 quippe
1496 2523 1508 2555 τ

177 2682 181 2687 ,
237 2637 321 2702 qune
347 2613 476 2699 praedii
498 2613 670 2676 servientis
692 2615 827 2678 domino
851 2616 1079 2678 necessitatem
1107 2615 1232 2700 aliquid
1256 2615 1395 2680 faciendi
1415 2617 1458 2676 in-

175 2759 181 2770 „
236 2731 354 2806 ponat:
372 2723 408 2784 L.
424 2722 474 2783 15.
491 2722 519 2802 §.
535 2721 563 2784 1.
579 2725 620 2784 D.
636 2724 675 2783 de
691 2725 908 2797 servitutibus,
924 2724 1049 2786 evaluit
1065 2731 1173 2786 tamen
1186 2723 1295 2787 Servii
1311 2723 1458 2800 sententis,

58 2813 68 2824 ’
138 2911 142 2918 ¹
237 2832 292 2916 qui
309 2832 393 2893 banc
409 2829 632 2892 conditionem
650 2830 683 2892 in
695 2829 757 2893 hac
770 2830 928 2893 servitute
949 2831 1089 2914 admisit,
1110 2832 1187 2917 quia
1203 2834 1374 2898 servientis
1386 2851 1460 2917 prae·
1506 2895 1507 2902 ,

236 2939 283 3001 dii
298 2937 448 3001 dominus
464 2939 574 3001 facere
591 2937 673 3001 nihil
690 2946 837 3022 cogatur,
854 2940 912 3002 sed
929 2940 1089 3023 parietem
1111 2940 1165 3002 vel
1186 2940 1371 3004 columnam
1387 2941 1460 3004 derc-

235 3047 387 3131 linquere
403 3046 515 3129 possit,
533 3056 567 3109 ut
583 3054 676 3130 patet
693 3067 735 3108 ex
750 3047 786 3108 L.
801 3047 831 3108 6.
843 3048 872 3128 §.
886 3047 917 3109 2.
932 3049 972 3108 D.
989 3049 1028 3109 St
1039 3053 1143 3111 servit.
1158 3051 1268 3111 vindic.
1285 3051 1328 3131 b).

820 3215 848 3295 §.
869 3213 899 3273 4.

670 3330 787 3382 Servitus
806 3331 871 3397 tipnr'
888 3331 1050 3382 immittendi.

319 3434 354 3495 Si
370 3434 459 3518 cujus
481 3433 589 3516 paries
604 3452 670 3494 non
693 3438 760 3493 tam
777 3452 858 3494 onus
881 3431 981 3494 vicini
996 3433 1085 3496 ferre
1106 3441 1289 3514 teneretur,
1306 3455 1398 3518 quam
1411 3427 1461 3516 pati

210 3614 212 3618 .
236 3540 402 3621 dominus,
424 3549 460 3603 ut
483 3539 608 3622 tignum
632 3539 862 3602 immitteretur
885 3561 943 3602 suo
966 3542 1102 3624 parieti,
1127 3550 1198 3605 erat
1217 3541 1301 3604 haec
1325 3550 1462 3606 sunvlrts

235 3665 566 3712 T1GN11MM1'ruunn1.
588 3648 670 3710 Erat
684 3667 764 3708 vero
786 3647 912 3737 tignum
936 3648 1040 3711 omnis
1057 3649 1227 3726 materies,
1250 3672 1337 3736 quae
1354 3650 1393 3714 ad
1413 3657 1462 3712 tec-

235 3763 321 3838 tum,
348 3755 403 3819 vel
427 3753 611 3817 aedificium
635 3754 867 3817 exstruendum
893 3762 965 3818 erat
986 3756 1126 3836 idonea,
1151 3765 1185 3820 et
1208 3756 1345 3822 alterius
1367 3751 1461 3842 parieti

235 3862 364 3926 immitti
386 3870 533 3946 potert,a
505 3861 653 3926 tvcluti
673 3861 776 3940 trabs,
796 3861 897 3946 lapis,
919 3865 1055 3928 ferrum:
1078 3863 1251 3944 1..1.§.1.
1268 3867 1309 3926 D.
1332 3867 1372 3928 de
1389 3865 1462 3946 ligna

227 3973 330 4053 janot.
354 3969 512 4047 Quamvis
527 3970 613 4033 enim
633 3969 803 4033 architecti
826 3971 990 4034 strictiore
1006 3995 1055 4035 usa
1047 3971 1226 4036 'vocabuli
1242 3970 1504 4099 significatione

234 4078 360 4162 tignum
380 4099 440 4162 pro
456 4078 626 4142 trabibus
617 4101 652 4141 ιιι
668 4078 918 4162 contignatione
935 4081 1116 4164 accipiant.
1138 4081 1269 4144 Vitruv.
1287 4082 1328 4142 X.
1343 4082 1373 4142 5.
1387 4051 1504 4142 aliterl

234 4193 345 4249 tamen
367 4184 590 4268 loquebantur
610 4187 688 4252 Jcti
706 4188 749 4250 ob
773 4186 986 4270 exemplum
977 4210 1011 4250 ιιι
1034 4186 1111 4272 lege
1127 4188 1202 4250 XII
1219 4187 1400 4251 tabularum
1420 4198 1463 4242 et·

303 4393 335 4459 b)
354 4391 494 4457 Rationes,
515 4409 599 4460 quare
617 4391 739 4443 conditio
757 4361 810 4444 ista
827 4408 882 4444 non
901 4390 954 4444 nisi
971 4390 999 4444 in
1018 4392 1069 4442 hac
1087 4389 1215 4444 servitute
1233 4391 1353 4444 admissa
1364 4389 1414 4440 sit?
1428 4396 1462 4434 ex·
1502 4419 1503 4470 3

235 4474 335 4538 plicare
358 4481 472 4536 conatus
490 4493 549 4530 sum
567 4477 595 4529 in
620 4476 859 4540 commentatione,
885 4492 954 4544 quae
977 4475 1146 4529 inscribitur:
1171 4473 1236 4526 iiber
1256 4475 1371 4527 Servitus
1396 4479 1461 4521 ortem

225 4559 350 4623 ferend&
369 4561 451 4612 Arcb.
466 4560 494 4626 s.
514 4562 560 4612 cio.
583 4562 631 4612 Pr.
651 4561 732 4612 XIV.
751 4577 826 4613 num.
847 4567 886 4613 14.
910 4559 994 4611 Mitt.
