3056 5154
214 375 289 442 ΒΜ
621 311 625 316 ¹
661 368 738 436 Lm
761 368 822 436 w.
845 367 927 436 Trr.
951 367 1011 438 Vl.

214 546 410 610 Praetorem
431 563 568 628 rapere,
590 543 618 606 si
640 543 792 606 nimirum
813 544 849 606 bi
873 553 983 608 esseut
1006 543 1166 628 improbi,
1187 554 1225 610 et
1248 547 1468 627 intestabiles,
1519 625 1520 628 Ἴ

213 653 319 718 veluti
335 651 434 732 times,
449 651 601 731 lenones,
614 659 777 734 raptores,
784 652 856 736 jam
871 650 1090 716 observarunt
1102 651 1220 716 Joacb.
1235 654 1416 737 Hopperus
1430 657 1469 716 de
1519 669 1520 672 ’

215 769 287 822 arte
301 762 390 840 jure
409 760 494 822 lior.
512 761 573 820 IIL
593 758 730 842 ejusque
755 758 936 843 discipulus
954 759 1026 822 Jao.
1044 759 1213 824 Raeverrl.
1235 763 1282 822 ad
1294 761 1369 822 ΧΙΙ
1377 763 1467 822 rau.
1519 825 1520 832 χ

215 890 241 928 e.
254 868 286 930 5.
295 888 331 949 p.
346 865 398 928 27.
419 867 466 928 Et
486 887 566 929 sane
587 864 673 929 hane
694 866 963 929 observationem
984 867 1091 931 firmat
1112 868 1340 931 testimonium
1356 868 1467 931 Plauti

214 974 249 1038 iu
265 975 370 1036 Pereo
385 975 455 1036 Aet.
469 973 528 1035 IV.
539 992 584 1036 sc.
596 972 626 1034 9.
641 995 670 1036 v.
685 973 736 1036 10.
751 972 810 1036 ubi
825 973 995 1037 Dordalus
1008 973 1089 1038 leno
1102 974 1138 1038 in
1147 974 1203 1058 jus
1219 984 1356 1038 vontus
1370 974 1434 1039 nite

339 1090 455 1151 Nom
475 1092 671 1150 antestans?
697 1096 700 1100 ’

216 1203 279 1268 Cui
294 1203 500 1267 adversarius
514 1203 646 1267 Saturio
660 1203 858 1288 respondet:

367 1319 467 1382 luan’
487 1340 545 1400 ego
564 1340 690 1393 caussa,
710 1321 876 1398 connrj'er,

367 1427 542 1510 Qumpuam
561 1430 689 1489 mortali
704 1429 800 1490 labero
821 1429 928 1488 aureis
949 1433 1109 1489 alterurn?

218 1544 374 1608 Ceterum
385 1551 495 1608 tantus
506 1551 579 1605 erat
591 1543 715 1606 veteris
724 1541 808 1626 juris
818 1543 920 1626 rigor,
933 1551 970 1605 ut
985 1541 1105 1606 liceret
1119 1563 1223 1626 reum,
1237 1545 1339 1609 etism
1350 1565 1464 1629 aegro-
1519 1617 1520 1620 Ἴ

216 1661 285 1715 tum
301 1673 339 1716 ao
355 1659 526 1714 senectute
536 1670 645 1734 paene
655 1649 853 1732 confectum,
863 1652 1017 1735 jumento
1031 1651 1232 1735 impositum,
1243 1674 1333 1717 nova
1347 1653 1463 1716 funeris
1519 1651 1520 1734 l

216 1759 303 1823 facie
325 1760 360 1822 in
384 1758 549 1821 comitium
571 1778 708 1842 rapere:
731 1757 861 1824 Gellius
879 1757 986 1821 Novit.
1004 1763 1071 1820 Au.
1096 1759 1218 1823 1211.
1240 1759 1338 1838 Quae
1359 1762 1462 1822 omnia
1519 1749 1520 1762 ¹

219 1867 347 1951 legibus
363 1865 638 1930 decemviralibus
657 1865 793 1929 inducta
808 1874 899 1947 sunt,
920 1866 1038 1951 quibus
1059 1866 1107 1929 ita
1122 1875 1251 1930 cautum
1268 1867 1367 1930 fnisse
1380 1867 1462 1951 legi-
1519 1945 1520 1950 ἵ

216 1995 303 2037 mus:
326 1989 662 2039 s1.1u.rus.voclr.
685 1987 810 2049 Arous.
833 1987 909 2036 uno.
933 1989 980 2036 ur.
1003 1991 1048 2036 rr.
1065 1989 1324 2038 surrsrsuruo.
1345 1992 1462 2038 remor.

217 2101 275 2147 uu.
294 2098 424 2146 onrrro.
446 2097 486 2146 ει.
508 2097 686 2144 ussurus.
707 2097 831 2145 runnu.
846 2099 898 2143 vu.
919 2096 1053 2144 sunum.
1070 2097 1205 2145 uuuuu.
1221 2099 1326 2146 nuno.
1343 2099 1461 2146 suono.

218 2207 259 2254 sr.
277 2205 421 2254 nonnus.
436 2205 590 2253 usurus.
605 2207 655 2252 vu.
672 2205 802 2251 vrrruu.
817 2205 924 2252 userr.
942 2205 1011 2263 our.
1028 2205 1073 2251 ru.
1086 2203 1156 2252 rus.
1173 2205 1330 2254 vounsrr.
1342 2206 1462 2254 suurn-

218 2312 473 2361 run.nnro.s1.
489 2313 612 2360 nourr.
628 2312 800 2360 nornen.
817 2311 873 2359 uu.
890 2311 1076 2360 ernnurro:
1091 2295 1210 2359 Cicero
1227 2299 1268 2360 de
1281 2299 1378 2379 Legg.
1390 2297 1462 2358 [rs.

217 2405 378 2469 Horatius
394 2404 535 2476 Sermon.
551 2405 618 2465 Ιώ.
634 2405 661 2466 I.
678 2413 739 2466 sot.
756 2403 787 2465 9.
802 2425 830 2465 o.
848 2403 900 2464 76.
921 2402 1134 2486 Porphyrion
1154 2404 1256 2466 Selol.
1273 2405 1363 2468 Non.
1380 2405 1462 2468 Mar-

219 2510 427 2576 cellusl2tl.
437 2533 472 2593 p.
485 2509 558 2572 486.
573 2509 704 2574 Gellius
717 2513 738 2573 t.
754 2532 780 2572 e.
794 2515 865 2592 Ι’).,
949 2536 958 2557 .

712 2641 714 2649 J
790 2683 818 2764 5.
840 2682 891 2745 15.

601 2797 678 2856 Quae
695 2799 768 2851 eirea
784 2799 858 2852 illam
870 2808 965 2877 postea
983 2807 1093 2853 mutate.

302 2897 481 2962 Enimvero
502 2906 677 2983 postquam
706 2899 880 2963 cultiorum
900 2901 1069 2964 nationum
1092 2919 1167 2962 usus
1193 2899 1381 2982 rubiginem
1405 2901 1466 2984 pri-

220 3004 337 3068 atinam
369 3027 388 3066 e
413 3004 638 3068 Romanorum
672 3008 816 3070 moribus
840 3007 958 3072 sensim
984 3009 1139 3071 extersit:
1163 3006 1266 3070 multa
1296 3007 1466 3070 commenti
1519 2983 1520 3038 3

221 3120 295 3174 sunt
310 3112 395 3194 juris
410 3119 578 3195 auctores,
598 3122 635 3177 ut
650 3114 799 3178 duriores
814 3115 889 3178 illas
906 3115 998 3177 dein
1011 3117 1067 3199 jus
1081 3113 1258 3177 vocatione
1278 3114 1376 3198 leges
1391 3135 1466 3199 quo·
1519 3121 1520 3128 ’

221 3217 395 3281 dammodo
414 3219 569 3284 lenirent.
590 3221 703 3285 Primo
725 3223 811 3285 enim
836 3222 992 3306 quasdam
1017 3242 1172 3305 personas
1195 3220 1249 3284 vel
1272 3220 1376 3306 plane
1395 3243 1464 3300 non,
1519 3225 1520 3230 ’

221 3325 276 3390 vel
291 3327 420 3390 nonnisi
437 3329 611 3412 impetrata
623 3353 643 3394 a
654 3331 815 3393 Praetore
826 3330 935 3410 venia,
949 3330 982 3391 in
993 3330 1048 3414 jus
1059 3349 1179 3392 vocare
1191 3328 1329 3392 licebat.
1340 3327 1463 3392 Deinde
1519 3385 1520 3398 ,

221 3444 386 3498 matronas
401 3434 436 3497 in
446 3435 501 3518 jus
516 3447 649 3500 vocatas
664 3437 830 3522 attingere
846 3437 939 3499 nefas
953 3435 1153 3500 habebatur:
1168 3435 1326 3500 Valerius
1337 3435 1467 3499 Maxim.

221 3542 264 3602 II.
284 3541 314 3601 l.
331 3542 361 3602 5.
376 3545 420 3622 α).
440 3542 534 3605 Idem
549 3544 657 3609 honor
677 3545 808 3609 habitus
829 3543 1053 3628 impuberibus
1073 3551 1107 3606 et
1123 3541 1262 3627 puellis,
1279 3543 1393 3636 alieno
1404 3543 1467 3627 juri
1519 3547 1520 3612 l

290 3778 321 3844 z)
340 3779 384 3830 De
402 3778 430 3831 in
452 3781 500 3847 jus
523 3781 665 3835 vocatione
690 3783 816 3836 universe
841 3767 990 3837 vid.'Saoe.
1013 3783 1107 3834 Herm.
1125 3797 1178 3835 van
1200 3779 1314 3847 ldsiuga
1331 3780 1390 3834 Lab.
1408 3781 1468 3847 einp.

229 3860 367 3915 Voriomm
376 3865 452 3933 juris
470 3865 551 3918 civilia
568 3884 591 3918 o.
608 3869 685 3922 3-7.
704 3884 730 3932 p.
753 3870 861 3920 19-59.
878 3871 906 3928 et
923 3865 987 3919 Iuni
1006 3867 1169 3919 Geldermau
1187 3866 1259 3918 Dies.
1282 3867 1423 3924 Quemne
1440 3865 1468 3916 de

108 3945 110 3952 “
222 3949 329 4016 antiqua
346 3947 373 3999 in
391 3950 441 4019 jur
459 3953 592 4003 vocatione
612 3972 645 4004 ex
663 3950 761 4019 Ieyibsu
780 3952 849 4004 XII
861 3951 1012 4004 tabularum
1029 3960 1055 4002 et
1072 3951 1155 4002 edicto
1173 3950 1318 4002 Praetor-rb
1336 3952 1369 4004 de
1386 3953 1414 4003 in
1423 3951 1469 4017 jus

222 4035 346 4084 nocendo.
364 4033 513 4086 Harderov.
535 4039 609 4088 1778.
626 4041 650 4089 4.
677 4037 720 4088 De
738 4037 827 4088 verbis
845 4037 905 4088 ΧΠ
923 4037 1091 4095 tabularum,
1110 4049 1181 4102 quae
1202 4034 1239 4086 ed
1256 4049 1318 4088 eam
1336 4039 1468 4100 spectant:

222 4116 419 4169 Unterholzuer
445 4119 472 4171 iu
496 4119 625 4185 peculiari
650 4120 748 4174 Gomm.
766 4135 836 4188 quae
855 4121 951 4186 legitur
976 4121 1005 4174 'm
1027 4122 1053 4174 d.
1068 4118 1196 4172 Zeitselrr.
1213 4117 1244 4184 f.
1260 4119 1350 4188 peselo.
1370 4120 1407 4172 a.
1434 4117 1468 4170 u.

223 4201 254 4254 Τ.
271 4202 307 4253 II.
325 4217 399 4256 num.
418 4204 512 4256 XVII.
531 4219 556 4268 p.
574 4207 720 4260 432-440.
734 4207 871 4272 (Dirksen
887 4207 978 4258 Kritr'k
994 4224 1020 4257 ιι.
1033 4205 1206 4271 Herstellunp
1220 4204 1246 4256 d.
1261 4203 1331 4256 XII
1342 4203 1467 4269 Toselpm

221 4298 248 4348 p.
268 4288 359 4338 129-
370 4289 458 4354 154.);
478 4287 595 4356 denique
613 4290 647 4342 de
665 4290 857 4344 antestatioue:
873 4291 933 4344 Jac.
957 4293 1041 4344 Henr.
1062 4289 1158 4342 Bomii
1175 4289 1226 4356 Ep.
1251 4290 1283 4340 de
1302 4287 1468 4342 morbose

222 4367 250 4418 iu
258 4368 308 4436 jus
324 4371 471 4424 vocantium
489 4373 562 4439 opud
578 4374 723 4428 Romanos.
742 4375 816 4440 Lips.
837 4380 912 4430 17³7.
929 4380 955 4426 4.
973 4373 1065 4428 Horeb.

291 4453 322 4518 a)
343 4455 476 4520 Tempore
491 4458 712 4511 Decemvirorum
724 4458 805 4512 etiam
823 4461 939 4514 feminas
953 4466 1044 4525 raptas
1058 4460 1087 4514 in
1101 4460 1149 4526 jus
1168 4473 1235 4520 esse,
1254 4461 1331 4524 patet
1347 4455 1467 4518 exemplo

224 4533 362 4602 virginiae
380 4542 453 4606 apud
472 4541 579 4596 Livium
598 4542 655 4595 ΙΙΙ.
673 4547 716 4596 44.
733 4543 812 4598 Heio.
891 4559 893 4564 ’
