3040 5164
310 407 366 477 Du
392 407 529 481 Lnunr.
558 407 758 496 &nunnus
783 409 925 482 Annur.
951 417 1018 482 ete.
1222 419 1291 488 ter

25 582 257 652 uero'nsnnz
278 601 383 668 nune,
406 601 542 652 rumne:
564 595 728 654 neuwen
750 603 849 654 usura
873 604 964 654 nanu
986 603 1105 654 sunno:
1127 590 1290 675 Ulpianus

25 695 99 758 tlnl.
115 695 150 776 §-
164 693 195 759 4.
210 693 289 758 Vim
307 694 479 760 verborum
494 692 638 776 illorum,
654 693 783 780 quibus,
795 705 831 761 ut
846 715 888 760 ex
903 695 982 760 In2.
994 717 1045 780 pr.
1058 705 1093 761 et
1110 697 1207 762 Μ.
1221 701 1290 782 §.b

25 803 68 864 D.
84 803 136 864 ad
144 803 187 866 L.
199 803 317 884 Aquili.
333 801 481 886 adparet,
498 801 596 868 etiam
611 801 820 887 legislatores
836 804 1023 886 utebantur,
1038 805 1126 869 idem
1143 807 1291 891 explicat

26 909 172 974 Servius
192 910 238 971 ad
256 910 363 992 Wrgr't
379 911 509 976 Aenean.
526 910 601 974 XII.
615 931 644 974 o.
662 911 734 976 727.
758 897 798 978 In
809 915 887 995 jure
903 933 998 993 quum
1018 914 1134 976 «letter
1148 935 1292 978 narrum

25 1038 122 1090 sero,
141 1019 206 1080 lton
228 1026 286 1092 est,
305 1019 475 1082 damnatus
492 1039 536 1092 es,
558 1027 595 1082 ut
613 1020 676 1092 den,
691 1020 748 1082 boc
769 1030 829 1092 est,
848 1022 964 1084 dumiso
983 1029 1028 1094 to,
1047 1030 1085 1084 ut
1101 1022 1174 1095 dea,
1191 1043 1293 1105 neque

26 1128 109 1188 elstra
134 1126 293 1194 lidermis
314 1125 460 1190 Perinde
483 1147 564 1210 ergo
586 1126 641 1191 hie
658 1125 755 1192 heres
777 1136 849 1192 erat
873 1127 1059 1213 obligatus,
1082 1149 1122 1192 ac
1142 1129 1169 1192 si
1191 1129 1248 1193 vel
1272 1153 1292 1197 s

25 1233 169 1318 judice,
192 1230 248 1296 vel
270 1232 311 1294 ab
338 1232 412 1316 ipso
430 1233 643 1318 legislatore,
665 1243 752 1300 esset
773 1233 953 1300 damnatus.
972 1237 1076 1301 Unde
1100 1243 1136 1300 et
1155 1235 1198 1301 lis
1217 1238 1292 1302 infi-

31 1340 161 1406 ciando
177 1340 348 1408 crescebat
360 1340 396 1408 in
415 1340 567 1426 duplum:
581 1341 680 1416 Pauli
697 1343 851 1408 smeret.
865 1344 1006 1426 Bsoeptt
1020 1347 1047 1406 Ι.
1061 1343 1112 1407 19.
1128 1344 1159 1408 l.

502 1498 507 1510 .
629 1494 766 1576 Μ,

492 1601 620 1669 Leyotnm
638 1599 742 1654 numdi
756 1601 842 1656 modo.

114 1701 271 1765 Sruuunr
291 1717 385 1763 nono
403 1699 451 1764 itu
463 1699 654 1785 legabatur:
670 1718 779 1766 nunus
799 1717 891 1766 unns
909 1719 1050 1768 nunnus
1071 1720 1156 1769 nsro
1172 1720 1293 1770 sununs

37 1827 172 1874 unsrun
187 1823 312 1872 urrunnu
330 1823 464 1873 sununs
479 1825 682 1892 nemausen,
697 1823 831 1886 siurone
845 1825 992 1874 unsrun:
1009 1811 1146 1896 Ulpiani
1160 1814 1293 1896 Fragm.

37 1919 164 1981 XXIV.
182 1919 214 1979 5.
247 1916 325 2002 Gaji
344 1920 421 1981 Just.
443 1919 485 1979 ΙΙ.
502 1917 532 1979 5.
546 1917 576 1981 9.
600 1917 668 1998 (cf.
695 1922 822 2001 genuina.
842 1929 1001 1982 comment.
1021 1917 1066 1983 ΙΙ.
1083 1919 1291 2004 209-215.)
1325 1909 1327 1916 ¹

39 2027 148 2091 Heres
164 2047 248 2109 ergo
271 2025 487 2088 damnabatur
504 2025 648 2112 quidem,
672 2031 708 2088 nt
728 2025 855 2110 aliquid
873 2029 954 2090 sumi
970 2035 1151 2112 pateretur,
1167 2029 1225 2093 sed
1243 2029 1296 2092 le-

40 2137 168 2218 gatario
186 2133 284 2198 simul
298 2133 563 2218 permittebatur,
579 2142 615 2198 ut
630 2133 758 2218 aliquid
775 2155 904 2198 sumere
920 2141 1042 2219 posset.

649 2331 656 2346 .
677 2283 708 2348 6.

452 2392 581 2461 hymnam
594 2286 648 2462 ped
661 2394 885 2462 praeceptionem.

125 2493 283 2578 Denique
297 2507 362 2556 nnn
377 2507 658 2578 rnannurmonnu
673 2491 834 2578 legebant
848 2491 909 2557 sie:
922 2507 1043 2557 uncins
1059 2507 1173 2556 rrrrns
1187 2507 1296 2556 runnu

38 2621 109 2668 nnn
131 2617 351 2666 rnnnerrlros
368 2599 506 2685 Ulpiani
525 2601 658 2684 magn.
676 2600 801 2662 XXIV.
812 2600 842 2663 6.
863 2599 929 2682 vel,
945 2607 982 2664 ut
998 2601 1033 2664 in
1051 2599 1138 2664 notis
1152 2599 1296 2684 Magno-

41 2711 86 2773 nis
109 2717 180 2773 est:
198 2708 236 2770 P.
257 2707 291 2770 S.
313 2707 353 2769 T.
369 2705 411 2784 Q.
432 2707 476 2770 H.
493 2723 702 2788 Pnnsscll’1T0,
722 2724 1018 2790 annumeremur
1041 2725 1185 2772 nnnnro.
1205 2707 1297 2794 (Gaj.

48 2816 87 2880 ll.
99 2819 128 2902 §-
145 2814 356 2895 ern-228.)
380 2813 449 2879 Res
463 2813 529 2878 hoc
546 2815 645 2878 modo
660 2814 774 2899 legata
789 2819 1009 2899 praelegatum
1028 2817 1219 2898 vocabatur,
1240 2816 1296 2880 vel

42 2929 265 3009 praecipuum:
280 2923 398 2986 Festus
414 2923 473 2985 sub
492 2943 576 2986 voce
594 2925 772 3026 Esmpuum
786 2946 820 3008 p.
838 2917 909 2986 284.
928 2923 1029 3007 idque
1047 2922 1299 3012 relinquebatur
1424 2977 1427 2984 .

45 3034 97 3096 uni
120 3054 166 3095 ex
190 3029 419 3094 coheredibus.
442 3030 606 3115 Exempla
626 3041 700 3098 sunt
723 3030 810 3115 apud
834 3030 1004 3096 Valerium
1021 3032 1113 3096 Max.
1135 3032 1205 3096 VII.
1219 3031 1250 3095 8.
1265 3031 1296 3094 4.

44 3139 191 3206 Plinium
207 3138 322 3219 ripert
343 3139 378 3200 V.
391 3139 421 3201 7.
436 3137 607 3202 Sidonium
624 3141 740 3222 Epion
760 3140 813 3202 VI.
827 3138 878 3202 12.

631 3289 660 3369 §-
681 3287 712 3350 7.

446 3365 610 3463 Dpffsrmia
627 3394 722 3450 lorum
740 3393 896 3462 leprosum.
984 3399 990 3407 '

126 3491 329 3557 Differentiae
342 3493 431 3556 inter
443 3491 503 3558 hes
514 3493 651 3579 legandi
664 3495 779 3559 modos
798 3517 865 3559 non
878 3517 943 3559 una
958 3501 1037 3558 erat.
1059 3492 1127 3556 Per
1141 3509 1299 3557 vinulos-

46 3619 179 3666 monum
198 3597 306 3690 legari
320 3606 474 3688 poterant
490 3623 552 3688 res,
569 3623 655 3688 quae
671 3611 821 3698 tempore
840 3603 952 3668 mortis
966 3611 1000 3666 et
1016 3601 1095 3666 facti
1108 3599 1298 3664 testamenti

46 3709 215 3774 testatoris
238 3729 280 3772 ex
296 3710 373 3794 jure
395 3709 573 3788 Quiritium
597 3711 729 3779 fuerant
742 3717 785 3794 ⁰).
817 3711 966 3792 Quodsi
988 3717 1097 3776 tamen
1121 3729 1190 3790 res,
1212 3728 1298 3794 quae

49 3912 86 3962 ll.
106 3908 190 3962 Heia.
208 3907 271 3960 Vid.
289 3912 317 3959 et
334 3907 395 3976 st.
414 3908 450 3962 11.
461 3908 483 3976 ξ.
503 3911 560 3962 197.
578 3907 607 3962 in
624 3910 642 3962 f.
661 3907 829 3976 omninoque
846 3908 881 3961 de
894 3907 958 3974 jure
974 3922 1023 3972 per
1040 3903 1242 3962 damnationem
1260 3907 1299 3960 le·

46 3993 101 4057 neti
119 3993 140 4060 ξ.
160 3993 308 4046 ool-208.
326 3991 483 4046 vocabatur
500 3993 581 4047 etun
599 3994 632 4045 do
650 3993 707 4061 ispo
725 3994 856 4058 legatum
885 3992 938 4045 Vae.
956 3993 1065 4060 Fraqm.
1083 3992 1104 4058 ξ.
1118 3993 1160 4044 75.
1178 3987 1266 4042 Melit

115 4077 147 4142 e)
169 4073 199 4128 Si
216 4089 260 4128 res
279 4075 368 4142 legera
385 4077 514 4143 pondere,
528 4093 664 4142 mensure,
676 4093 790 4134 numero
807 4076 958 4140 oommbut,
971 4076 1129 4141 sufficiebat,
1141 4073 1165 4126 si
1178 4079 1301 4140 tempore

47 4161 144 4214 mortis
158 4160 223 4226 jure
241 4160 390 4222 Quiritium
415 4163 552 4218 testatoris
571 4169 650 4218 esset
667 4163 749 4218 Retio
766 4179 839 4224 tero,
858 4162 894 4216 ob
912 4175 995 4230 quom
1013 4159 1232 4227 morigennae
1251 4158 1301 4210 do·

47 4245 164 4300 minium
182 4244 377 4313 Quiriuriun,
394 4249 461 4302 haee
478 4254 550 4311 eret,
569 4246 634 4314 quie
656 4246 786 4314 legatario
810 4246 947 4314 ejusmodi
963 4245 1163 4298 concedebatur
1182 4244 1222 4297 rei
1242 4243 1302 4299 vin·

48 4329 162 4395 dierum
181 4345 252 4398 quae
274 4332 341 4384 olim
358 4333 549 4388 instituebatur
566 4334 616 4388 bne
633 4333 765 4388 immina:
791 4347 864 4388 nanc
881 4345 933 4386 rso
951 4345 1005 4384 neu
1023 4345 1059 4384 nx
1076 4343 1142 4382 rnna
1158 4341 1301 4387 unimanus

48 4430 126 4472 111111
145 4431 206 4468 usse
223 4429 286 4472 ulo:
305 4418 401 4475 Cicero
414 4437 469 4487 pro
487 4419 621 4474 blerana
637 4437 660 4472 e.
679 4423 720 4474 12.
746 4421 807 4475 Hac
823 4433 890 4474 vero
911 4415 1028 4483 formale
1051 4413 1145 4482 utique
1170 4416 1210 4468 uti
1228 4413 1301 4467 haud

50 4501 187 4565 potuisset
204 4502 371 4568 legatarius,
394 4503 448 4558 nisi
466 4520 510 4558 res
533 4506 622 4570 legun
646 4505 785 4558 testatoris
803 4503 900 4560 fuisset
917 4519 952 4556 ex
972 4501 1035 4568 jure
1053 4497 1210 4562 Quiritium.
1238 4498 1300 4550 Vid.
1395 4493 1398 4498 ’

51 4587 84 4638 V.
102 4589 135 4640 (l.
154 4588 303 4655 schelling.
320 4589 476 4658 Jurtaprnd.
496 4590 626 4657 Anapum
641 4605 670 4657 p·
688 4593 749 4644 obl.
768 4590 848 4647 Heu
1037 4667 1104 4732 29*
