3062 5156
337 363 393 436 Du
417 363 573 434 Turnum
593 363 761 446 ,tunsa
787 365 914 438 Lrorr.
941 365 1032 438 Dar.
1244 376 1314 444 16³

70 537 198 626 tondeo
215 539 367 607 tribuunt
381 538 611 608 Grammaticis
626 543 710 623 λῆξις
725 541 893 616 hecdicus,
909 547 944 606 et
963 543 1123 628 λιιξὶαρχοι
1142 549 1315 629 myton-

70 649 377 712 mormannum.
400 646 568 734 Inprimis
584 655 694 712 autem
717 664 849 712 nunnus
863 649 992 714 Latinis
1016 657 1089 716 erat
1107 651 1195 737 legis
1213 653 1313 718 modo

71 755 255 836 disponere,
271 752 443 835 mandare,
464 753 575 838 legem
596 754 708 820 dicere
730 756 829 819 rebus
850 756 930 837 suis,
952 763 1149 840 νομοθετεῖν,
1169 769 1206 824 ut
1229 761 1316 824 infra

71 862 106 924 ed
117 864 240 924 titulum
263 863 303 926 de
321 863 453 944 degatis
474 861 676 927 docebimus.
698 864 802 944 Super
816 868 971 944 pecuniae
992 869 1146 929 tutelam
1167 869 1315 951 ἀρχαϊκῶς

72 968 184 1031 dicitur.
207 967 288 1030 Non
312 969 399 1032 enim
421 990 496 1032 raro
520 969 647 1053 antiqui
669 970 826 1055 exemplo
843 969 1044 1036 Graecorum
1069 945 1177 1038 oasuln
1198 995 1315 1039 seeun-

72 1075 134 1138 dum
155 1096 216 1158 pro
242 1083 339 1138 sexto
365 1075 578 1140 adhibebant.
600 1075 656 1139 Sic
679 1077 713 1140 in
736 1097 897 1140 marmore
919 1077 1202 1144 salernitanorum
1225 1081 1314 1164 apud

72 1181 152 1244 Grut.
166 1184 329 1266 Insmqrtt.
340 1205 373 1266 p.
392 1182 593 1246 CCCXLIII.
606 1182 637 1246 2.

406 1347 562 1394 donanto.
577 1346 713 1392 rmnno.
729 1347 877 1416 LsspN'l'lo

406 1453 580 1500 Pnrmnmo.
596 1453 684 1500 VIRO.
699 1453 752 1500 Er.
767 1455 907 1502 nnl'ront

406 1559 565 1608 MUNERlS·
581 1559 645 1608 SUI·
660 1559 740 1608 CUM.
755 1561 916 1610 FERARUM

407 1667 614 1716 maroneum
630 1669 698 1728 our.
716 1669 819 1716 vrxrr.
835 1669 906 1717 suu

406 1775 491 1822 xxx.
505 1775 711 1856 nronrssruo.
727 1777 818 1823 mmo
974 1749 977 1754 ’

355 1959 360 1966 ’
480 1974 791 2023 cousnonnnnnour

73 2111 200 2172 Peoum'o
215 2130 320 2194 porro
338 2130 405 2172 non
422 2108 527 2172 solnm
546 2131 680 2192 numos,
697 2111 755 2174 sed
778 2118 813 2173 et
835 2132 965 2177 omnem
982 2111 1195 2176 substantiam
1216 2120 1319 2176 testa-

73 2217 159 2299 toris,
175 2218 244 2280 imo
264 2228 298 2281 et
311 2217 389 2302 jura
405 2217 645 2302 complectitur.
671 2219 830 2300 Quidquid
849 2223 929 2281 enim
949 2219 1086 2280 domabas
1102 2221 1318 2300 possidentia

73 2333 163 2399 terra,
185 2347 323 2407 quorum
344 2326 463 2387 demetri
479 2335 569 2400 sunt,
583 2346 742 2387 eroum
767 2334 908 2398 uocatur,
929 2345 1039 2385 oerum
1061 2328 1118 2398 eit,
1138 2347 1210 2404 uae,
1229 2348 1319 2408 eger,

73 2432 162 2506 ordor,
174 2453 296 2515 pecua:
319 2433 470 2514 quidquid
491 2435 601 2495 dorum
621 2440 686 2506 est,
701 2454 858 2494 rnonnru
876 2441 1015 2504 vocatur,
1034 2430 1142 2516 inquit
1159 2431 1320 2514 Augusti-

74 2559 123 2600 nus
142 2539 179 2600 de
201 2541 336 2601 doctrin.
355 2539 468 2602 Christ.
490 2539 542 2601 VI.
552 2561 586 2620 p.
604 2538 676 2602 585.
702 2541 783 2602 lbm.
804 2539 856 2601 VI.
876 2540 953 2622 opp.
975 2536 1076 2622 plane
1090 2537 1251 2622 J'uridice,
1271 2537 1320 2620 uti

76 2655 154 2726 patet
169 2668 212 2709 ex
227 2647 269 2707 I..
283 2643 356 2707 222.
372 2646 413 2707 D.
429 2648 469 2708 de
485 2647 574 2708 Verb.
594 2649 700 2728 sigm's.
721 2645 879 2731 Denique
901 2661 988 2710 SUAE
1003 2662 1060 2710 mn
1084 2645 1160 2709 dum
1177 2647 1319 2730 additur,

78 2751 108 2812 id
121 2774 187 2817 sane
202 2753 420 2817 referendum
436 2752 478 2816 ad
500 2753 588 2837 ipsos
603 2750 727 2818 liberor
743 2751 788 2835 ὖ),
805 2753 862 2838 qui
873 2754 950 2837 jure
966 2752 1073 2815 veteri
1089 2762 1184 2818 erant
1202 2753 1237 2818 in
1259 2753 1321 2817 do·
1340 2803 1343 2810 »

76 2859 163 2922 minio
179 2860 379 2942 Quiritario,
401 2860 554 2947 adeoque
569 2877 632 2924 Rus
647 2878 797 2925 Mancrrr.
824 2859 907 2939 (did.
922 2860 964 2921 II.
983 2859 1041 2922 du.
1057 2860 1081 2920 I.
1098 2857 1208 2942 §.15.)
1235 2859 1320 2924 Sen-

75 2986 119 3027 sus
138 2988 219 3052 ergo
240 2975 307 3030 est:
329 2989 568 3052 quamcumque
590 2967 700 3051 legem
723 2963 962 3051 paterfamilias
980 2965 1014 3027 in
1037 2971 1236 3030 testamento
1260 2989 1319 3032 suo

76 3071 203 3156 dixerit,
227 3067 266 3137 'et
285 3096 493 3160 quocumque
513 3075 613 3138 modo
638 3074 855 3158 disposuerit,
879 3079 913 3134 et
936 3069 978 3132 de
1000 3071 1098 3133 rebus
1120 3071 1202 3154 ruis,
1223 3083 1258 3136 et
1277 3073 1319 3136 de

75 3179 141 3263 ipsis
156 3182 255 3245 bonis
271 3204 310 3245 ac
325 3181 536 3245 facultatibus
552 3203 676 3266 eorum,
693 3180 837 3261 (scilicet
852 3199 913 3263 per
928 3176 1193 3241 substitutionem
1208 3178 1321 3262 pupil-

74 3286 205 3372 larem),
231 3289 282 3352 ita
307 3298 413 3352 ratum
436 3298 511 3373 post
536 3298 676 3355 mortem
705 3289 858 3351 futurum.
888 3285 996 3364 Quum
1023 3283 1109 3348 enim
1136 3290 1236 3348 antea
1260 3285 1319 3348 sub

135 3510 166 3578 d)
186 3510 269 3563 Unde
287 3525 344 3562 non
361 3515 410 3576 est,
429 3509 505 3580 quod
521 3510 665 3564 lectionem
682 3511 754 3564 hano
771 3509 899 3563 sollicitet
915 3508 950 3560 V.
963 3506 994 3560 C.
1013 3506 1126 3558 Gerard.
1144 3505 1240 3558 Noodt
1258 3503 1320 3558 Ode.

75 3591 110 3644 ΙΙ.
128 3597 165 3648 19.
183 3593 232 3646 ubi
251 3593 304 3660 legi
318 3593 411 3661 jubet:
431 3595 520 3664 §uper
537 3594 619 3647 tutelo
634 3595 779 3665 pecuniave
797 3612 854 3656 rua,
873 3591 1011 3659 additque,
1030 3591 1139 3644 tutelam
1156 3607 1231 3643 mam
1249 3589 1322 3643 idem

76 3691 128 3729 esse
147 3695 180 3731 aa
201 3681 317 3732 tutelam
340 3680 416 3746 ejus,
434 3678 482 3747 qui
500 3695 567 3732 suus
588 3680 712 3733 testatori
737 3679 815 3731 heres
839 3678 883 3731 sit
906 3679 995 3730 Nemo
1013 3675 1086 3728 enlm
1107 3679 1207 3726 umere
1225 3674 1264 3726 ita
1281 3675 1323 3727 lo·

77 3770 202 3830 queretur.
221 3765 280 3818 Neo
297 3763 402 3826 obstat,
420 3766 533 3818 tutelam
550 3780 606 3818 uon
624 3766 724 3818 babere
741 3766 832 3818 looum
850 3763 880 3816 in
897 3762 1005 3827 liberis,
1023 3762 1089 3816 dum
1107 3764 1172 3814 sunt
1188 3775 1233 3812 res
1249 3775 1322 3824 suae,

77 3842 159 3914 idest,
176 3849 205 3902 in
224 3847 314 3915 patria
330 3855 464 3915 potestate
481 3850 629 3903 constituti.
648 3852 734 3918 Legat
751 3848 824 3902 enim
841 3853 918 3918 pater
935 3848 970 3901 de
988 3848 1073 3900 tutela
1084 3860 1150 3898 sune
1164 3843 1212 3906 rei,
1230 3842 1321 3896 sedin

77 3946 130 3983 enm
148 3949 250 3996 ossum,
270 3949 325 4002 quo
344 3933 422 3987 liberi
439 3933 523 3988 futuri
541 3934 596 3986 sint
612 3934 702 4001 eapite
719 3933 811 3986 libera.
830 3933 911 3985 Heia.
928 3933 962 3984 ln
976 3929 1159 3999 legitimorum
1176 3927 1323 3980 verborum

76 4017 238 4070 restitutione
256 4016 428 4082 Heineooius,
445 4025 552 4084 praeter
569 4034 626 4083 eos,
645 4033 714 4087 quos
733 4019 839 4083 alleget,
857 4022 1000 4082 auctores,
1017 4016 1136 4068 maxime
1154 4016 1263 4065 secutus
1281 4015 1324 4062 est

76 4099 254 4154 Florentinum
271 4102 338 4167 Leg.
355 4105 398 4154 5³.
416 4118 459 4168 pr.
478 4105 509 4155 ds
527 4102 598 4155 sord.
616 4103 706 4173 sipm's.
723 4103 875 4156 lectionem.
893 4102 930 4155 At
943 4115 999 4153 non
1013 4098 1143 4167 estquod
1156 4095 1321 4158 dubitemus,

76 4184 139 4249 quin
157 4184 194 4236 ite
210 4187 288 4238 loons
306 4185 490 4240 restituendus
509 4187 545 4240 sit
564 4189 615 4257 (ex
632 4189 695 4256 Ulp.
713 4189 758 4240 Fr.
773 4188 827 4240 XI.
847 4187 920 4254 14.):
937 4185 978 4236 uti
993 4183 1099 4251 tepuerit
1114 4198 1195 4249 super
1208 4179 1324 4247 pecunia

77 4267 181 4319 tutelam
203 4286 267 4321 euos
292 4271 347 4332 rei,
365 4273 401 4324 ita
416 4272 467 4341 jus
490 4282 544 4326 esto
571 4273 705 4340 (Dirlrsen
730 4273 802 4324 Kn't.
826 4290 852 4326 ιι.
870 4267 1043 4335 Heratellunp
1067 4268 1116 4319 der
1139 4263 1325 4334 hails-Taso!
1388 4291 1390 4296 ¹
1430 4255 1432 4260 ⁸

77 4347 180 4417 Fradm·
197 4369 225 4419 l)-
244 4357 296 4407 ³24
308 4381 342 4393 -
354 4356 433 4423 ³³8),
450 4357 503 4408 hoo
528 4357 639 4427 quidem
663 4372 760 4410 sensu:
786 4357 827 4409 uti
849 4357 957 4426 quisque
981 4353 1064 4421 lepem
1081 4351 1178 4402 dixerit
1194 4367 1258 4402 satae
1275 4350 1330 4413 rei,

78 4433 126 4484 ⁸5⁶⁶
143 4453 221 4506 mPt’t·
234 4439 359 4505 Pecunia,
377 4441 430 4506 tine
448 4458 528 4510 super
546 4442 636 4510 tutelo,
654 4443 691 4496 ita
700 4443 750 4511 jus
768 4450 830 4495 este.
849 4440 914 4495 Vid.
932 4437 1064 4504 Sobilling
1081 4436 1159 4490 Bem.
1177 4433 1220 4488 u'b.
1239 4435 1276 4488 R.
1292 4434 1325 4485 G.

79 4531 103 4582 Ρ·
120 4522 162 4571 97·
179 4537 219 4588 sq.
237 4526 294 4574 not
312 4525 372 4576 228.
391 4523 479 4578 Muti.

1064 4604 1131 4668 11*
