3040 5164
295 399 349 468 Du
375 402 492 468 Rasus
518 397 718 470 Qnronnn.
745 402 800 468 En
826 401 1057 472 lnoonronan.
1232 408 1304 476 863

623 577 665 658 -§.
687 577 716 638 1.

276 693 365 746 &cira
383 691 500 762 definitio
518 709 609 744 rasum
628 693 806 762 cor-parabitur
821 704 847 748 ct
863 695 1079 764 incorporalium.

138 792 376 879 Philosophiae
396 785 522 857 ¹stoicae
547 793 678 857 deditos
697 796 795 859 luisse
811 797 989 881 plerosque
1004 796 1228 864 Romanorum
1242 802 1303 866 Ju-

53 902 265 976 reconsultos,
275 903 343 987 jam
357 923 454 986 supra
471 903 752 966 estobservatum.
767 905 873 989 Atqui
884 905 989 969 Stoici
999 927 1066 969 non
1079 906 1191 983 minus,
1206 928 1303 992 quam

53 1010 172 1095 reliqui
196 1009 402 1094 philosophi,
418 1030 471 1072 res
494 1031 607 1073 omnes
629 1011 662 1072 in
679 1013 868 1096 corporales
891 1019 990 1096 atque
1010 1013 1236 1097 incorporales
1252 1014 1304 1078 di-

55 1121 237 1203 stinguere,
260 1118 401 1202 illasque
423 1118 561 1180 definire
583 1118 753 1199 solebant,
777 1120 867 1204 quod
891 1129 1025 1205 possent
1047 1122 1154 1206 tangis
1175 1122 1303 1188 Seneca

55 1219 160 1310 Epist.¹
173 1225 224 1288 58.
267 1227 425 1307 Quidquid
446 1235 507 1298 est,
533 1237 592 1288 aut
618 1231 779 1310 corporate
804 1237 865 1300 est,
899 1238 957 1305 aut
980 1232 1182 1311 incorporale.
1208 1231 1301 1294 Idem

56 1338 149 1417 spici.
166 1333 237 1396 106.
264 1333 428 1414 Numquid
440 1343 485 1396 est
501 1334 636 1408 dubium,
654 1355 696 1394 an
714 1336 755 1408 id,
772 1356 832 1416 quo
850 1338 925 1415 quid
941 1358 1049 1398 aanor
1063 1346 1177 1420 potest,
1189 1358 1302 1419 corpus

55 1446 114 1505 sit?
136 1444 288 1506 Lactant.
308 1443 384 1503 Inst.
406 1442 508 1504 Dicin.
533 1441 601 1502 VH.
622 1442 673 1504 12.
696 1443 835 1505 Solidum
853 1452 885 1506 et
901 1445 1169 1526 comprehensibile
1190 1466 1302 1528 corpas

58 1561 108 1624 est,
127 1559 157 1612 ct
177 1554 275 1613 occulus
295 1558 327 1610 et
343 1570 439 1610 mann
460 1551 582 1611 uidetur
600 1558 631 1611 et
648 1554 801 1632 tangatur.
827 1553 879 1613 Ex
897 1552 1069 1636 Epicureis
1087 1553 1259 1615 Lucretius
1277 1554 1301 1612 I.

59 1679 84 1718 a.
99 1658 165 1720 305.

221 1767 366 1847 Tangere
380 1768 460 1825 enim
477 1774 508 1826 st
521 1769 621 1847 tangi,
635 1770 700 1828 nisi
709 1787 832 1850 coquus,
850 1770 940 1829 nulla
950 1778 1055 1848 potest
1068 1787 1128 1829 rec.

632 1931 661 2012 §-
682 1931 712 1993 2.

143 2047 333 2116 Incorporclcc
351 2065 394 2098 rec
412 2047 494 2115 mayir
511 2063 564 2098 non
582 2049 715 2109 exciuere,
733 2065 811 2116 quam
831 2049 956 2100 exsistere
971 2047 1102 2118 putabant
1120 2049 1208 2102 Stoici.

130 2149 236 2212 lidem
256 2133 276 2210 e
294 2147 376 2211 Stoa
391 2147 581 2232 philosophi
604 2169 656 2214 res
664 2148 897 2232 ,incorporales
914 2149 1017 2233 magis
1035 2148 1113 2230 illis,
1132 2173 1217 2234 quae
1234 2173 1300 2214 non

56 2267 133 2339 sunt,
149 2279 248 2342 quam
264 2277 351 2341 quae
368 2263 451 2336 sunt,
464 2256 690 2320 adcensendus
706 2277 776 2319 esse
793 2255 1049 2320 arbitrabantur:
1065 2257 1184 2320 Cicero
1203 2259 1301 2340 Topic.

54 2388 77 2426 c.
91 2367 120 2425 5.
141 2367 366 2446 Definitionum
384 2366 445 2426 duo
466 2374 539 2426 sunt
557 2385 677 2440 genera
687 2367 812 2447 prima:
832 2384 930 2426 unum
952 2385 1060 2426 aarum
1082 2385 1204 2437 rerum,
1222 2387 1303 2446 quoe

54 2483 141 2544 sunt,
169 2474 299 2534 alterum
324 2492 434 2533 aarum
458 2492 581 2544 rerum,
605 2493 685 2554 quae
707 2473 937 2553 intelliguntur.
960 2473 1041 2534 Esse
1064 2493 1102 2533 ea
1125 2472 1200 2544 dcco,
1222 2492 1303 2553 quae

54 2586 140 2644 cerni
151 2584 278 2662 tangive
293 2588 441 2660 possunt,
461 2589 498 2641 ut
504 2581 661 2656 fundum,
678 2581 780 2650 aedes,
794 2582 958 2661 parictem,
975 2581 1170 2653 stillicidium,
1187 2584 1302 2642 manci·

55 2693 144 2768 pncm,
161 2689 332 2770 pecudem,
347 2688 579 2770 supellectilem,
588 2708 708 2768 mus,
726 2698 839 2750 cetera.
862 2688 935 2750 Non
956 2709 1024 2750 esse
1038 2709 1152 2750 rursus
1173 2709 1210 2749 ea
1226 2689 1302 2762 dico,

62 2816 127 2875 quac
142 2799 239 2878 tangi
253 2797 499 2856 demonstrarive
518 2816 580 2857 aon
595 2805 746 2875 possunt:
766 2803 802 2857 ut
820 2799 850 2856 si
866 2799 1099 2877 usucapionem,
1119 2799 1150 2856 si
1163 2797 1302 2867 tutelam,

59 2905 84 2962 a·
94 2912 225 2984 gentem,
241 2906 273 2964 si
285 2903 505 2985 adgnationem
524 2903 669 2980 definias,
686 2923 820 2984 qrcarum
836 2922 941 2963 rerum
958 2905 1078 2963 nullum
1093 2902 1200 2964 subest
1212 2905 1307 2984 quasi

58 3029 174 3091 corpus:
195 3021 245 3074 cst
268 3006 381 3071 tamen
395 3011 548 3091 quaedam
574 3011 774 3089 conformatio
795 3012 946 3090 insignita
966 3018 999 3072 et
1019 3013 1171 3090 inpressa
1190 3009 1302 3070 intelli-

60 3124 168 3197 gentia,
186 3139 281 3202 quam
301 3122 453 3179 notionem
470 3138 549 3180 voco.
572 3115 770 3180 Tertullian.
790 3119 828 3178 de
844 3137 941 3177 carue
960 3116 1076 3175 Christi
1090 3137 1116 3179 c.
1133 3115 1182 3176 11.
1203 3115 1302 3198 plane

59 3231 188 3301 στοϊκῶςε
215 3227 316 3286 Omne
338 3227 422 3306 quod
438 3233 493 3296 est,
517 3246 629 3305 corpus
649 3235 697 3287 est
712 3230 765 3286 sui
780 3226 924 3305 generis:
942 3223 1019 3284 nibil
1036 3231 1084 3282 est
1100 3225 1302 3302 incorporale,

56 3335 111 3394 nid
123 3335 208 3415 quod
224 3352 287 3394 aon
306 3342 361 3394 est.
382 3333 435 3394 Ex
456 3353 521 3418 quo
537 3354 616 3396 sane
632 3332 707 3395 loco
731 3339 841 3416 patet,
857 3337 987 3393 veteres
1010 3350 1061 3392 res
1078 3328 1163 3392 solas
1184 3349 1304 3412 corpo-

57 3460 118 3504 reas
135 3440 311 3523 exsistere,
328 3440 538 3521 incorporeas
553 3448 679 3503 tantum
696 3439 841 3522 intelligi
859 3439 1069 3502 existimasse.

633 3607 662 3688 §-
683 3606 713 3668 3.
813 3611 819 3618 ’

343 3721 524 3775 Jurcconaclti
539 3703 701 3790 diffinitiones
721 3722 823 3776 Stoicos
841 3718 1009 3789 adoptabant.

127 3825 169 3887 ln
185 3823 237 3886 his
255 3821 404 3886 omnibus
417 3845 502 3909 ‚ergo
519 3823 734 3908 philosophos
751 3823 974 3907 sequebantur
987 3820 1226 3897 iureconsulti,
1246 3821 1302 3904 qui

61 3931 158 4014 stipsi
181 3954 235 3995 res
256 3931 289 3992 in
311 3947 527 3996 conronnnus
545 3940 578 3995 ct
597 3945 852 3994 luconronnuus
868 3929 1071 4006 dividebant,
1087 3928 1202 3991 iisdem
1222 3926 1302 3989 adc-

60 4039 144 4117 ptatis
163 4038 426 4121 delinitionibus
443 4039 633 4124 corporales
649 4039 742 4123 tangi
758 4059 864 4122 posse,
876 4036 1100 4122 incorporales
1113 4058 1178 4098 non
1194 4057 1302 4119 posse,

58 4141 222 4211 dicebant:
242 4145 320 4229 Gaji
334 4148 411 4210 [nst.
426 4150 468 4208 ΙΙ.
484 4148 512 4208 1.
525 4147 554 4210 2.
577 4152 751 4226 (comment.
766 4145 810 4208 ΙΙ.
821 4145 971 4226 12-14.)
994 4144 1141 4230 quamvis
1158 4141 1215 4228 qui
1233 4143 1302 4206 ele-

57 4255 177 4332 gantius
200 4253 392 4337 loquuntur,
413 4265 563 4320 auctores
586 4255 659 4318 illas
684 4271 765 4336 RES,
790 4255 847 4317 has
865 4269 951 4317 JURA
975 4251 1146 4336 adpellare
1173 4251 1302 4314 malint:

57 4356 209 4434 Quinctil.
225 4362 305 4425 [nst.
321 4363 410 4424 Orat.
427 4363 461 4424 V.
480 4365 529 4428 10.
549 4367 593 4428 Et
607 4384 685 4452 sane
703 4362 748 4424 sic
764 4384 816 4426 res
832 4362 935 4425 multo
952 4369 1001 4424 est
1018 4359 1204 4440 dilucidior,
1220 4359 1302 4422 faci-

56 4463 177 4553 liusque
204 4467 414 4554 intelligitur,
437 4493 495 4535 cur
514 4474 672 4556 pecunia,
700 4493 785 4556 qnae
807 4469 953 4534 manibus
975 4467 1068 4550 tangi
1090 4475 1217 4550 potest,
1240 4488 1301 4550 pro

58 4571 178 4642 diversa
197 4583 295 4664 σχέσει
312 4577 411 4641 modo
426 4583 637 4662 corporalibus
659 4581 756 4643 rebus
772 4579 1003 4642 adcensestur:
1024 4577 1052 4657 §.
1066 4593 1121 4638 un.
1136 4573 1214 4675 lact.
1231 4575 1260 4637 h.
1278 4583 1300 4636 t.
1374 4619 1376 4624 -
