3040 5164
195 383 199 394 '
273 415 326 485 De.
353 412 459 482 Snnv.
486 413 595 482 Rnsr.
620 413 744 500 Arcus
769 413 861 482 Una.
889 373 1023 486 Pnnnn.
1204 421 1274 488 375

244 591 327 668 Quid
344 593 455 671 loquor
477 593 563 650 atinio
582 589 752 671 pendentes
765 591 892 670 fornice
912 597 1004 664 ribos,

198 677 211 686 ’
241 781 245 785 Δ
285 698 357 775 Qua
376 702 428 759 vis
449 699 625 776 imbriferas
648 699 769 762 tolleret
790 697 851 760 Iris
874 704 1000 782 aquas?

240 809 304 868 Hos
323 810 430 888 potins
452 805 537 866 riicas
559 809 693 866 crevisse
715 809 747 868 in
769 808 875 868 sidera
896 817 1030 870 montes.-

285 913 359 973 Tnle
378 915 562 996 giganteum
587 914 722 973 Graecia
743 914 854 974 laudat
876 935 962 996 opus.

230 1022 420 1102 ,Intercepta
442 1023 504 1082 tate
526 1007 704 1082 condiantur
715 1023 854 1097 flumina
876 1027 1012 1094 murtea

285 1129 477 1190 consumunt
499 1136 577 1193 totos
599 1130 683 1190 celsa
703 1130 833 1190 lavacra
858 1129 956 1191 incus.

30 1262 117 1326 'iales
134 1268 236 1324 erant
250 1260 379 1326 Romae
396 1281 482 1344 aqua
505 1259 660 1341 Claudia,
677 1260 808 1342 Curtia,
829 1259 973 1346 Trajana
991 1261 1148 1348 [Marcia,
1167 1262 1275 1326 Patin.

31 1375 173 1433 Nnm'sm.
187 1373 272 1462 som,
287 1391 318 1451 p.
336 1367 424 1454 loe]
441 1368 593 1453 aliaeque
610 1368 738 1452 plures,
755 1391 890 1453 quarum
909 1371 1027 1453 passim
1049 1372 1081 1433 in
1106 1369 1276 1433 marmori-

33 1481 81 1542 bus
96 1481 131 1542 fit
150 1477 291 1548 mentio.
313 1457 461 1540 Efsane
479 1475 529 1538 his
553 1477 646 1560 aquis
669 1498 735 1540 non
761 1477 864 1540 solum
888 1478 932 1541 ad
953 1481 1182 1543 necessitatem
1204 1487 1275 1542 ute-

34 1591 145 1669 bantur,
156 1585 230 1650 ‘sed
246 1593 281 1648 et
305 1584 347 1647 ad
363 1584 568 1669 voluptatem
588 1594 622 1648 et
643 1583 821 1667 luxuriam,
838 1586 880 1650 ad
897 1609 992 1672 quarn
1008 1588 1041 1650 in
1058 1586 1170 1671 primis
1187 1608 1277 1649 com-

36 1705 133 1779 parata
154 1703 257 1758 erant
277 1695 480 1778 Nymphaea,
506 1714 642 1776 quorum
668 1695 808 1780 vestigia
833 1703 908 1758 sunt
926 1694 960 1758 in
978 1699 1012 1756 L.
1032 1695 1062 1756 5.
1085 1700 1119 1756 t.
1134 1695 1164 1758 6.
1189 1695 1221 1755 C.
1238 1695 1277 1755 de

39 1805 300 1883 Aquaeduct.,nec
316 1822 382 1864 non
401 1801 489 1886 apud
503 1801 694 1866 Reinesium
713 1805 870 1884 Inscripti.
890 1803 989 1866 clais.
1003 1805 1028 1863 I.
1039 1826 1072 1885 p.
1086 1803 1159 1866 201.
1172 1825 1203 1866 n.
1217 1803 1278 1864 OC.

38 1921 65 1974 et
83 1913 213 1996 ioseph.
234 1913 272 1974 de
297 1912 375 1972 Bell.
398 1910 470 1972 Jnd.
493 1910 584 1971 1.16.
605 1911 709 1974 Erant
730 1911 813 1974 baec
835 1910 988 1974 aedificia
1014 1910 1148 1994 publica
1170 1911 1277 1974 ambi-

38 2022 97 2084 tiosi
112 2021 235 2105 operis,
255 2020 288 2082 in
308 2019 425 2104 quibus
440 2040 547 2102 aquae
565 2018 747 2082 corrivatae
768 2019 983 2102 spectantium
1000 2017 1218 2082 delectationi
1237 2039 1275 2082 ac

38 2128 270 2214 refrigerationi
287 2126 374 2188 miris
392 2126 496 2188 modis
514 2126 686 2191 saliebant.
708 2126 787 2189 Vid.
808 2126 919 2192 Guido
938 2126 1104 2190 Pancirol.
1125 2127 1276 2188 statuar.
1386 2186 1391 2194 ,

41 2237 101 2298 Vor.
116 2242 198 2300 Leot.
222 2237 291 2310 lb.
321 2234 417 2297 Haec
438 2234 580 2318 publicis
603 2234 760 2298 sumtibus
785 2234 937 2299 solebant
960 2234 1094 2299 exstrui.
1124 2233 1192 2298 Sed
1214 2255 1276 2298 nec

37 2347 127 2427 magis
148 2343 307 2407 sumtibus
330 2351 551 2426 pepercerunt
574 2343 713 2427 privati,
742 2344 798 2427 qui
820 2363 919 2426 saepe
941 2363 1058 2426 aquam
1083 2363 1144 2425 per
1167 2342 1278 2404 omnia
1313 2415 1315 2422 y

38 2453 180 2516 cubicula
198 2461 230 2514 et
245 2451 389 2516 triclinia
410 2450 587 2533 ducebant,
606 2451 672 2513 imo
691 2460 725 2514 et
741 2451 874 2536 euripos
891 2452 925 2514 in
941 2451 992 2514 his
1008 2449 1223 2531 effodiebant,
1243 2450 1276 2512 in

40 2560 143 2643 quibus
161 2561 266 2644 pisces
293 2561 380 2624 inter
405 2558 610 2623 coenandum
640 2550 807 2643 caperent.
837 2559 986 2644 Insignia
1007 2559 1102 2642 hujus
1124 2557 1277 2621 luxuriae

43 2669 178 2753 exempla
198 2675 330 2732 exstant
351 2667 437 2752 apud
464 2667 624 2730 Senecam
646 2669 723 2730 Nat.
744 2667 886 2744 anestt.
906 2669 965 2728 ΙΙΙ.
985 2668 1034 2730 17.
1056 2669 1096 2728 de
1117 2668 1277 2748 tranquill.

47 2781 123 2840 anim
132 2801 156 2840 c.
173 2778 203 2838 1.
226 2777 313 2840 Plin.
328 2777 428 2860 ltpnt.
450 2777 484 2837 V.
499 2776 528 2838 6.
545 2775 728 2858 ¹¹¹).,Quum
748 2796 829 2860 ergo
847 2785 967 2859 aquam
986 2795 1085 2859 saepe
1107 2775 1224 2860 procul
1245 2783 1280 2838 et

45 2907 92 2967 per
110 2887 233 2950 alienos
255 2886 374 2949 fundos
395 2884 472 2948 duci
496 2892 682 2970 oporteret:
707 2883 929 2948 occassionem
953 2884 988 2947 id
1014 2882 1108 2948 dedit
1127 2883 1277 2947 servituti

45 2996 268 3078 aquaeductus,
290 2995 332 3057 de
355 3015 418 3078 qua
443 2993 549 3077 plura
560 2991 686 3056 dabunt
707 2991 942 3084 iureconsulti.

602 3195 631 3274 b·
655 3194 704 3258 13.
748 3201 753 3210 ’
870 3253 873 3270 .

399 3313 440 3364 De
458 3312 566 3382 reliquis
584 3308 750 3362 servitutibus
767 3308 908 3360 remissive.
934 3345 936 3348 ψ

110 3429 276 3516 Reliquae
297 3429 470 3494 servitutes
490 3427 589 3491 facile
609 3426 663 3490 vel
683 3447 726 3490 ex
740 3427 818 3510 ipsis
837 3425 1023 3490 nominibus
1036 3423 1279 3506 intelliguntur,
1356 3409 1361 3418 ’

47 3545 72 3598 et
92 3541 205 3621 passim
230 3539 273 3602 de
300 3538 339 3600 iis
365 3539 500 3622 copiose
526 3545 629 3618 agunt
652 3535 865 3618 interpretes,
892 3535 1009 3618 quibus
1037 3532 1182 3598 addendi
1209 3535 1281 3596 Jac.

47 3643 138 3728 Cujac.
160 3649 306 3718 Obsmov.
326 3646 433 3706 XXII.
452 3645 503 3708 35.
530 3643 617 3728 Aeg.
635 3643 770 3726 Menag.
787 3645 989 3712 Amoenitatt.
1004 3646 1073 3725 jur.
1090 3644 1168 3704 sind.
1189 3664 1214 3702 o.
1229 3640 1281 3704 36.

47 3750 102 3814 Ulr.
115 3756 203 3819 Hub.
217 3756 360 3836 Digress.
370 3755 413 3814 II.
424 3753 475 3816 12.
489 3773 534 3834 sq.
546 3753 645 3818 Corn.
662 3772 725 3816 van
741 3751 980 3834 Bynkcrehoek
1002 3747 1282 3814 Observatum.

49 3856 147 3940 [barn.
163 3863 310 3926 Brisson.
330 3863 531 3944 Ann'quitntt.
547 3861 658 3923 Select.
675 3858 731 3920 IV.
748 3855 798 3943 7.]

52 4018 323 4036 'w

125 4089 130 4100 x

104 4119 140 4183 m)
160 4119 225 4170 Huc
249 4117 385 4182 pertinent
402 4115 483 4167 etiam
507 4115 558 4168 rivi
577 4129 664 4182 aquae
689 4111 798 4166 fluentis
816 4110 965 4178 parietibus
983 4109 1102 4173 inducti,
1121 4110 1156 4162 de
1182 4109 1282 4178 quibus

48 4197 148 4254 linund.
164 4202 266 4256 Merill.
292 4204 408 4256 Variani.
426 4201 484 4254 III.
505 4207 527 4254 l.
546 4205 572 4252 et
590 4201 653 4252 Ger.
668 4199 763 4252 Noodt
781 4199 812 4252 de
836 4197 927 4266 Usufr.
946 4197 970 4250 1.
990 4201 1029 4250 12.
1045 4214 1074 4264 p.
1090 4200 1151 4250 565.
1169 4197 1249 4248 Hein.

551 4466 765 4478 ......----ι
