3062 5156
325 352 330 360 ’
381 335 657 474 Quiuus'blonrs
682 366 830 434 Turnus
856 366 1015 436 Flumen.
1255 373 1326 440 189

203 653 1194 728 Jsmdbrcrtelsstinienuurerrtisrsipuisrtstieemtpreeflruti.

148 756 221 819 Sed
237 756 479 820 Tribonianum
502 753 556 818 bic
578 754 786 839 antiquitatis
808 757 962 841 prodere.
972 745 1211 842 ignorantiam,
1230 759 1324 824 multi

73 864 270 926 existimant.
297 863 418 946 Neque
447 862 534 925 euim
565 862 770 926 Justinianus
796 862 918 946 primus
945 865 1026 928 istos
1050 867 1234 949 pubertatis
1258 876 1326 934 ter·

72 972 169 1034 minos
191 971 288 1052 fixit,
305 971 376 1054 jam
402 968 524 1033 dudum
547 969 672 1053 quippe
699 969 734 1033 in
753 970 831 1054 jure
852 979 1016 1053 receptos.
1037 971 1126 1036 Sane
1149 975 1326 1040 duodecim

72 1099 230 1142 annorum
253 1077 383 1162 puellas
399 1079 469 1161 jam
490 1076 708 1161 viripotentes
732 1098 803 1140 esse
824 1077 992 1162 Augustus
1010 1077 1089 1162 lege
1104 1081 1212 1164 Papia
1233 1083 1327 1166 Pop·

72 1208 148 1269 paea
160 1192 351 1265 censuerat,
367 1192 403 1247 ut
417 1190 513 1267 patet
530 1203 573 1244 ex
583 1183 697 1246 Dione
711 1182 801 1248 Cass.
817 1185 884 1246 bre.
898 1185 986 1246 LIV.
1000 1185 1051 1248 16.
1064 1186 1182 1254 δώδεκα
1195 1191 1248 1254 καὶ
1259 1201 1327 1265 ’ταῖς

73 1291 169 1376 κόραις
185 1296 222 1367 ἐς
238 1291 295 1376 τὴν
306 1294 362 1356 τοῦ
376 1287 476 1373 γάμου
494 1280 575 1372 iipur
591 1293 644 1375 ἔτη
654 1290 759 1374 πλήρη
772 1295 933 1373 νομίζεται.
948 1293 1117 1356 Duodsetin
1128 1299 1328 1378 annospuel·

73 1403 105 1460 tri
119 1401 162 1460 od
179 1403 316 1480 nuptilia
334 1398 480 1476 sufficere
495 1402 617 1460 statutt.
634 1396 734 1462 Adde
750 1399 792 1462 sis
810 1399 923 1460 Gomm.
942 1405 1088 1461 nostrum
1105 1403 1150 1463 od
1163 1403 1201 1464 I..
1215 1403 1278 1465 lul.
1297 1413 1329 1466 et

73 1509 146 1588 Pop.
161 1509 270 1588 Popp.
286 1505 355 1568 Lib.
373 1505 415 1566 ΙΙ.
433 1525 460 1566 o.
474 1505 504 1566 5.
516 1525 550 1585 p.
569 1503 641 1566 177.
660 1525 704 1588 sq.
732 1504 993 1582 Quatuordeeim
1013 1527 1093 1570 vero
1109 1508 1186 1572 enni
1207 1509 1249 1572 ad
1265 1531 1328 1592 pu·

74 1615 236 1677 bertatem
260 1610 476 1676 masculorum
493 1611 563 1694 jam
589 1612 735 1678 secundo
756 1618 833 1696 post
857 1612 1020 1676 Christum
1040 1614 1153 1678 seculo
1177 1617 1328 1700 require·
1364 1651 1371 1658 -

75 1721 184 1784 bantur
203 1719 310 1784 etiarn
328 1739 371 1782 ex
385 1727 496 1782 mente
511 1717 824 1805 Proculejanorum:
839 1719 983 1784 Tertull.
996 1721 1167 1784 develaret
1180 1727 1260 1804 ari-g.
1276 1723 1327 1786 ll.

74 1835 102 1890 et
111 1829 148 1890 de
160 1832 275 1890 mma
289 1825 340 1890 38.
357 1826 505 1890 Maerob.
522 1826 688 1890 Saturast.
704 1827 774 1890 VII.
788 1827 819 1892 7.
835 1835 870 1892 et
885 1830 918 1890 ia
934 1828 1040 1892 Soura.
1056 1828 1189 1910 Sctprba.
1201 1831 1226 1892 Ι.
1237 1829 1269 1893 6.
1283 1831 1327 1912 1).
1361 1833 1366 1838 ’

658 1979 687 2061 5.
708 1977 739 2042 a.

221 2087 372 2158 Numquam
385 2094 485 2138 ueteres
498 2083 666 2155 pubertatem
683 2087 842 2155 inspectione
860 2089 980 2158 corporis
997 2087 1179 2158 explorarunt.

149 2187 291 2251 Deinde
307 2209 370 2251 nec
386 2185 525 2251 alterum
541 2185 674 2250 videtur
689 2208 750 2270 per
764 2187 875 2250 omnia
889 2209 1003 2250 verum
1020 2208 1110 2270 esse,
1127 2189 1217 2273 quod
1233 2198 1328 2253 vete·

74 2315 120 2358 res
134 2295 284 2358 Romani
301 2293 516 2359 masculorum
533 2297 740 2378 pubertatem
753 2295 900 2355 indecora
915 2295 1136 2368 observatione,
1150 2297 1327 2359 inhonesto-

75 2425 128 2484 que
141 2405 348 2484 indagatione
369 2405 577 2484 explorarr'nt,
596 2410 632 2464 ut
653 2401 801 2485 loquitur
815 2399 1001 2484 Imperator
1015 2398 1054 2463 L.
1070 2402 1125 2462 ult.
1144 2401 1175 2464 0.
1194 2403 1328 2480 Quando

76 2519 127 2572 tut.
140 2531 212 2572 esse
234 2511 300 2571 cles.
318 2507 422 2572 Nulla
445 2509 531 2571 enirn
555 2507 647 2571 istius
663 2507 842 2572 indecorae
862 2505 1078 2592 inspectionis
1102 2508 1156 2571 vel
1173 2508 1251 2572 vola
1273 2510 1327 2574 vel

77 2607 247 2701 vestigium
271 2615 358 2699 apud
380 2615 533 2699 antiquos
554 2615 696 2679 occurrit
710 2621 753 2696 ο).
774 2616 819 2679 Ε1
843 2615 997 2700 quamvis
1011 2615 1167 2679 Huberus
1183 2619 1327 2700 Digress.

80 2722 195 2793 11114.
209 2745 241 2805 p.
258 2722 331 2786 210.
347 2731 381 2787 et
403 2724 454 2786 vir
473 2722 704 2806 amplissimus,
720 2721 819 2786 Corn.
838 2743 903 2786 van
924 2723 1105 2807 Bynkersh.
1125 2724 1250 2786 Obsero.
1267 2723 1327 2785 III.

77 2827 123 2890 24.
142 2829 365 2893 excusandum
391 2837 509 2913 putent
530 2830 768 2912 sastinianum,
784 2827 1006 2914 credantque,
1032 2831 1060 2894 si
1083 2853 1149 2910 pon
1174 2830 1208 2891 in
1225 2851 1328 2916 quae-

77 2936 177 3000 stione
202 2937 246 3001 de
269 2937 415 3014 finienda
438 2938 562 3020 tutela,
577 2947 612 3001 at
628 2947 718 3001 certe
739 2937 772 2999 in
789 2935 910 3020 nuptiis
932 2955 1173 3022 nonnumquam
1197 2939 1252 3000 isti
1275 2937 1328 3001 in-

76 3045 235 3126 spectioni
251 3043 360 3107 locum
376 3045 489 3110 fiisse:
505 3052 615 3109 tamen
630 3065 673 3109 ne
689 3043 723 3109 id
740 3042 873 3129 quidem
887 3042 975 3125 satis,
993 3052 1029 3106 ut
1046 3045 1175 3127 opinor,
1192 3053 1327 3108 excusat

76 3149 321 3236 Imperatorem.
343 3153 420 3216 Non
438 3153 524 3216 enim
541 3155 770 3238 quaestionem
793 3153 835 3216 de
858 3151 920 3215 viri
941 3151 1109 3236 potentia,
1133 3149 1240 3235 qualis
1265 3148 1326 3213 ali-

76 3260 205 3341 quando
221 3260 257 3322 in
273 3261 395 3343 nuptiis
411 3261 570 3343 occurrit,
586 3268 706 3324 tractat
724 3260 758 3323 in
775 3261 804 3322 d.
820 3260 859 3322 J..
881 3261 937 3321 ult.
954 3257 1078 3344 quippe
1094 3255 1137 3319 ad
1153 3277 1250 3341 quam
1267 3255 1325 3318 de-

77 3365 250 3430 finiendam
276 3365 347 3429 sola
363 3375 453 3430 aetas
467 3389 581 3451 parum
597 3368 739 3449 faceret,
756 3367 814 3430 sed
830 3364 1057 3451 quaestionem
1073 3362 1116 3428 de
1131 3363 1237 3429 tutela
1252 3363 1327 3426 fini·

77 3474 167 3538 enda.
182 3474 259 3536 Nec
273 3469 461 3537 verosimile
480 3483 540 3558 est,
557 3473 764 3538 Triboniano
780 3473 993 3557 Imperatoris
1008 3474 1057 3536 sui
1074 3469 1325 3536 constitutiones
1350 3531 1354 3543 ,

139 3678 173 3746 b)
194 3677 271 3742 Quin
289 3683 316 3730 et
333 3680 407 3745 leges
424 3679 454 3733 id
472 3681 570 3734 dooere
587 3683 713 3747 poterant
730 3678 1039 3744 'l'ribonianum‚‘velnti
1057 3681 1090 3735 L.
1103 3683 1128 3732 2.
1144 3678 1231 3746 princ.
1245 3677 1281 3730 D.
1293 3677 1325 3730 de

83 3761 152 3829 Veto.
170 3771 196 3814 et
214 3763 313 3830 prepill.
330 3761 410 3816 rubet.
428 3765 461 3818 L.
479 3770 504 3820 5.
524 3766 559 3818 D.
583 3766 638 3824 Qui
660 3771 759 3818 urtam.
776 3764 838 3831 fue.
856 3780 928 3831 pore.
946 3763 979 3816 L.
997 3767 1023 3816 4.
1044 3762 1073 3816 0.
1091 3763 1147 3816 eod.
1172 3761 1325 3830 exquibus

77 3851 156 3910 patet,
173 3849 273 3900 saltem
290 3848 401 3916 Ulpiani
419 3855 447 3902 et
462 3847 628 3902 Diocletiani
651 3849 820 3916 temporibus
838 3848 950 3902 eosdem
967 3845 1119 3914 pubertatis
1137 3861 1223 3902 anuos
1241 3846 1327 3900 luisse

77 3930 206 3984 definitos.
236 3932 334 4000 Neque
352 3937 442 3986 tamen
460 3933 573 3996 dubito,
591 3932 658 4001 quin
676 3932 742 3986 olim
762 3930 958 4000 antiquissimis
976 3930 1140 3998 reipublicae
1158 3930 1326 3995 temporibus

76 4015 169 4082 quinto
186 4015 294 4070 decimo
312 4017 422 4072 demum
439 4017 535 4070 aetatis
547 4031 620 4068 anno
632 4021 730 4069 exaoto
743 4017 861 4083 puberes
877 4016 961 4070 babiti
973 4015 1027 4069 sint
1038 4016 1231 4090 adolescentes.
1249 4013 1326 4066 Tunc

77 4099 145 4152 euim
163 4115 210 4154 eos
231 4106 324 4167 togam
343 4102 448 4156 virilem
465 4102 606 4166 sumsisse,
618 4117 673 4154 non
686 4115 850 4166 annexum,
868 4108 900 4154 ut
910 4103 993 4167 vulgo
1008 4099 1174 4164 existimant,
1192 4113 1243 4150 nera
1253 4113 1326 4152 anno

75 4198 140 4248 xiv„
166 4193 197 4238 ut
219 4186 310 4240 ubam
336 4185 432 4252 Lipsio
461 4187 498 4240 ad
523 4187 608 4242 Tacit.
628 4204 659 4255 p.
677 4190 753 4252 ³12„
770 4188 851 4240 doust
867 4185 959 4240 Neris.
980 4184 1123 4260 Ceuowpt.
1142 4184 1237 4236 Pirae.
1255 4183 1325 4236 Dira.

75 4267 114 4320 Π.
132 4275 159 4324 4.
175 4271 255 4324 Heia
1340 4313 1343 4320 .

144 4355 173 4421 e)
193 4359 230 4410 At
247 4353 302 4408 vid.
320 4353 450 4418 Quinctil.
469 4353 580 4407 belam.
599 4359 659 4410 279.
678 4359 705 4407 et
722 4356 756 4408 us.
774 4353 895 4406 Dirkseu
913 4353 931 4405 l.
950 4351 968 4405 l.
985 4367 1012 4417 p.
1030 4355 1065 4403 54
1083 4354 1110 4401 et
1127 4367 1154 4417 p.
1175 4355 1233 4404 156.
1252 4350 1325 4404 Zim-

75 4451 151 4489 mern
168 4438 185 4490 1.
203 4439 221 4489 l.
238 4454 266 4504 p.
284 4443 467 4506 428.sq.n01.
490 4445 529 4492 14.
548 4439 611 4492 Vid.
629 4444 656 4490 ct
673 4438 751 4504 infra,
770 4428 841 4506 quae
857 4438 892 4490 ab
910 4437 971 4503 ipso
986 4434 1133 4490 Heineocio
1152 4440 1209 4488 tum
1223 4451 1239 4487 a
1254 4435 1326 4488 Can·

76 4521 210 4584 negietero
227 4522 264 4573 ad
281 4523 301 4588 ξ.
320 4529 345 4578 4.
364 4523 508 4576 observata
525 4528 596 4576 sunt.
616 4520 703 4576 Mill.
