3080 5154
425 354 478 421 Dr
505 353 669 422 lsaunurs
694 375 738 420 nr
763 353 974 422 branensis.
1269 359 1318 426 80

63 530 164 592 dictos
182 549 257 592 esse
272 531 394 605 nanos,
417 549 459 591 ex
472 528 511 590 L.
524 528 555 590 4.
573 529 614 590 D.
632 531 673 592 de'
688 530 768 592 Just.
782 538 812 592 st
824 532 902 612 jure
913 537 1014 614 patet.
1030 530 1102 594 Imo
1117 552 1161 594 ne
1177 531 1320 595 civitatis

63 637 193 720 quidem
208 639 290 722 jura
301 637 434 721 penitus
447 636 694 720 perimebantur
713 635 776 699 bac
790 637 1063 702 venundatione:
1079 638 1148 702 cic.
1160 661 1220 722 pro
1239 642 1319 701 Onc-

62 749 113 806 cin.
127 744 182 806 34.
207 765 274 808 nec
293 745 334 808 iis
345 746 421 829 jure
437 742 633 827 postliminii
646 765 728 826 opus
746 754 826 826 erat,
841 746 869 808 si
883 747 1209 812 manumitterentur:
1224 747 1317 812 Idem

61 853 95 913 de
107 853 201 914 Orat.
218 853 246 912 Ι.
262 852 522 936 181.Bynkersh.
535 851 674 937 [dejure
683 854 775 914 occid
788 854 908 918 liberos.
916 875 942 915 e.
951 852 997 938 1.]
1018 855 1147 937 Opusoo.
1154 878 1186 938 p.
1196 854 1266 918 149.
1273 878 1318 938 sq:

62 960 218 1043 Denique
243 967 279 1024 et
302 961 364 1043 illi,
379 961 436 1045 qui
466 961 507 1023 ob
530 981 586 1024 aes
609 959 752 1025 alienum
779 958 1018 1042 addicebantur
1037 963 1317 1044 creditoribus),

62 1069 206 1152 itemque
220 1068 425 1133 filiifamilias
438 1089 547 1132 noxae
562 1067 678 1149 dediti,
694 1066 882 1130 serviebant
901 1068 1045 1152 quidem,
1059 1069 1116 1132 sed
1133 1069 1318 1134 manumissi

61 1175 279 1258 ingenuitatis
299 1177 377 1261 jura
400 1179 650 1261 recuperabant.
674 1174 889 1254 Quinctilian.
914 1177 992 1240 Inst.
1018 1178 1107 1241 Orat.
1135 1178 1222 1240 VIII.
1238 1177 1268 1240 0.
1284 1183 1318 1240 et

61 1285 196 1346 nectam.
212 1284 352 1372 cccxl.
373 1285 444 1348 Jac.
460 1285 571 1370 Cujac.
588 1287 747 1348 observat.
760 1284 852 1348 XIII.
867 1283 897 1346 9.
912 1287 954 1364 ⁰).

647 1438 675 1517 §.
696 1435 726 1497 2.

530 1551 567 1606 E:
584 1552 690 1622 quinam
709 1550 840 1605 libertini?

136 1655 174 1717 Si
200 1653 261 1738 qui
291 1675 371 1716 vero
391 1675 410 1716 e
429 1656 520 1739 justa
546 1655 703 1717 servitute
730 1660 823 1716 erant
851 1653 1049 1729 manumissi,
1072 1673 1130 1716 eos
1153 1656 1316 1718 vocabant

61 1777 274 1826 aleramnus.
286 1763 444 1840 Quamvis
453 1763 538 1826 enim
551 1763 688 1825 libertini
696 1761 928 1824 vetustioribus
941 1761 1128 1824 auctoribus
1141 1761 1205 1824 sint
1213 1761 1317 1824 liber-

60 1879 158 1932 torum
179 1869 303 1934 liberi:
333 1869 423 1934 Suet.
449 1871 558 1954 aaut.
580 1893 606 1933 e.
623 1869 674 1933 24.
696 1869 854 1932 inferiore
877 1877 986 1932 tamen
1010 1861 1094 1933 aevo
1118 1868 1153 1931 id
1173 1870 1314 1932 maxime

61 1977 139 2060 apud
161 1978 418 2042 Jureconsultos
444 1978 593 2060 invaluit,
619 1983 716 2064 utet
737 1976 923 2068 manumissi
942 1977 1131 2041 dicerentur
1149 1977 1315 2042 libertini:

62 2085 195 2149 Gasaub.
209 2088 257 2148 ad
269 2087 358 2148 Suet.
375 2089 459 2169 Aug.
477 2109 503 2150 e.
514 2086 566 2149 25.
581 2086 785 2150 Observatur
796 2091 905 2147 tamen
921 2084 1119 2168 differentia,
1134 2093 1170 2147 ut
1185 2087 1315 2150 ratione

61 2202 271 2280 patronorum
292 2193 444 2258 dicantur
471 2195 580 2269 liberti,
600 2194 730 2257 ratione
756 2199 856 2254 status
880 2193 1037 2255 libertini:
1065 2192 1167 2257 Oisel.
1182 2196 1226 2254 od
1243 2195 1320 2275 ani

62 2301 171 2365 Iastl.
187 2301 220 2364 1.
239 2324 271 2384 p.
282 2303 314 2364 7.
330 2301 374 2383 tl).

649 2418 677 2500 ς.
699 2416 730 2482 a.

432 2535 512 2588 Ritus
535 2533 743 2587 manumissionis
756 2549 810 2601 per
830 2547 944 2584 censum.

137 2635 416 2700 Manumissiones
432 2635 610 2721 antiquitus
626 2635 751 2698 fiebant
767 2623 973 2718 sollemniter
991 2633 1018 2698 l.
1042 2649 1161 2724 eausa,
1181 2631 1313 2720 quando

65 2761 169 2806 servus
185 2745 280 2828 jussu
305 2745 570 2816 domininomen
588 2764 677 2807 suum
703 2742 737 2806 in
760 2763 891 2806 censum
910 2741 1079 2806 lustralem
1103 2741 1313 2805 conferebat:

66 2848 193 2932 Ulpian.
208 2853 342 2934 magu.
356 2855 383 2914 Ἰ.
395 2851 425 2914 8.
435 2873 469 2934 p.
483 2851 555 2914 564.
570 2851 647 2914 Non
664 2851 733 2913 sine
754 2869 867 2912 caussa
885 2871 965 2912 vero
986 2851 1148 2934 Ulpianus
1165 2849 1314 2913 meminit

64 2975 172 3022 census
188 2959 344 3023 lustralia.
359 2959 436 3023 Non
452 2947 561 3024 stistim
578 2959 675 3041 enim,
693 2967 793 3043 atque
817 2978 890 3022 eum
909 2959 1034 3021 censeri
1044 2959 1188 3043 jusserat
1207 2956 1315 3020 domi-

64 3085 127 3146 nus,
143 3066 278 3150 plenam
296 3066 486 3131 libertatem
503 3066 776 3154 consequebatur,
793 3066 851 3130 sed
865 3067 1123 3152 exspectandum
1140 3075 1221 3150 erat,
1237 3067 1314 3129 dum

64 3171 192 3237 lustrum
210 3171 425 3240 conderetur:
446 3177 577 3240 interim
602 3174 689 3240 enim
711 3174 845 3240 domino
861 3175 1035 3259 poenitere
1050 3174 1185 3254 licebat,
1208 3175 1256 3236 uti
1272 3195 1315 3235 ex

65 3279 127 3344 Cic.
141 3285 181 3345 de
206 3286 296 3346 Orat.
312 3287 338 3347 I.
355 3307 380 3348 c.
397 3285 447 3346 40.
464 3282 610 3348 ostendit
625 3283 707 3346 Lud.
726 3282 891 3346 Charond.
908 3283 1024 3344 Adnot.
1040 3283 1084 3342 ad
1103 3281 1225 3362 Ulpiae.
1242 3281 1314 3343 Lm.

60 3390 171 3468 1:564
195 3393 268 3453 edat.
289 3377 472 3475 Schulting.
491 3391 591 3454 Adde
610 3393 754 3473 Adpead.
770 3375 836 3452 Lib.
859 3392 884 3454 I.
905 3391 933 3472 §.
949 3390 1000 3452 48.
1024 3387 1244 3476 [*G0eschen
1264 3389 1283 3448 1.
1294 3389 1315 3448 1.

64 3516 91 3576 p.
104 3497 165 3559 269
175 3535 210 3544 -
221 3498 294 3562 273.
310 3499 367 3562 Nr.
377 3499 452 3586 VI.]
479 3499 574 3580 (Vid.
586 3499 732 3583 inprimis
747 3498 789 3561 R.
800 3498 842 3561 A.
859 3518 922 3561 van
934 3499 1037 3559 Beem
1048 3497 1133 3560 Diss
1146 3497 1188 3561 de
1200 3516 1314 3560 manu-

64 3604 237 3668 missionib.
254 3605 287 3667 in
303 3607 516 3670 sacrosanctis
538 3607 697 3689 ecclesiia,
721 3605 812 3694 Traj.
829 3606 870 3669 ad
886 3603 993 3668 Rhen.
1010 3605 1102 3670 1756.
1125 3614 1161 3669 et
1182 3606 1216 3668 in
1234 3604 1315 3668 Oel-

65 3709 165 3776 richsii
182 3713 266 3776 thes.
282 3736 357 3776 nor.
375 3715 447 3779 diss.
463 3717 553 3802 belg.
569 3717 609 3779 T.
624 3718 651 3780 Ι.
666 3712 745 3779 Vol.
759 3714 790 3777 2.
805 3715 864 3776 Nr.
878 3714 905 3778 1.
921 3713 1002 3798 Cap.
1018 3714 1062 3790 Ι.)
1085 3715 1185 3776 Mate.

68 3866 356 3882 Ἢ

61 3930 144 3996 iustus
162 3937 270 4002 titulus,
291 3953 346 4008 quo
365 3937 538 4006 quieveram
557 3935 709 3990 dominium
727 3935 858 4005 consequi
876 3942 978 4002 posset,
996 3939 1184 4001 praeterquam
1204 3930 1227 3983 si
1246 3931 1314 3984 liber

63 4017 137 4073 hono
145 4023 235 4089 major
244 4024 307 4076 XX
318 4023 397 4075 annis
407 4023 486 4089 pretii
494 4022 675 4090 participandi
693 4035 789 4073 caussa
800 4035 859 4073 sese
868 4021 1027 4074 venumdari
1038 4033 1135 4086 passus
1145 4021 1224 4069 esset.
1234 4016 1313 4068 Heia.

126 4106 158 4173 b)
178 4108 286 4159 Caeter.
300 4109 335 4160 de
347 4107 519 4160 addictorum
530 4105 686 4159 conditione
696 4107 752 4159 vid.
764 4106 833 4158 intra
841 4107 902 4160 Lib.
914 4109 964 4158 111.
972 4105 1027 4158 ris
1035 4109 1070 4158 30
1081 4104 1144 4171 (29)
1155 4103 1176 4168 ξ.
1188 4107 1212 4154 2.
1227 4099 1314 4153 Miilt.

124 4193 153 4259 c)
176 4191 291 4258 Signum
304 4191 480 4258 ingenuitatis
493 4193 566 4259 apud
576 4207 677 4258 pucros
690 4196 717 4244 et
727 4193 833 4256 puellas
844 4198 901 4244 erat
913 4194 988 4245 bulla
1001 4206 1092 4252 aurea,
1102 4190 1173 4240 collo
1183 4187 1313 4250 adpensa,

64 4279 152 4346 postea
169 4280 235 4343 toga
253 4281 412 4342 praetexta:
430 4277 564 4329 Theodor.
580 4276 688 4329 Marcil.
706 4279 743 4329 ad
754 4279 835 4329 Pers.
855 4279 915 4332 Sat·
935 4276 961 4329 V.
976 4295 999 4328 s.
1013 4279 1055 4328 35.
1069 4291 1099 4341 p.
1120 4278 1177 4324 111.
1196 4272 1278 4323 Heia.

126 4361 157 4427 d)
178 4363 221 4413 De
240 4361 400 4414 discrimine
417 4361 599 4414 libertinorum
615 4367 643 4414 ct
660 4361 832 4415 libertorum:
849 4364 979 4416 Dukerus
997 4361 1032 4412 ad
1050 4358 1107 4412 Lis.
1121 4357 1173 4409 IX.
1185 4362 1227 4410 46.
1239 4357 1260 4423 ἓ.
1272 4359 1311 4410 10.
1424 4426 1429 4437 .

65 4441 92 4492 Τ.
103 4444 134 4496 11.
152 4461 178 4511 p.
200 4450 275 4500 1031.
295 4449 343 4514 sq.'
356 4452 384 4497 et
401 4446 432 4498 O.
456 4447 489 4498 G.
507 4446 704 4500 de¹Winckler
730 4449 870 4500 emendati.
897 4447 1026 4516 quasdam
1049 4442 1259 4500 Heineea'anae‚·
1283 4440 1312 4492 in

65 4524 159 4594 chv.
173 4532 229 4600 jur.
249 4531 360 4600 antiqui
370 4535 470 4587 unali.
481 4531 582 4598 Opusc.
600 4531 665 4584 min.
684 4532 747 4586 Vol.
766 4533 788 4584 I.
804 4533 836 4586 P.
850 4533 886 4585 11.
903 4549 931 4600 p.
946 4535 1005 4586 440.
1023 4546 1064 4600 sq.
1081 4525 1171 4582 licui.
1189 4527 1231 4580 Cf.
1249 4527 1312 4578 Vat
