3030 5160
31 395 87 462 tn.
105 393 167 462 111.
183 391 268 462 Trr.
280 391 358 459 Xll.
381 391 472 479 (Xl.)
488 389 544 500 Ile
558 389 613 458 Eo
630 389 697 460 Gur
713 391 791 462 er.
808 391 943 462 Gnussn
960 394 1062 464 Born
1082 393 1150 465 etc‘
1190 403 1262 472 ⁵15

31 592 75 655 pre
90 570 272 656 adrogatur
285 587 328 632 ex
343 564 462 630 debito·
474 566 545 630 tilii
559 567 687 631 directe
710 568 882 633 conveniri
895 591 963 633 non
985 579 1134 655 poterats
1158 575 1189 656 5.
1203 577 1259 638 ult

31 680 85 740 lut.
98 679 128 742 lr.
142 686 163 740 t.
178 677 218 738 L.
229 697 306 760 perr.
321 676 354 738 0.
369 675 422 738 Ne
434 695 489 738 ur.
499 695 562 758 pro
575 671 689 738 morito
702 683 760 738 etc.

590 817 619 898 ς.
641 813 672 877 2.

231 901 356 1001 llxceptis
373 931 413 992 tie,
432 947 499 1000 quoe
518 931 612 1000 capitis
629 931 803 984 &minutione
818 930 1028 1000 perimebantur.

88 1033 241 1116 Excepta
262 1041 371 1103 tamen
394 1039 490 1094 erant
504 1031 647 1114 eejura,
664 1053 750 1116 quae
766 1033 881 1118 capitis
898 1032 1125 1100 deminutione
1141 1038 1260 1122 perimi

31 1142 167 1204 olebant
190 1137 292 1203 Talia
308 1147 402 1202 erant
417 1159 589 1223 operarum
607 1139 794 1203 officialium
811 1140 1053 1226 obligationes,
1063 1144 1118 1228 jus
1133 1143 1259 1230 adgna-

31 1248 121 1329 ionis,
135 1268 212 1311 usus
237 1255 272 1311 et
286 1247 495 1311 ususfructus.
517 1247 614 1315 Haec
636 1270 734 1332 quum
758 1249 875 1333 capitis
899 1248 1125 1314 deminutione
1148 1253 1258 1335 perire

31 1364 154 1418 nossent:
176 1355 215 1417 L.
230 1355 262 1418 7.
278 1356 320 1418 1).
335 1355 375 1416 dc
393 1355 466 1436 Gap.
489 1356 601 1416 dernr‘rc
616 1356 655 1416 L.
670 1355 700 1418 l.
714 1357 757 1418 D.
780 1357 898 1434 Qur'lrm
916 1357 994 1418 mod.
1018 1361 1139 1437 urursr.
1161 1365 1260 1426 mnftt.

31 1461 126 1525 Paulus
153 1463 308 1530 Sententt.
329 1464 468 1544 Recepit.
487 1463 546 1524 III.
571 1461 674 1527 eeu.
704 1485 819 1526 omnes
843 1461 942 1544 vero,
965 1465 1022 1548 qui
1044 1485 1079 1528 se
1106 1459 1260 1551 adrogari

31 1570 123 1650 inunt,
139 1570 258 1654 capitis
274 1569 534 1632 deminutionem
550 1577 760 1653 paterentur:
771 1593 839 1634 non
853 1580 1010 1656 poterant
1019 1571 1173 1658 profecto
1187 1595 1259 1638 cum

31 1677 139 1761 reliquis
148 1677 281 1763 juribus
298 1678 339 1742 ad
356 1678 588 1761 adrogatoreln
602 1679 758 1743 transire:
774 1679 804 1760 §.
812 1678 848 1755 Ι1.
863 1681 943 1742 last.
958 1681 988 1742 lr.
1007 1689 1029 1744 t.

590 1794 619 1874 f
639 1793 670 1858 a
1014 1789 1018 1797 ’

545 1899 598 1982 dur
615 1918 718 1956 mcum.

93 1999 156 2068 Sed
182 2007 225 2064 'et
259 1999 345 2065 haec
371 1999 502 2064 sustulit
528 2001 743 2068 rusticianus.
779 1999 1049 2086 Adrogstoribus
1076 2004 1165 2068 enim
1192 2026 1259 2068 non

31 2109 146 2174 omnium
165 2108 331 2176 bonorum
348 2107 616 2191 adquisitionem,
635 2108 695 2172 sed
709 2107 944 2174 usumfructum
957 2121 1097 2192 tantum,
1114 2111 1261 2176 dominio

31 2213 169 2299 adrogatis
192 2217 333 2301 integro
356 2225 504 2297 servato,
521 2217 691 2280 concessu.
711 2215 847 2284 Mortuo
871 2225 981 2280 autem
1000 2217 1070 2281 filio
1087 2219 1261 2303 adrogato,

31 2321 52 2382 in
73 2323 218 2406 adoptiva
250 2323 376 2388 familie
401 2324 500 2388 etiem
523 2323 705 2388 dominium
727 2343 836 2388 rerum
864 2325 934 2407 ejus
958 2325 1001 2389 ad
1028 2324 1261 2408 adrogntorem

31 2430 141 2493 transire
159 2419 290 2514 voluit,
305 2433 368 2498 nisi
383 2428 591 2515 superessent
608 2430 696 2496 eliae
718 2451 899 2514 personae,
916 2451 1000 2514 quae
1016 2439 1144 2516 patrem
1160 2433 1194 2495 in
1210 2433 1262 2516 iis,

31 2556 94 2617 quae
115 2538 248 2622 adquiri
269 2559 336 2604 non
359 2548 512 2623 possent,
528 2560 572 2602 ex
595 2538 832 2602 constitutione
852 2539 1069 2602 antecedant:
1089 2539 1118 2620 5.
1137 2539 1168 2602 2.
1182 2541 1262 2603 Inst.

31 2643 50 2700 l·
62 2653 80 2703 t·
92 2645 131 2725 d).
151 2645 252 2710 Idem
269 2646 369 2711 etiam
382 2647 585 2712 Justinianus
601 2645 840 2712 consultissima
854 2645 985 2710 ratione
1008 2647 1135 2728 sanxit,
1151 2655 1187 2711 ut
1202 2647 1263 2711 ad·
1283 2693 1288 2702 ,

31 2759 140 2833 rogator
154 2775 195 2818 ex
215 2751 284 2818 filii
308 2754 471 2837 adrogati
486 2752 708 2818 contractibus
730 2754 973 2835 conveniretur,
990 2760 1042 2833 et,
1058 2754 1085 2817 si
1099 2753 1159 2816 ille
1175 2753 1262 2818 hunc

31 2855 186 2924 defendere
208 2859 339 2938 nollet,
365 2861 584 2927 creditoribus
606 2860 695 2922 bona
717 2859 796 2942 filii,
813 2881 950 2945 quorum
964 2869 1071 2944 ,pater
1085 2860 1265 2947 adrogatur
1334 2939 1339 2944 ,

33 2969 238 3036 usumfructum
262 2967 432 3034 habiturus
446 2969 578 3050 fuisset,
597 2965 769 3052 possidere
784 2970 1049 3051 permitteretur:
1069 2969 1097 3050 §.
1114 2971 1169 3034 stt
1184 2971 1263 3034 Inet.

32 3070 134 3156 nm).

377 3219 894 3347 mmmmm)

71 3516 132 3594 uo
162 3519 255 3598 cm
287 3517 609 3596 LIBuan'rls
642 3519 848 3597 GAUSSA
878 3520 1024 3598 BONA
1056 3518 1209 3595 ADDI-

523 3643 751 3719 GUN'PUR.

96 3767 266 3836 BONORUM
287 3787 451 3835 Anurcrlo
468 3770 659 3836 libertatum
678 3771 975 3838 conservandarum
992 3793 1105 3836 caussa
1126 3779 1199 3836 tota
1216 3772 1265 3838 ita

31 3889 200 3958 comparata
224 3887 293 3961 est,
314 3886 351 3942 ut
372 3878 442 3943 sine
470 3881 703 3966 antiquitatum
723 3879 916 3964 cognitione
939 3879 1085 3964 intelligi
1109 3888 1265 3986 nequeat,

32 4063 87 4112 luae
103 4059 159 4123 ejus
177 4059 302 4126 fuissent,
320 4061 345 4114 si
362 4077 393 4114 se
410 4060 499 4114 alieno
514 4060 572 4127 juri
588 4077 645 4114 nun
662 4061 832 4129 subjecisset,
850 4060 978 4114 universa
992 4061 1110 4114 vendere
1123 4059 1265 4112 oreditori-

31 4130 71 4186 bus
87 4139 197 4196 Preetor
214 4145 395 4211 permittebat.
413 4145 508 4200 Simile
525 4151 583 4198 erat
596 4151 642 4212 jus
660 4163 788 4211 uxorum,
813 4161 884 4215 quae
899 4163 950 4214 per
967 4146 996 4200 in
1019 4161 1131 4198 manum
1148 4160 1266 4198 eonven-

32 4215 115 4274 tionem
123 4226 287 4282 bonasuain
296 4229 424 4282 maritmn
438 4234 639 4284 transtulerant.
653 4233 717 4285 vid.
725 4233 787 4298 Gai.
798 4232 927 4299 III.§.84.
940 4232 989 4284 lv.
998 4231 1019 4298 ξ.
1027 4234 1069 4282 38.
1078 4235 1105 4282 ct
1117 4234 1160 4283 80.
1179 4227 1267 4281 Muti.

87 4307 117 4374 d)
135 4313 167 4363 L.
185 4313 233 4366 ult.
255 4313 283 4366 C.
302 4332 392 4366 comm.
412 4316 443 4366 dc
461 4315 641 4370 successionib.
662 4315 748 4371 Mitt.
1142 4316 1147 4324 ’
1261 4317 1279 4384 '-

89 4395 117 4456 ε)
136 4394 193 4446 Vin
210 4402 300 4452 temen
317 4398 382 4452 novi
399 4399 550 4468 quidquam
567 4403 618 4457 hec
635 4401 664 4453 in
683 4419 719 4454 re
736 4401 865 4456 statuisse
882 4399 989 4454 videtur
1004 4399 1165 4464 *Imperator
1190 4400 1267 4467 (Gai

34 4463 72 4519 ῙΠ·
83 4470 150 4536 184.
167 4477 196 4532 in
208 4481 257 4550 1.),
274 4483 329 4536 nisi
346 4485 421 4551 quod
443 4484 471 4536 in
489 4484 625 4552 integrum
637 4484 774 4542 restitutio
789 4485 955 4540 creditorum
972 4500 1028 4536 non
1039 4485 1156 4551 amplius
1174 4500 1267 4538 ncces·

36 4553 94 4606 Sada
109 4569 186 4627 esset,
204 4568 251 4620 sed
269 4568 362 4625 stetim
379 4570 526 4640 adrogetor
544 4570 594 4624 filii
612 4571 722 4626 nomine
739 4571 877 4626 conveniri
896 4575 996 4635 posset.
1015 4568 1102 4622 Mum.

1008 4653 1070 4718 33*
