3062 5164
93 405 98 409 -
211 359 288 431 258
593 349 774 422 numm
798 348 930 420 {mn
954 345 1044 416 cir.
1069 345 1096 416 1.

218 528 389 605 ducerent,
405 522 584 594 dummodo
601 524 690 586 bene
708 523 847 589 dotatae
864 531 983 589 essem.
1003 523 1061 586 Sic
1078 522 1116 585 C.
1131 520 1312 602 Titinnius,
1329 520 1464 584 Mintur-

217 633 344 714 nensis,
365 632 525 700 Fanniam
549 651 687 697 uxorem
713 629 911 713 impudicam
935 629 978 692 de
1005 628 1168 694 industria
1188 628 1346 711 duxerat,
1368 638 1403 692 ut
1420 651 1465 692 eo
1525 695 1526 708 .

217 741 353 806 erimine
374 737 582 822 repudiatam
606 737 686 802 dote
708 737 877 821 spoliaret.
904 737 1007 815 Quod
1028 736 1236 820 exemplum,
1260 735 1421 820 latamque
1445 759 1464 799 a

218 849 256 912 C.
270 847 380 914 Mario
395 847 593 910 sententiam
607 845 757 910 referunt
773 845 941 908 Plutarch.
955 849 990 908 in
1005 851 1071 910 os'to
1087 847 1189 908 nant
1199 866 1226 908 a.
1241 843 1293 908 38
1307 850 1342 906 et
1356 843 1466 906 Valer.

216 956 307 1018 Max.
331 955 418 1016 VIII.
433 953 463 1015 2.
477 953 508 1016 3.
535 953 692 1036 Denique
712 953 811 1016 etiam
831 973 1077 1038 nonnumquam
1095 952 1185 1018 bona
1205 952 1312 1036 gratia
1331 973 1351 1012 a
1366 970 1399 1012 se
1415 951 1466 1012 in-

217 1063 323 1127 vicem
346 1059 562 1124 discedebant
587 1062 761 1146 conjuges,
783 1069 818 1124 et
840 1070 919 1124 tunc
942 1060 1138 1143 plerumque
1162 1079 1246 1122 uxor
1270 1080 1339 1122 non
1365 1057 1463 1122 solum

218 1169 329 1234 dotem
347 1169 549 1262 recipiebat,
565 1168 626 1231 sed
643 1175 679 1230 et
698 1166 787 1232 dona
808 1176 842 1230 et
861 1189 1014 1250 munera,
1032 1189 1052 1229 e
1070 1166 1188 1231 marito
1211 1166 1307 1250 data,
1321 1166 1467 1230 lucraba-

218 1284 280 1340 tur.
302 1276 401 1341 Unde
419 1276 516 1342 Ovid.
529 1277 568 1338 de
581 1277 708 1346 Remed.
724 1277 850 1337 Amoris
864 1297 891 1336 o.
906 1265 978 1338 669.
994 1296 1059 1357 sqq.

402 1393 404 1400 “
418 1384 529 1452 itatius
544 1393 594 1450 est,
607 1391 776 1465 aptamque
790 1387 892 1465 mogs's
909 1373 1102 1444 orsesnrns
1115 1403 1211 1454 eres,

480 1491 580 1566 Quam
591 1499 700 1570 petere
715 1511 734 1550 o
750 1491 897 1552 thalamis
911 1490 1143 1572 lr'tigiosaforu.

322 1649 326 1668 ,
415 1598 563 1668 Munera,
578 1617 659 1678 quae
672 1598 817 1669 dederas,
832 1597 944 1658 lahem
959 1601 1028 1661 saise
1040 1600 1095 1658 lite
1101 1598 1232 1678 jubeto:

477 1703 559 1764 Esse
573 1690 674 1764 solent
686 1724 801 1784 magno
815 1705 932 1764 damno
946 1708 1067 1767 minora
1083 1706 1173 1766 molo.

794 1888 823 1969 ἓ.
844 1884 898 1948 re.

548 2000 636 2052 Etiam
654 1999 781 2053 uxoribus
799 2000 872 2053 licuit
889 2019 906 2054 a
924 2003 988 2056 viris
1005 1980 1143 2054 divertere.

304 2118 458 2182 Ceterum
476 2122 574 2202 quum
589 2119 667 2181 olim
687 2118 810 2181 maritis
827 2125 952 2181 tantum
960 2119 1016 2202 jus
1034 2127 1121 2182 esset
1137 2119 1326 2183 dimittendi
1343 2140 1469 2198 uxores,

220 2227 268 2290 uti
289 2247 333 2288 ex
354 2207 490 2289 Romuli
506 2225 584 2309 lege
607 2227 762 2288 observat
777 2225 974 2290 Plutarchus
988 2226 1022 2289 in
1040 2231 1105 2288 vita
1123 2228 1251 2290 Romuli
1265 2249 1291 2292 c.
1304 2227 1357 2290 22.
1371 2227 1466 2312 idque

203 2335 269 2419 *jus
285 2332 392 2396 adhue
410 2333 539 2416 vigeret
555 2333 757 2418 temporibus
777 2333 902 2413 Plauti,
917 2342 1016 2417 prout
1032 2354 1075 2396 ex
1093 2334 1163 2417 ejus
1177 2336 1311 2398 Marcet.
1330 2338 1400 2397 Act.
1416 2335 1468 2395 IV.

222 2442 313 2503 Seen.
332 2440 362 2502 6.
379 2447 523 2502 constat:
540 2447 659 2523 postea
679 2441 779 2505 etiam
803 2429 923 2506 uxores
947 2448 1130 2524 coeperunt
1152 2441 1267 2505 avinis
1293 2441 1466 2520 divertere,

219 2547 322 2631 idque
342 2555 408 2609 tam
431 2545 639 2629 frequenter,¹
651 2555 687 2610 ut
708 2547 855 2630 graviter
876 2549 996 2612 scribat
1013 2548 1141 2624 Seneca
1160 2550 1196 2610 de
1217 2550 1329 2626 Renes.
1346 2550 1406 2609 III.
1423 2547 1467 2609 16.

101 2631 106 2650 ⁸
219 2654 384 2732 Numquid
398 2655 470 2734 jam
494 2653 561 2713 ullo
581 2655 712 2734 repudio
730 2656 898 2728 erubescit,
915 2665 1082 2738 postquam
1106 2659 1246 2718 illustres
1269 2657 1469 2738 quaedamst

197 2761 334 2850 'nobiles
350 2759 590 2836 semiramem
616 2761 786 2823 &neutum
811 2782 958 2835 numero,
976 2764 1034 2824 sed
1054 2767 1252 2838 moritorum,
1272 2783 1376 2824 annos
1401 2783 1467 2824 suos

220 2868 423 2946 computant?
437 2873 468 2926 et
485 2876 602 2928 exeunt
615 2853 807 2930 matrimonii
819 2889 943 2946 caussa,
962 2873 1082 2931 nubunt
1095 2871 1243 2951 reprodsi'?
1259 2871 1304 2932 Et
1318 2866 1466 2932 Juvenal.

221 2973 290 3034 Sat.
311 2971 493 3034 V1.v.229.
508 2994 554 3055 sq.
775 2979 778 2982 ’

220 3227 391 3293 singulomm
416 3224 563 3280 liberorum
588 3226 699 3278 nomine
721 3231 815 3280 sextae
833 3225 1017 3280 retinebantur
1034 3243 1069 3280 ex
1092 3228 1164 3293 dote,
1191 3243 1247 3282 non
1264 3229 1357 3294 plures
1375 3233 1466 3287 tamen

220 3327 303 3381 quam
320 3317 375 3363 tres
393 3317 496 3364 sextae.
514 3313 658 3362 Praeterea
681 3315 793 3377 propter
815 3327 905 3376 mores
934 3312 986 3378 (sc.
1011 3312 1166 3379 improbos)
1186 3310 1314 3364 mulieres
1335 3315 1467 3381 praetores
1525 3375 1526 3388 ἵ

222 3393 255 3463 (i.
274 3412 297 3447 e.
316 3393 495 3462 adulterium)
515 3401 594 3447 sexta
613 3393 685 3446 dotis
703 3410 767 3460 pars
785 3395 951 3448 retinebatur
972 3398 1116 3462 amarito,
1142 3397 1274 3450 leviorum
1299 3397 1412 3450 nomine
1429 3414 1467 3450 oo·
1525 3455 1526 3460 ,

218 3484 289 3530 tava.
307 3478 404 3532 Mariti
420 3495 485 3532 vero
502 3494 593 3532 mores
604 3480 657 3531 hoc
673 3479 757 3530 modo
769 3478 964 3545 puniebantur:
981 3481 1051 3534 Eam
1069 3483 1180 3551 quidem
1191 3483 1291 3546 dotem,
1303 3497 1375 3550 quae
1386 3483 1466 3535 tribus

219 3561 397 3629 pensionibus
414 3563 512 3616 annuis
531 3565 645 3630 (annua,
662 3561 750 3628 bima,
777 3565 857 3617 trima
877 3564 936 3630 die)
955 3566 1094 3620 reddenda
1110 3574 1181 3630 erat,
1205 3576 1315 3633 propter
1333 3568 1467 3633 graviores

219 3660 309 3698 mores
327 3652 497 3710 praesentem
514 3648 627 3700 reddere
643 3663 754 3701 necesse
771 3649 895 3712 habebat,
915 3655 1025 3715 propter
1039 3651 1163 3716 leviores,
1175 3667 1271 3705 senum
1284 3665 1413 3704 mensum
1431 3651 1467 3704 die

224 3728 256 3797 (i.
274 3747 298 3780 c.
317 3731 492 3784 semestribus
509 3732 615 3799 spatiis,
633 3747 683 3797 pro
702 3733 826 3800 annuis).
844 3734 876 3784 In
897 3749 930 3785 ea
948 3740 1039 3786 auum
1057 3736 1135 3800 dote,
1160 3751 1230 3803 quae
1248 3751 1380 3802 praesens
1398 3734 1467 3788 reddi

219 3814 333 3876 solebat,
351 3818 489 3874 tantuma
506 3818 597 3869 fructu
608 3821 667 3868 erat
677 3815 883 3882 restituendum,
902 3825 1032 3885 quantum
1049 3819 1077 3870 in
1091 3819 1203 3887 reliquis
1218 3820 1329 3872 dotibus
1343 3834 1466 3886 praesens

218 3897 319 3950 solutio
337 3883 475 3950 efficiebat.
497 3899 574 3965 (Ulp.
593 3900 703 3968 Frapm.
723 3903 776 3954 Tit.
795 3903 843 3956 vl.
861 3905 881 3970 ξ.
899 3908 1021 3955 9-13.
1040 3904 1129 3965 Quem
1155 3904 1266 3972 quidem
1290 3907 1383 3957 locum
1401 3904 1467 3956 varie

218 3981 357 4047 explicant
373 3983 542 4048 interpretes.
560 3984 616 4038 cfr.
633 3987 716 4052 Ilugo
735 3988 772 4040 R.
799 3988 832 4040 G.
852 3989 905 4040 XI.
928 4004 956 4054 p.
973 3992 1025 4041 928
1036 3992 1141 4040 -9³0.
1166 3995 1200 4040 et.
1211 3991 1259 4040 civ.
1278 3990 1352 4056 Mau.
1381 3989 1466 4052 1v.p

218 4069 280 4118 396.
299 4065 430 4118 Wiielrter
448 4068 466 4121 l.
484 4068 503 4119 l.
522 4083 549 4135 p.
569 4073 619 4122 165
631 4099 663 4110 -
681 4075 738 4124 169.
756 4073 847 4126 Haase
865 4072 883 4124 l.
904 4073 921 4126 1.
939 4073 960 4139 ξ.
977 4077 1020 4126 52.
1041 4073 1130 4124 Gteek
1144 4074 1234 4126 Pand.
1252 4075 1351 4128 XXV.
1369 4091 1397 4140 p.
1415 4077 1467 4128 326·

160 4185 173 4193 .
219 4157 246 4202 et
263 4149 378 4202 XXVI.
394 4153 423 4216 p.
440 4155 600 4206 sae-³28.
618 4154 750 4221 Sebilling
761 4157 839 4210 Bem.
857 4155 900 4210 itt.
918 4158 954 4211 R.
976 4158 1009 4210 G.
1026 4175 1052 4223 p.
1072 4158 1315 4212 aus-avavtd.
1332 4164 1361 4210 et
1376 4157 1465 4224 ejusd.
1525 4159 1526 4212 ἐ

218 4231 447 4287 animadversor.
465 4239 524 4290 erit.
542 4239 579 4290 od
592 4238 651 4305 Ulp.
663 4239 772 4307 Frapm.
792 4239 839 4308 Sp.
854 4241 888 4293 ll.
900 4257 927 4308 p.
945 4243 1083 4306 64-66.).
1100 4243 1136 4294 At
1149 4241 1229 4309 longe
1241 4242 1318 4296 aliter
1330 4258 1375 4294 res
1389 4242 1465 4308 impp.
1525 4261 1526 4272 ¹

219 4316 437 4372 Christianorum
463 4321 703 4376 eonstibrtionibus
731 4323 842 4377 definita
861 4331 902 4386 est
918 4325 990 4391 (vid.
1009 4326 1040 4378 L.
1058 4330 1083 4378 2.
1102 4327 1205 4381 Theod.
1224 4327 1293 4380 (lod.
1318 4327 1351 4378 de
1377 4323 1465 4394 repud.

218 4401 249 4454 n.
270 4408 309 4454 ιι.
327 4402 427 4456 susan.
446 4405 477 4457 e.
503 4407 563 4458 eor.
581 4407 652 4460 uov.
672 4411 729 4460 117.
753 4425 776 4460 c.
794 4413 820 4461 s.
844 4410 864 4477 ς.
882 4413 907 4462 2.
927 4411 1057 4464 wasser
1075 4411 1094 4463 ι.
1112 4412 1130 4464 a
1147 4427 1174 4478 p.
1193 4415 1291 4465 ese—
1303 4416 1364 4466 aes.
1384 4410 1464 4464 erre
1525 4383 1526 4452 l

217 4483 308 4537 Pond.
325 4486 452 4541 XXVII.
469 4489 490 4555 ξ.
511 4490 612 4557 1272),
631 4493 706 4558 quod
724 4497 813 4558 tamam
831 4494 912 4550 latius
931 4495 1060 4562 prosequi
1079 4494 1161 4560 hujus
1177 4511 1233 4548 non
1251 4502 1293 4548 est
1304 4495 1367 4550 loci.
1385 4493 1464 4549 Mtttt.
1525 4541 1526 4544 ,
