3056 5154
221 441 294 508 ssa
514 433 590 502 ιι..
614 431 676 502 ιιι
702 431 782 502 nr.
807 430 968 500 xxvnr.
993 431 1180 524 (ιιιιιι)

221 615 309 676 adm
325 631 390 674 uon
405 610 546 674 anm.
568 609 701 672 Ενοίτιιιι
714 609 867 680 offendens,
884 607 1042 670 hoedus
1056 609 1239 672 &efflanda
1263 610 1470 672 (ilem.-

225 718 361 780 oreada
374 715 596 800 διαιρουμένης.
618 716 705 778 Idem
720 715 925 778 “madae
937 714 1109 796 διαιρέσεις,
1121 716 1283 794 sortasse,
1298 715 1471 798 διαιρετέις.

222 824 285 888 cio
304 827 379 903 (scu
395 824 486 904 cieo)
505 843 587 888 vero
610 822 754 907 antiquis
775 821 863 884 idem
881 820 962 902 fnit,
984 843 1024 884 ac
1038 823 1148 885 dictito.
1170 823 1273 887 Unde
1294 823 1383 906 apud
1398 823 1473 886 Ser-

221 931 309 996 vium
318 932 483 1016 Donatus,
494 932 769 1015 interpretaturus
780 928 984 1012 illaVirgilii
998 931 1130 994 Amen
1136 932 1204 994 ns.
1217 933 1309 994 VIII.
1315 953 1345 993 o.
1355 931 1472 1014 fflq.

457 1091 501 1104 -—
543 1089 571 1102 -
600 1058 681 1118 ct'tae
701 1055 823 1116 Metam
841 1057 877 1115 r'n
897 1053 1023 1114 &erra
1045 1056 1222 1136 qrcadrc‘goe

460 1163 670 1224 Dt'stulerunt.

221 1284 329 1350 addit:
352 1305 473 1358 cruat,
495 1285 529 1346 td
542 1294 603 1356 est,
624 1285 757 1354 Mane,
770 1291 807 1344 ut
820 1294 870 1346 eat
887 1287 920 1346 r'a
931 1286 1029 1368 jure.-
1047 1304 1151 1344 sacro
1170 1304 1245 1344 ιιοιι
1263 1304 1356 1360 erro,
1374 1284 1407 1345 s'd
1421 1293 1471 1360 est,

216 1381 406 1476 patriarcnae
423 1395 474 1454 eet
493 1392 667 1454 heredetote
681 1410 755 1452 non
772 1411 907 1454 narres.
940 1390 1017 1469 Qua
1039 1393 1074 1456 in
1095 1389 1378 1473 interpretatione
1397 1387 1471 1453 licet

222 1501 358 1564 fallatur
372 1499 542 1580 Donatus,
559 1517 677 1584 quum,
692 1505 728 1562 ut
751 1497 885 1562 Servius
907 1499 1080 1577 observat,
1094 1515 1219 1582 crruu,
1234 1499 1373 1582 quoties
1393 1497 1469 1560 idem

223 1616 274 1672 est
288 1629 327 1670 ac
344 1605 493 1688 divisum,
505 1605 665 1692 syllabam
679 1605 824 1689 priorem
839 1605 1014 1689 producat:
1030 1627 1082 1669 res
1097 1605 1171 1688 ipsa
1182 1614 1295 1668 tamen
1313 1615 1406 1670 certa
1419 1615 1471 1684 est,

222 1732 328 1780 curun
343 1715 431 1778 idem
448 1734 535 1796 esse,
551 1733 590 1779 ac
604 1714 746 1776 (lichum.
767 1712 867 1776 Unde
880 1715 1041 1793 samstrbm
1056 1722 1175 1776 erctum
1188 1717 1274 1774 cr'ere
1294 1714 1388 1776 idem
1406 1714 1470 1792 erit,

222 1846 261 1888 ac
279 1821 499 1888 hereditatem
515 1821 679 1906 integram
695 1828 729 1882 et
744 1820 918 1884 indivisam
934 1818 1094 1883 dividere.
1116 1821 1161 1883 Et
1184 1840 1227 1882 ex
1250 1819 1322 1883 illis
1339 1821 1469 1905 antiquis

222 1938 323 2016 atque
339 1926 498 1991 obsoletis
510 1928 647 1992 vocibus
665 1936 744 1992 nata
759 1935 809 1990 est
824 1934 940 2012 postea
955 1926 1080 2010 phrasis
1096 1944 1265 1992 rammam
1283 1945 1469 2008 mersurus,

223 2056 308 2123 quae
324 2039 394 2122 jam
416 2035 505 2120 apud
520 2035 716 2103 Ciceronem
737 2037 776 2097 de
795 2035 883 2098 Orat.
900 2037 922 2096 Ῑ.
939 2035 990 2100 56.
1013 2034 1216 2120 Appulejum
1231 2035 1468 2118 Metamorphor.

221 2147 285 2208 Lab.
306 2144 357 2205 VI.
375 2141 411 2230 [*
415 2164 448 2228 p.
463 2143 535 2204 441.
550 2144 652 2226 ihr’que
669 2152 744 2205 noto
759 2142 1016 2228 Oudendorpii.]
1033 2151 1068 2206 et
1081 2144 1217 2206 Festum
1231 2143 1307 2205 thid.
1325 2143 1468 2216 occurrit;

221 2260 347 2317 tantum
364 2251 470 2332 abest,
484 2259 520 2314 ut
536 2250 770 2331 Tribonianus‚
782 2249 872 2336 quod
889 2249 1065 2314 Salmasius
1079 2254 1230 2336 putabat,
1246 2273 1325 2316 eam
1338 2272 1383 2315 ex
1397 2250 1468 2316 male
1521 2269 1522 2340 q

222 2357 403 2424 intellectis
417 2358 554 2422 vocibus
572 2375 709 2424 sacrun
727 2374 834 2421 crruu
851 2357 1045 2422 conflaverit
1058 2367 1098 2434 ⁸).

805 2541 837 2622 §0
857 2541 889 2605 8.

613 2656 749 2708 ludicrum
757 2655 886 2722 smilace
903 2658 1082 2711 erciscundae.

303 2756 368 2822 His
383 2756 579 2841 praemissis,
590 2756 697 2822 facilis
713 2757 777 2821 erit
791 2756 876 2840 legis
892 2758 1121 2826 decemviralis
1134 2758 1383 2843 interpretatio.
1397 2758 1467 2822 Vult
1520 2809 1521 2848 ,

224 2865 294 2952 ejus
309 2867 401 2948 prior
414 2885 507 2948 pars,
523 2873 560 2928 ut
573 2864 725 2950 nomina,
742 2864 777 2928 id
800 2872 866 2946 est,
892 2888 1006 2932 omnes
1022 2867 1248 2952 obligationes
1274 2875 1312 2932 et
1331 2867 1467 2932 actiones

221 2973 309 3038 inter
323 2971 505 3036 coheredes
519 2992 579 3056 pro
595 2973 801 3057 portionibus
816 2973 1025 3040 hereditariis
1039 2975 1112 3060 ipso
1122 2976 1200 3060 jure
1216 2976 1265 3040 ita
1279 2975 1346 3040 sint
1362 2975 1467 3054 divisa,

221 3089 258 3145 ut
279 3079 410 3144 nonnisi
428 3100 489 3164 pro
508 3086 580 3144 rata
599 3080 682 3146 alios
699 3081 897 3161 convenire,
913 3090 970 3147 aut
984 3083 1026 3146 ab
1046 3083 1121 3148 aliis
1143 3083 1317 3148 conveniri
1333 3091 1467 3166 possent

221 3187 274 3252 Ex
293 3209 359 3272 quo
376 3189 651 3272 consequebatur,
667 3200 702 3254 ut
719 3189 875 3274 legatarii
890 3211 953 3254 nec
969 3190 1211 3276 obligationum
1230 3212 1294 3254 nec
1310 3192 1466 3256 actionun

223 3295 371 3362 defuncti
393 3297 512 3360 fierent
526 3297 715 3381 participes,
731 3298 788 3362 sed
805 3306 840 3362 et
853 3297 982 3362 illarum
999 3319 1113 3379 onere,
1130 3308 1165 3364 et
1180 3299 1293 3361 harum
1311 3299 1465 3362 beneficio
1519 3313 1520 3364 1

224 3404 457 3470 eximerentur.
473 3405 528 3470 Ad
544 3414 670 3471 ceteras
685 3391 968 3470 res‘hereditarias
979 3407 1070 3490 quod
1085 3406 1260 3484 attinebat,
1273 3404 1367 3469 adita
1382 3405 1466 3468 here
1519 3373 1520 3467 l

224 3503 340 3593 ditate,
355 3512 442 3576 inter
455 3513 543 3597 ipsos
558 3513 739 3578 coheredes
751 3515 1013 3579 communionem
1025 3513 1198 3598 quamdam
1215 3533 1287 3576 esse
1297 3512 1466 3578 voluemnt

223 3617 414 3683 Decemviri
430 3628 464 3685 et
479 3622 609 3686 tacitam
623 3622 726 3686 veluti
739 3622 941 3686 societatem.
960 3621 1070 3710 Quum
1085 3629 1196 3686 tamen
1206 3640 1305 3684 nemo
1321 3629 1466 3684 teneatur

223 3725 346 3790 invitus
368 3727 401 3790 in
417 3730 646 3794 communione
662 3750 890 3817 perseverare:
905 3751 1041 3794 necesse
1057 3738 1146 3812 erat,
1158 3736 1194 3794 ut
1217 3727 1322 3792 cuivis
1337 3729 1466 3792 cohere-

226 3832 302 3898 dum
323 3833 441 3900 liceret
457 3857 475 3900 e
491 3840 718 3903 communione
738 3840 801 3902 ista
816 3839 1007 3920 discedere,
1024 3859 1130 3922 eaque
1147 3837 1189 3900 de
1212 3857 1328 3900 caussa
1343 3836 1466 3921 prodita

225 3950 297 4006 erat
315 3946 400 4008 actio
425 3946 634 4010 erciscundae
661 3947 826 4030 familiae,
847 3969 913 4032 qua
927 3946 1094 4027 instituta,
1110 3945 1281 4010 Praetoris
1303 3953 1395 4026 erat,
1411 3951 1465 4006 tres

224 4050 364 4116 arbitros
384 4050 480 4130 dare,
496 4054 551 4138 qui
576 4057 746 4138 portiones
767 4055 934 4138 facerent,
955 4064 990 4120 et
1012 4055 1161 4118 subortas
1182 4053 1270 4116 inter
1291 4052 1464 4116 coheredes

224 4161 466 4226 controversias
486 4183 529 4226 ex
550 4183 658 4249 aequo
681 4165 837 4254 bonoque
853 4171 1107 4250 componerent:
1121 4161 1196 4228 Jan.
1211 4160 1311 4226 Vino.
1327 4159 1465 4228 Gravius
1517 4191 1518 4212 ι

224 4266 262 4328 de
277 4266 350 4330 XII
364 4271 435 4332 Tala
444 4291 478 4353 p.
492 4268 564 4336 326.

293 4518 324 4583 a)
343 4519 387 4572 De
403 4523 529 4576 vocabuli
545 4523 650 4590 origine
668 4531 695 4578 et
711 4522 852 4578 notatione
867 4524 922 4578 vid.
940 4523 1022 4577 etlam
1033 4523 1183 4578 Huschke:
1202 4521 1314 4576 Men
1333 4521 1379 4574 des
1391 4517 1463 4574 ns.

224 4615 241 4628 “
267 4605 324 4658 lte.
341 4609 398 4660 not
415 4609 457 4664 26.
475 4615 502 4664 et
518 4607 557 4666 im
576 4608 673 4666 Rlaeeis.
689 4611 760 4666 Mas.
773 4610 822 4666 VL
839 4627 866 4679 p.
877 4614 938 4666 280.
955 4615 1012 4666 not
1025 4614 1070 4666 41.
1089 4607 1177 4664 Mitt
