3122 5162
212 379 285 448 ass
396 327 402 332 ’
628 374 704 442 ιιι.
729 373 787 475 rv.
814 373 894 444 aa.
919 373 1048 460 xviri.

213 551 317 616 functi
332 549 407 633 sint,
422 558 478 614 aut
493 571 560 614 non
576 558 740 634 perpetuo
757 549 915 632 sederint,
934 559 990 614 aut
1005 550 1049 613 ob
1059 551 1277 638 judicandum
1292 552 1465 636 pecuniam

213 661 380 744 ceperint:
406 658 554 743 itemque
570 658 613 721 de
629 659 695 740 eis,
712 658 754 723 ad
777 681 859 744 quos
881 659 1022 743 pecunia
1043 661 1249 743 pervenerit:
1266 662 1369 745 quive
1394 682 1467 745 pro·

212 766 400 832 consulares
414 767 561 830 rationes
576 765 619 829 ad
635 767 796 830 aerarium
813 789 880 832 non
895 766 1085 848 retulerint,
1101 774 1159 834 aut
1173 769 1231 852 qui
1245 769 1466 832 Proconsules

179 953 182 962 y
210 875 362 960 privatim
386 872 498 958 aliquo
522 874 664 959 profecti
680 875 819 956 fuerint,
843 882 899 938 aut
914 874 1144 938 transmarinas
1159 895 1211 938 res
1228 875 1463 940 arcessiverint

211 983 325 1045 Poena
346 989 480 1064 praeter
500 982 570 1046 litis
590 982 852 1045 aestimationem
873 992 944 1046 erat
965 1005 1072 1067 aquae
1096 991 1132 1046 et
1152 983 1239 1067 ignis
1260 981 1459 1065 interdictio,

210 1089 272 1154 nisi
295 1090 329 1153 in
351 1097 445 1152 reatu
468 1089 613 1152 adcusati
627 1090 856 1154 decessissent.
879 1089 976 1168 Quae
992 1090 1101 1154 omnia
1116 1090 1273 1154 adcurate
1290 1112 1337 1154 ex
1352 1113 1462 1154 monu-

210 1198 328 1261 mentis
338 1196 496 1282 genuinis
512 1196 749 1261 demonstravit
765 1197 838 1260 Car.
855 1196 1011 1282 Sigonius
1026 1199 1066 1260 de
1079 1199 1209 1262 Judiciis
1224 1200 1267 1260 II.
1282 1198 1336 1262 27.
1345 1220 1381 1280 p.
1395 1199 1465 1262 614.

209 1327 253 1387 sq.
277 1306 448 1369 Postrema
469 1304 531 1367 suit
546 1322 615 1368 nux
629 1323 743 1387 runis,
767 1327 863 1390 quam
880 1306 921 1370 A.
938 1305 979 1370 U.
996 1305 1033 1369 C.
1050 1323 1183 1370 ncxcrv.
1199 1307 1233 1370 in
1250 1306 1359 1390 primo
1376 1306 1464 1370 Con-

209 1413 317 1478 sulatu
332 1412 408 1477 tulit
420 1411 487 1475 Jul.
505 1411 642 1494 Caesar,
658 1422 694 1476 ut
711 1433 753 1475 ex
770 1412 941 1477 Ciceronis
960 1415 1049 1476 Orat.
1063 1418 1097 1476 in
1115 1413 1274 1476 Vatinium
1290 1415 1383 1478 <212
1399 1415 1466 1479 col-

208 1522 323 1607 ligitur
338 1520 383 1602 ¹¹).
394 1519 502 1583 Multa
514 1520 645 1584 inerunt
657 1519 754 1604 hujus
765 1520 850 1606 legis
866 1521 991 1605 capita,
1009 1541 1093 1604 quae
1110 1521 1227 1604 partim
1246 1542 1289 1584 ex
1301 1521 1462 1585 Jurecon-

156 1699 162 1706 ,
209 1629 366 1693 sultorum
382 1627 591 1712 fragmentis,
609 1629 726 1714 partim
745 1650 787 1692 ex
800 1629 962 1692 Cicerone
979 1649 1097 1714 magno
1114 1628 1222 1692 studio
1239 1629 1383 1714 collegit
1394 1630 1465 1693 Car.

209 1736 365 1822 Sigonius
380 1737 450 1798 idid.
471 1758 503 1817 p.
517 1735 589 1800 618.
605 1759 667 1818 sqq.
688 1737 742 1802 De
759 1759 868 1822 poena
884 1737 971 1799 inter
986 1736 1073 1800 viros
1090 1737 1235 1800 eruditos
1252 1736 1465 1820 disceptatur.

158 1841 165 1849 ’
208 1845 333 1909 Senatu
351 1853 384 1907 et
406 1843 503 1908 curiis
520 1843 687 1911 submotos
704 1865 774 1908 esse
790 1844 1045 1930 repetundarum
1062 1866 1153 1926 reos,
1177 1852 1270 1928 patet
1285 1865 1330 1908 ex
1345 1844 1465 1908 Sueto-

208 1955 264 2016 nio
290 1954 322 2012 O.
344 1953 408 2014 Jal.
433 1952 521 2014 Caes.
543 1973 569 2014 c.
589 1950 640 2016 43.
667 1953 787 2024 Othone
808 1975 833 2014 c.
855 1953 885 2015 2.
907 1953 1028 2016 Tacito
1051 1953 1221 2014 Historiar.
1237 1954 1262 2012 I.
1276 1951 1330 2013 77.
1353 1951 1459 2016 Plinio

208 2060 323 2142 Epistt.
345 2061 387 2122 ΙΙ.
408 2058 459 2122 ll.
481 2057 532 2120 12.
555 2059 612 2121 IV.
633 2058 663 2119 9.
685 2057 792 2123 Paulo
810 2061 963 2124 Sententt.
979 2061 1119 2141 Recepit.
1140 2059 1175 2120 V.
1191 2059 1241 2121 28.
1264 2059 1365 2122 Unde
1380 2059 1464 2122 hanc

208 2189 349 2254 poenam
365 2174 498 2251 praeter
513 2165 581 2230 litis
597 2166 858 2232 aestimationem
873 2167 952 2252 lege
968 2168 1058 2230 Julia
1075 2167 1175 2229 fuisse
1191 2167 1368 2249 sancitam,
1393 2168 1466 2230 exi-

208 2277 318 2341 stimat
332 2275 417 2339 Just.
431 2274 561 2360 Lipsius
577 2277 621 2336 ad
637 2277 737 2338 Taciti
748 2279 865 2362 Annal.
881 2275 970 2336 XIV.
985 2275 1036 2338 28.
1052 2275 1230 2339 Enimvero
1248 2276 1294 2338 sic
1309 2275 1393 2340 haec
1408 2275 1466 2340 lex

208 2407 275 2448 non
298 2383 413 2447 fuisset
435 2385 553 2448 ceteris
576 2384 700 2464 acrior,
723 2384 888 2466 severior,
911 2384 1075 2463 sanctior,
1098 2382 1188 2467 quod
1211 2390 1322 2446 tamen
1346 2385 1465 2468 passim

207 2492 314 2557 innuit
337 2492 454 2556 Cicero
481 2493 569 2554 Orat.
592 2495 624 2552 ia
646 2493 804 2554 Vatinium
826 2514 851 2554 c.
873 2491 922 2556 12.
939 2499 973 2555 et
989 2513 1051 2576 pro
1069 2491 1101 2551 C.
1116 2492 1245 2552 Babirs‘o
1259 2513 1284 2552 c.
1300 2491 1331 2554 4.
1357 2491 1464 2568 Quum
1511 2489 1521 2518 ⁶

209 2623 289 2688 ergo
305 2604 374 2686 jam
398 2608 497 2664 antea
518 2600 567 2662 rei
584 2600 782 2684 juberentur
798 2599 950 2684 duplum,
976 2598 1127 2685 triplum,
1151 2597 1373 2684 quadruplum
1391 2601 1463 2664 red-

208 2709 306 2789 dere,
329 2729 367 2770 ac
388 2689 562 2790 praeterea
587 2706 797 2788 mitterentur
819 2708 850 2771 in
877 2707 1044 2787 exsilium,
1067 2715 1154 2770 teste
1170 2707 1292 2769 Ascon.
1309 2707 1460 2771 Pediano

207 2821 239 2878 in
264 2817 406 2877 Prooem.
430 2815 572 2876 Actionis
596 2817 628 2874 in
646 2814 785 2882 ,Verrem
806 2837 830 2877 c.
848 2815 897 2878 13.
908 2839 942 2898 p.
956 2816 1007 2877 59.
1024 2838 1067 2900 sq.
1083 2837 1150 2878 non
1166 2815 1264 2879 facile
1281 2817 1463 2897 existimes,

206 2923 369 2988 leniorem
387 2922 420 2984 in
436 2944 472 2985 re
490 2921 590 2986 fuisse
608 2921 793 2985 Caesarem.
816 2923 883 2986 Sed
904 2933 1014 2986 tamen
1032 2945 1143 2988 verum
1162 2906 1225 3006 est,
1242 2924 1381 2988 civitate
1397 2949 1464 2989 non

209 3031 369 3096 excidisse
392 3030 646 3115 repetundarum
671 3051 713 3092 ex
734 3030 796 3094 hac
818 3031 895 3118 lege
919 3031 1090 3095 damnatos
1106 3033 1160 3116 i),
1191 3051 1304 3095 verum
1329 3045 1465 3118 praeter

208 3139 467 3204 aestimationem
484 3137 551 3201 litis
568 3137 684 3200 ordine
701 3160 771 3201 esse
789 3150 911 3218 motos,
928 3149 963 3203 ct
978 3141 1162 3224 prohibitos
1178 3150 1355 3224 praeterea
1370 3144 1465 3204 testi-

207 3248 349 3312 monium
368 3247 497 3326 dicere,
514 3245 686 3330 judicare,
708 3247 891 3332 postulare:
913 3247 950 3307 L.
966 3245 996 3308 6.
1012 3249 1039 3330 §.
1056 3247 1084 3310 1.
1102 3249 1141 3308 Ι).
1157 3249 1200 3309 ad
1213 3250 1356 3330 tegant
1372 3273 1463 3331 repe-

208 3357 295 3418 tnnd.
311 3356 435 3418 Anton.
451 3354 674 3440 Schultingius
691 3357 734 3417 ad
747 3357 848 3416 Pauli
860 3355 1014 3420 Sententt.
1029 3357 1169 3438 Recepti.
1191 3355 1226 3417 V.
1241 3355 1293 3418 28.
1308 3379 1342 3438 p.
1358 3357 1433 3419 525.

780 3505 808 3585 §.
830 3503 881 3574 76.

664 3621 722 3672 Lan
740 3619 826 3674 Fabia
845 3621 876 3673 ale
890 3621 989 3690 plagia.
1135 3685 1137 3688 Ι

289 3720 361 3784 Nec
376 3721 591 3785 omittendum
608 3720 730 3784 crimen
744 3739 867 3804 sunan,
877 3722 919 3786 de
936 3743 1002 3808 quo
1018 3721 1147 3786 exstitit
1155 3722 1226 3786 Lex
1239 3740 1352 3806 snam,
1362 3745 1460 3808 quam
1544 3791 1545 3798 χ

202 3830 269 3916 jam
293 3840 369 3894 ante
386 3828 556 3894 Ciceronis
578 3838 726 3916 tempora
742 3830 843 3894 latam
867 3851 954 3912 esse,
977 3829 1116 3915 adparet
1137 3830 1266 3916 exejus
1287 3833 1377 3894 Orat.
1396 3853 1463 3928 pro
1544 3849 1545 3886 i

206 3977 504 3994 ¹nun-n——n—-o

274 4053 307 4120 h)
327 4053 457 4108 Florentii
475 4055 534 4106 Pet.
550 4053 661 4106 Pittcnii
680 4055 750 4109 [tiss
769 4055 805 4108 ad
821 4053 903 4122 lupam
920 4052 1023 4106 Julian
1040 4053 1256 4121 repetatndarnm.
1275 4053 1308 4104 L.
1328 4055 1361 4106 B.
1382 4059 1463 4108 1676.

207 4141 232 4193 4.
250 4139 384 4194 Ferratius
402 4140 471 4208 Epp.
491 4141 511 4191 l.
529 4144 554 4193 8.
572 4143 610 4192 10.
632 4144 670 4190 ll.
689 4138 867 4192 Vockestaert
887 4136 957 4191 Dias.
975 4137 1045 4190 laud.
1064 4139 1096 4189 Ρ.
1112 4137 1148 4188 ΙΙ.
1167 4152 1189 4188 c.
1205 4141 1243 4190 ll.
1263 4153 1292 4203 p.
1310 4143 1464 4194 174-179.

207 4227 333 4279 Rosslrirt
352 4225 369 4280 l.
388 4223 404 4277 l.
422 4227 444 4293 ξ.
463 4229 523 4278 248.
542 4239 583 4292 sq.
602 4240 628 4290 p.
647 4227 794 4277 543-546.
813 4221 901 4276 Haub.

274 4313 297 4379 i)
317 4313 360 4364 De
378 4325 428 4364 aua
446 4310 556 4378 quidem
574 4313 661 4361 aetate
679 4313 792 4361 testatur
808 4309 911 4362 Paulus
932 4308 1058 4362 &ntem
1076 4309 1197 4376 Receptt.
1220 4307 1248 4360 V.
1262 4311 1307 4361 28.
1327 4326 1390 4361 reor
1411 4310 1466 4362 lec

207 4396 262 4465 lupa
281 4399 415 4450 demamus
432 4412 625 4464 nonnumquam
644 4394 671 4444 a'n
690 4396 809 4447 exsilium
827 4398 925 4459 missos,
940 4403 985 4447 nat
1003 4395 1040 4446 ad
1056 4403 1187 4463 tempnere
1202 4393 1310 4462 aporos.
1329 4395 1385 4448 Sed
1403 4397 1465 4462 plc-
1542 4451 1543 4462 ,

206 4495 305 4546 resque
320 4496 421 4546 poenas
439 4478 650 4550 insequentibus
668 4480 880 4545 Impemtoribus
903 4495 965 4532 csse
982 4479 1153 4543 immutatas,
1180 4495 1261 4534 nemo
1280 4479 1407 4544 ignorat,
1438 4487 1466 4532 ct
1542 4469 1543 4555 l

199 4563 333 4616 liuctenas
351 4569 476 4630 exempla
493 4582 549 4620 nou
568 4581 623 4616 uno
641 4569 682 4615 est
700 4564 922 4618 demonstratum.
941 4566 1020 4618 Heia.

1539 4971 1541 5120 l
