3122 5162
475 419 530 490 Ins
555 419 717 490 russas
741 419 904 492 donicus
971 429 998 520 J
1248 429 1317 498 761
1370 443 1374 450 ’

68 599 323 678 Praetorem),
344 596 479 662 nomina
499 594 625 660 ribellis
646 595 945 679 consignabantur,
965 615 1009 660 ne
1033 615 1094 681 pro
1116 596 1249 662 selectis
1265 599 1322 682 ju-

68 705 216 782 dicibus,
231 711 268 770 ut
289 703 326 766 tit
349 703 384 766 in
407 701 640 787 multitudine,
663 702 767 788 aliqui
785 704 946 788 suppositi
969 704 1212 788 corruptissime
1229 705 1322 790 judi-

67 820 198 878 carents
219 810 342 880 Asson.
356 811 524 876 Pedianus
538 811 573 874 iu
589 813 733 874 Prooem.
748 815 820 874 Act.
834 815 868 874 ia
888 812 1018 880 Verrem
1027 811 1128 894 aad&
1142 816 1189 894 ΙΙ).

662 961 740 1025 .24.

598 964 676 1124 stadio
689 1040 789 1140 pruma.

149 1173 224 1236 Jam
246 1173 317 1256 ipsa
333 1171 462 1235 demum
488 1193 601 1235 caussa
617 1173 772 1256 cognosci
790 1171 921 1256 coepit,
945 1191 1052 1255 eaque
1075 1171 1223 1257 cognitio
1240 1171 1322 1236 dua-

66 1284 127 1346 bus
151 1279 352 1365 potissimum
381 1296 584 1344 Acrrournus
611 1279 739 1343 absolvi
767 1280 957 1362 consuevit,
977 1283 1083 1360 prima
1109 1273 1143 1341 et
1171 1281 1320 1354 secanda,

65 1390 130 1454 nisi
159 1388 246 1451 forte
268 1385 326 1450 lex
354 1382 737 1470 comperendinationem
771 1388 925 1471 adeoque
954 1385 1128 1450 secundam
1157 1387 1320 1452 actionem

65 1495 269 1582 prohiberet.
290 1495 330 1557 In
347 1494 448 1578 prima
474 1494 605 1557 actione
621 1495 805 1576 adcusator,
828 1501 963 1577 accepta
988 1494 1120 1558 dicendi
1143 1501 1320 1577 potestate,

67 1603 233 1668 actionem
255 1602 414 1683 instituit,
440 1601 576 1664 crimina
598 1603 647 1666 rei
669 1601 855 1688 singulatim
871 1602 1117 1685 percensendo,
1141 1600 1232 1665 etad
1255 1602 1322 1665 sin-

66 1711 145 1796 gula
172 1708 228 1772 vel
255 1715 356 1772 testes
382 1709 641 1794 interrogando,
671 1709 727 1773 vel
760 1708 889 1772 tabulas
919 1729 1128 1772 servorumve
1158 1716 1321 1773 tortorum

29 1843 31 1852 .
67 1817 307 1881 confessionem
332 1815 560 1900 producendo,
577 1826 613 1880 ut
634 1817 733 1880 fidem
757 1817 883 1880 faceret
899 1815 1077 1900 judicibus.
1097 1816 1196 1880 Unde
1217 1818 1322 1880 inter-

66 1932 163 2008 rupta
178 1924 277 2007 plane
300 1923 362 1986 tuit
385 1925 477 2008 prior
498 1923 579 1987 haec
596 1924 714 2005 oratio,
730 1933 766 1987 ut
788 1932 881 2008 patet
899 1943 941 1984 ex
957 1921 1128 1986 Ciceronis
1147 1925 1321 1987 Actr‘onai.
1380 1979 1387 1986 .
1487 1937 1491 1950 '

68 2038 102 2094 in
123 2031 257 2094 Verrem.
278 2032 410 2094 'Postea
438 2052 518 2095 vero
544 2031 692 2115 eamdem
720 2053 863 2094 caussam
887 2029 954 2093 alio
982 2029 1037 2093 die
1059 2031 1231 2114 tractavit,
1253 2051 1321 2094 non

70 2139 251 2221 interrupto
268 2135 401 2201 dicendi
423 2158 560 2222 genere,
577 2137 636 2200 sed
651 2140 802 2200 oratione
825 2146 1081 2222 perpetuaque
1103 2137 1238 2201 crimina
1261 2137 1321 2200 illa

67 2244 210 2308 dicendo
223 2245 460 2330 exaggerabat,
472 2245 727 2328 testimoniaque
740 2243 916 2307 artificiose
930 2245 1154 2327 confirmabat,
1170 2254 1204 2308 et
1219 2246 1320 2308 totius

66 2353 157 2416 vitae
180 2362 354 2416 anteactae
376 2351 501 2437 flagitia
517 2353 687 2432 narrabat,
705 2371 811 2435 eaque
827 2351 935 2413 oratio
955 2355 1020 2435 aas?
1040 2349 1143 2438 ἐξοχὴν
1159 2351 1247 2415 dicta
1271 2359 1321 2416 est

65 2460 250 2522 adouacrio.-
273 2459 390 2524 Cicero
415 2461 505 2522 Orat.
523 2481 583 2544 pra
598 2461 642 2522 M.
663 2457 763 2520 Coelio
778 2479 802 2521 c.
817 2458 847 2522 3.
864 2461 907 2540 ⁰).

640 2608 672 2690 ς.
692 2607 743 2670 25.

472 2725 644 2786 Quaestionem
662 2726 694 2776 dc
711 2725 794 2776 saraia
814 2721 927 2778 deditae.

76 2826 78 2832 '
151 2824 362 2908 Quum-ergo
385 2825 490 2908 prima
510 2826 619 2888 statim
639 2824 790 2896 oratione
814 2825 854 2888 ab
878 2823 1071 2889 adcusatore
1094 2826 1205 2889 omnia
1226 2826 1322 2889 testi·
1388 2861 1396 2870 -

63 2933 187 2998 moniis
203 2940 311 2995 essent
330 2931 563 3012 confirmanda,
580 2952 707 3016 eaeque
729 2931 944 3013 probationes
955 2932 992 2995 in
1009 2937 1215 3014 quaesturas,
1226 2940 1320 2994 testas

64 3050 101 3104 et
117 3041 242 3102 tabulas
265 3039 563 3122 distinguerentur:
586 3037 628 3102 de
652 3037 789 3123 singulis
811 3036 974 3100 monenda
992 3038 1152 3122 quaedam
1177 3059 1219 3100 ex
1235 3039 1322 3101 anti-

62 3147 249 3234 quitatibus
277 3131 444 3211 existimo.
481 3145 724 3223 Qunns‘rronas
757 3151 851 3210 erant
879 3129 1067 3210 testimonia
1099 3167 1265 3209 servorum
1289 3144 1321 3224 vi
1434 3153 1437 3164 ¹

61 3251 312 3318 tormentorum
332 3275 497 3338 expressa.
528 3253 668 3334 Solebat
695 3255 781 3318 enirn
805 3253 996 3335 adcusator‚
1018 3253 1113 3317 simul
1135 3274 1173 3316 ac
1190 3251 1320 3336 judices

60 3385 138 3426 cum
155 3362 317 3424 Praetore
341 3359 562 3442 adsedissent,
578 3383 690 3425 servos
712 3363 761 3424 rei
784 3361 816 3424 in
840 3361 1066 3446 quaestionem
1091 3359 1258 3444 postulare
1273 3367 1320 3432 ηε

59 3471 190 3534 Ascon.
205 3469 373 3533 Pedianus
390 3469 422 3532 in
444 3472 531 3532 Orat.
548 3469 608 3530 Or'o.
621 3484 683 3550 'pro
702 3471 734 3531 Τ.
751 3473 856 3532 Annio
871 3469 987 3530 Milone
1003 3490 1036 3550 p.
1052 3467 1124 3530 203.
1147 3467 1223 3529 Non
1240 3466 1322 3529 lice-

59 3581 125 3641 bat
147 3585 257 3639 tamen
273 3595 384 3640 servos
399 3577 432 3640 in
450 3586 548 3661 caput
564 3576 689 3640 domini
711 3577 934 3661 interrogare:
955 3577 992 3638 L.
1007 3577 1036 3638 1.
1053 3576 1083 3656 §.
1100 3575 1150 3636 16.
1168 3582 1201 3637 et
1215 3573 1263 3636 18.
1280 3575 1320 3634 Ι).

58 3687 107 3748 dc
130 3685 258 3760 Quaest.
281 3683 343 3754 nisi
366 3685 398 3752 in
422 3706 535 3748 caussa
557 3686 699 3747 incestus
727 3695 761 3747 et
784 3683 1037 3768 conjurationis:
1062 3682 1179 3746 Cicero
1204 3685 1320 3776 Portet.
1387 3730 1389 3734 .

58 3799 184 3855 orator.
202 3812 227 3852 c.
242 3790 293 3854 34.
314 3792 402 3852 Orat.
417 3813 477 3874 pro
496 3794 527 3854 Τ.
540 3797 646 3856 Aramo
662 3793 777 3854 Milone
788 3813 813 3852 a.
828 3791 880 3854 22.
894 3792 961 3854 imo
979 3799 1012 3854 et
1024 3800 1139 3882 postea
1159 3793 1193 3854 in
1210 3809 1321 3852 caussa

58 3899 281 3962 tributorumt
304 3899 333 3962 d.
348 3899 387 3960 11.
402 3898 430 3958 1.
446 3900 477 3980 §.
491 3898 542 3961 20.
561 3900 603 3963 de
620 3922 686 3984 quo
708 3899 784 3962 loco
801 3899 962 3963 videndus
979 3899 1131 3984 Cujacius
1148 3899 1318 3960 Observatt.

137 4087 181 4153 m)
201 4089 316 4139 Praetor
329 4084 399 4138 enim
407 4085 465 4152 jam
477 4083 554 4136 initio
567 4087 741 4152 magistratus
750 4087 891 4153 juraverat
902 4084 1040 4151 conceptis
1052 4082 1230 4146 vorbis,scex
1238 4078 1319 4133 animi

58 4171 205 4226 sententia
222 4177 250 4223 et
267 4171 417 4224 secundum
435 4173 508 4236 teges
522 4169 569 4234 jus
586 4171 738 4226 dicturam:
756 4174 831 4225 Patr.
847 4172 935 4224 Faber
951 4167 1112 4231 Semeatr.l.
1126 4184 1153 4233 p.
1165 4170 1225 4220 ala.
1242 4164 1319 4216 Ha'n.

136 4259 171 4323 n)
192 4256 331 4310 Ferratias
349 4256 419 4324 Epp.
438 4255 462 4308 I.
479 4259 504 4306 5.
523 4251 612 4307 Haud.

136 4342 170 4407 ο)
190 4342 233 4392 De
258 4340 342 4406 hujus
366 4328 593 4408 sequentiamque
612 4339 735 4394 locorum
743 4346 912 4409 argumento
931 4341 978 4394 cir.
1005 4344 1032 4390 ct
1050 4337 1157 4390 Walter
1182 4335 1218 4386 R.
1240 4334 1318 4397 exp.

56 4432 126 4481 871.
145 4441 207 4494 sqq.
225 4425 313 4478 Mart.

134 4512 171 4577 p)
191 4512 250 4562 imo
269 4516 296 4562 et
313 4509 413 4575 privati
431 4508 497 4562 olim
515 4509 677 4576 torquebant
696 4525 806 4563 servos:
831 4511 926 4563 Cicero
949 4507 1025 4560 Orat.
1039 4522 1092 4574 pro
1110 4503 1143 4556 A.
1166 4500 1281 4556 Cluentia
1297 4517 1332 4554 ew

53 4601 104 4650 63.
126 4601 157 4647 et
174 4599 217 4649 66.
237 4595 438 4659 Quinotiiianus
457 4593 604 4648 Declamas.
623 4597 682 4660 326.
702 4597 761 4648 338.
780 4599 840 4651 363.
860 4595 941 4647 Heia.
1262 4597 1265 4604 '
