3056 5154
165 400 279 470 ’Μ
669 393 987 462 nmmum

204 677 415 742 hendebatnr
430 677 495 759 tiu,
507 676 617 740 oeeirli
637 677 771 760 impune
788 681 934 760 poterat,
955 695 996 738 ea
1010 681 1123 739 tanen
1136 676 1228 761 legs,
1245 683 1294 757 ut,
1309 675 1365 760 qni
1377 695 1443 738 usn

204 787 540 860 intermoreretur,
562 787 730 867 quiritant
744 785 852 868 prius,
865 785 1005 864 estoque
1014 785 1175 865 pluero,
1190 784 1227 846 id
1249 793 1320 863 est,
1335 791 1372 844 ut
1386 781 1444 843 sol·

205 893 349 957 lennem
362 891 453 956 illam
469 891 691 975 ingeminaret
703 890 894 954 formulam:
908 905 1069 966 ouium
1083 905 1243 954 vomas!
1256 907 1373 970 nuru,
1383 888 1443 951 vele

206 1017 318 1064 sono
334 1014 506 1080 Quinum,
524 1017 635 1084 eoque
652 997 797 1061 clamore
814 998 920 1060 finem
936 1021 956 1060 a
971 1017 1008 1060 se
1020 995 1262 1080 deprehensum
1276 1017 1349 1060 esse
1363 996 1443 1059 testi·

205 1108 367 1171 ficaretur.
389 1103 479 1170 Vide
501 1105 545 1170 de
567 1127 608 1170 ea
628 1105 768 1168 formula
789 1105 892 1168 Baro.
906 1103 1108 1167 Brissoninm
1124 1105 1308 1182 deserant.
1328 1103 1443 1183 Vlllp.

205 1215 279 1278 718.
299 1212 509 1279 Raevardum
524 1216 570 1278 ud
580 1215 681 1296 Legg.
696 1213 735 1274 X
732 1214 770 1273 11
781 1213 873 1274 lubi.
887 1233 913 1273 e.
927 1211 959 1275 a

782 1380 812 1461 §-
833 1380 885 1444 10.

544 1499 621 1556 Quae
638 1495 679 1548 tis
694 1496 723 1548 in
740 1494 840 1564 leyibus
856 1497 968 1549 mutarit
985 1469 1126 1549 Praetori

290 1615 339 1680 At
359 1634 402 1677 ex
429 1633 496 1698 quo
516 1612 574 1675 lex
600 1611 721 1675 Porcia
745 1612 913 1676 verberari
937 1612 1042 1674 civem
1064 1613 1250 1677 Romanum
1276 1619 1311 1676 et
1331 1613 1449 1688 vinciri3
1518 1677 1519 1690 ξ

208 1723 266 1787 lex
281 1720 437 1786 Poetelio
455 1719 592 1803 Papiria
611 1741 690 1782 vero
711 1720 863 1783 eumdem
881 1717 990 1782 addici
1011 1727 1177 1783 vetuerat:
1193 1720 1307 1783 omnia
1324 1719 1384 1782 illa
1400 1720 1450 1782 ni-

208 1831 330 1915 tigavit
346 1827 507 1906 Praetor,
526 1827 650 1912 quippe
669 1829 728 1911 qui
751 1829 786 1890 in
810 1826 921 1890 edicto
941 1847 1001 1890 suo
1023 1825 1198 1912 quadrupli
1214 1849 1325 1913 poena
1342 1827 1449 1890 fsnton

209 1938 418 2004 manifestum
436 1932 626 1998 vindicavit.
655 1936 698 1999 ld
718 1943 828 1998 tamen
856 1931 1074 2018 quadruplum
1098 1956 1189 1998 mere
1210 1935 1357 2020 poenale
1381 1943 1451 2012 erat,

211 2047 270 2128 ita,
282 2051 319 2108 ut
333 2051 428 2106 extra
444 2042 662 2128 quadruplum
680 2041 787 2106 adhuc
800 2061 853 2104 res
865 2042 936 2126 ipsa
950 2041 1155 2106 restituenda
1171 2051 1272 2105 esset:
1287 2043 1327 2104 L.
1336 2043 1388 2104 54.
1397 2041 1451 2122 §t

210 2157 251 2217 Ι).
267 2155 306 2215 de
319 2154 412 2214 Furt.
434 2149 557 2213 Paulus
573 2145 728 2213 Senteiztt.
742 2151 882 2232 secem.
896 2150 940 2209 Il.
953 2147 1005 2212 31.
1020 2148 1071 2210 12.
1087 2150 1130 2214 ad
1151 2171 1247 2233 quam
1265 2169 1453 2234 recuperan-

212 2261 286 2324 dam
302 2259 436 2323 domino
458 2266 526 2320 tum
547 2257 597 2319 rei
615 2257 808 2338 vindicatio,
824 2264 892 2320 tum
912 2255 1080 2320 condictio
1095 2257 1145 2319 rei
1165 2257 1309 2320 furtivae
1331 2277 1452 2340 compe-

211 2371 320 2452 tebet,
337 2387 472 2454 quarum
487 2364 547 2428 illa
568 2364 723 2428 adversus
745 2384 984 2449 quemcumque
999 2384 1237 2448 possessorem:
1253 2369 1288 2427 L.
1303 2363 1356 2428 23.
1372 2366 1411 2424 D.
1423 2364 1453 2424 de

211 2479 275 2540 tter·
291 2477 373 2538 vind.
389 2475 473 2536 haee
494 2472 648 2536 adversus
664 2471 788 2553 iurem,
809 2472 922 2556 ejusve
937 2471 1095 2552 heredes,
1116 2473 1325 2555 inquantum
1350 2471 1391 2536 ad
1404 2471 1454 2532 hos

212 2591 427 2668 pervenerat,
445 2580 602 2644 dabatur:
627 2582 662 2642 L.
680 2579 710 2641 1.
728 2577 874 2654 1..5.1..
892 2579 923 2640 7.
941 2579 969 2660 §.
986 2578 1016 2640 2.
1034 2579 1072 2641 L.
1089 2577 1119 2640 8.
1134 2579 1172 2642 L.
1192 2579 1223 2641 9.
1238 2581 1277 2642 L.
1291 2579 1344 2640 19.
1367 2578 1454 2641 1λώ

215 2693 351 2754 Oondr‘ot
358 2689 444 2768 surt.
459 2692 494 2748 L.
510 2707 564 2748 un.
582 2686 615 2745 0.
630 2686 684 2746 Ex
698 2686 799 2748 delict.
814 2686 876 2764 des.
891 2687 994 2749 iered.
1009 2687 1183 2767 qummdm.
1197 2707 1326 2748 eonven.

812 2907 820 2922 .
840 2860 892 2923 11.

537 2976 580 3028 De
589 2975 672 3044 fisi-to
689 2991 738 3028 neo
754 2860 895 3042 multisono
913 2975 957 3028 les
977 2975 1046 3029 xll
1061 2973 1143 3030 Tati.

296 3095 366 3159 Fur
380 3109 446 3156 uuo
464 3077 677 3158 nsulsusuus
694 3101 761 3173 est,
778 3094 850 3177 qui,
872 3091 953 3155 lieet
974 3093 1008 3156 in
1028 3091 1117 3155 tisrto
1141 3109 1209 3154 nou
1230 3090 1456 3175 deprehensus,

215 3203 335 3267 furtum
350 3210 461 3265 tamen
476 3200 593 3264 iecisse
609 3219 644 3262 se
659 3221 784 3283 negare
799 3220 865 3262 non
881 3206 1008 3281 potest:
1028 3197 1152 3264 Paulus
1162 3199 1317 3263 &utente
1328 3201 1458 3282 Recept.

216 3312 258 3372 ΙΙ.
272 3310 323 3373 31.
339 3309 371 3371 2.
391 3308 446 3372 De
464 3330 505 3372 eo
524 3308 571 3372 ita
585 3308 680 3392 leges
694 3307 769 3369 XII
789 3306 1008 3369 Tabularum
1024 3322 1055 3371 ss
1071 3322 1210 3370 soom
1231 3323 1359 3388 runnu,
1379 3323 1457 3384 ouon

216 3422 282 3482 uso
306 3433 527 3480 usnrrnsrou
547 3433 654 3494 esen,
675 3429 847 3476 normonu
866 3431 1041 3477 nnornrro:
1066 3413 1293 3479 Gothoiredus
1310 3416 1358 3476 ad
1371 3415 1459 3497 Legg.

184 3585 186 3590 ,
218 3525 289 3604 ΧΙΙ
302 3524 392 3586 wast.
415 3525 476 3586 tob.
490 3525 533 3586 11.
555 3523 636 3587 Sola
655 3541 722 3583 vox
746 3521 861 3582 odorat
882 3542 1009 3585 crucem
1032 3522 1087 3584 hio
1108 3522 1182 3606 figit
1200 3521 1323 3585 criticis
1337 3523 1385 3602 ¹).
1404 3519 1459 3584 sed

217 3653 286 3695 rem
309 3629 447 3714 expedit
469 3631 586 3693 Festus
612 3628 671 3692 sub
693 3649 775 3691 voce
792 3629 926 3691 odorare
941 3651 974 3710 p.
988 3629 1018 3690 8.
1033 3651 1079 3714 sq.
1100 3632 1263 3691 Aoonasn
1281 3631 1375 3710 apud
1390 3630 1459 3690 urti-

193 3769 198 3780 ν
218 3758 294 3822 quoa
310 3739 505 3820 signficatut
518 3759 630 3821 ogere,·
644 3736 727 3798 unde
741 3745 770 3796 et
787 3738 888 3818 legati
901 3747 1041 3799 oratores
1059 3739 1219 3809 ds‘cuntur,
1230 3740 1305 3817 quio
1319 3738 1460 3798 mundato

213 3846 326 3928 populi
340 3854 451 3926 agunt.
473 3843 592 3908 Sensus
614 3866 694 3929 ergo
709 3840 800 3928 legis
823 3852 889 3906 est:
910 3843 936 3905 si
959 3851 1077 3928 agatur
1097 3843 1177 3908 furti
1201 3863 1264 3904 nec
1286 3841 1461 3920 manifesti,

195 3955 198 3962 ’
218 3952 323 4014 iurent
341 3949 432 4034 dupli
449 3949 636 4015 damnatum
652 3951 707 4012 iri:
725 3947 854 4013 Gellius
866 3951 970 4014 Noott.
986 3957 1054 4014 Att.
1066 3951 1123 4012 XI.
1139 3949 1189 4013 18.
1210 3951 1256 4013 Et
1269 3950 1328 4014 hic
1339 3950 1461 4035 quiden

218 4045 301 4122 nihil
321 4058 457 4122 mutavit
475 4058 618 4121 Praetor
635 4058 726 4144 (Gaj.
744 4058 805 4121 lll.
829 4055 930 4141 luo),
947 4059 1003 4145 qui
1020 4068 1053 4122 et
1068 4061 1139 4144 ipse
1152 4059 1272 4122 turtum
1289 4079 1354 4122 nee
1370 4055 1463 4120 mani-

650 4171 656 4182 Ι

288 4311 313 4378 r)
333 4311 408 4364 uisu
432 4311 488 4379 agn
512 4312 656 4368 Marullus
680 4314 716 4365 as
743 4275 822 4364 ruis.
843 4313 914 4366 xrr.
934 4329 963 4381 p.
980 4317 1040 4366 eos.
1058 4331 1096 4382 sq.
1123 4313 1188 4366 oum
1211 4314 1360 4380 legendum
1383 4313 1462 4364 monet

220 4395 313 4447 adulat
328 4399 371 4450 vel
388 4398 486 4460 adstat,
506 4399 580 4467 quod
601 4398 736 4450 veteribus
754 4399 826 4449 idem
844 4397 944 4461 tuisse,
962 4413 994 4450 ao
1003 4397 1092 4464 fallit,
1111 4415 1146 4450 ex
1164 4399 1271 4451 Glossis
1296 4397 1387 4450 dooet.
1410 4395 1462 4447 Nou

221 4480 308 4531 solent
321 4481 472 4535 Decemviri
489 4482 527 4534 ita
544 4481 629 4550 loqui,
641 4497 730 4550 neque
747 4482 880 4535 sermonis
898 4483 1032 4536 adteotare
1044 4483 1211 4550 elegantium.
1232 4483 1314 4534 Heia.
1333 4483 1376 4535 ct.
1390 4479 1463 4533 Dirk-

221 4579 269 4618 son
288 4565 305 4620 l.
319 4565 335 4618 l.
346 4583 373 4632 p.
386 4571 445 4620 586.
465 4567 552 4623 mu.
