3122 5162
490 413 546 486 lin
569 413 731 484 Parmam
755 414 921 488 dunione.
1237 415 1334 492 'aas

74 603 113 659 ut
135 593 210 658 Car.
226 591 382 678 Sigonius
400 591 439 654 de
455 591 587 653 Jnds‘cs‘r's
601 591 645 652 II.
658 589 710 654 la
721 611 756 672 p.
777 589 848 654 563.
870 591 1069 677 suspicatur,
1084 594 1144 658 sed
1166 593 1332 660 sordidam

65 710 111 780 ‚et
138 699 324 787 obsoletam
348 699 510 763 sumebat:
530 697 645 760 Livius
672 697 725 760 Vl.
746 697 798 760 20.
825 698 924 762 Unde
950 701 1059 764 sordes
1079 722 1140 784 pro
1162 711 1275 784 reatu,
1298 711 1334 767 et

72 807 256 879 sormdatoe
286 827 347 890 pro
372 807 437 870 reis
458 825 561 888 saepe
586 803 673 886 dici,
697 805 853 870 observat
876 806 932 870 Jo.
957 803 1083 890 Georg.
1106 807 1268 874 Graevius
1297 810 1332 887 in

71 915 313 996 Prolegomem's
340 915 428 978 Tomi
445 913 503 976 XI.
531 913 682 976 mernor.
703 913 780 974 Ant.
802 913 893 975 Rom.
922 913 1016 978 Idem
1042 915 1142 980 etiam
1164 917 1214 980 rei
1236 915 1333 982 uniat

73 1030 111 1084 et
133 1021 270 1104 cognati
286 1040 386 1104 saepe
408 1019 588 1101 faciehant,
602 1036 846 1104 nonnumquam
860 1027 895 1084 et
915 1018 979 1104 ipsi
995 1022 1211 1106 magistratus,
1227 1024 1254 1088 si
1270 1025 1333 1090 viri

71 1127 235 1194 beneda
261 1127 434 1212 republica
461 1127 572 1192 meriti
598 1126 666 1192 vita
696 1134 731 1188 et
763 1126 848 1192 salus
869 1127 903 1190 in
935 1126 1109 1194 discrimen
1139 1139 1333 1198 vocareturr

73 1235 197 1298 Cicero
214 1235 304 1298 Orat.
318 1237 363 1328 ad
377 1237 487 1314 Quina
500 1243 574 1316 post
591 1234 681 1296 redit.
702 1254 727 1296 o.
739 1234 769 1296 5.
785 1233 981 1300 Plutarchus
994 1240 1027 1298 a'n
1042 1240 1107 1300 as'ta
1123 1238 1183 1300 ra.
1198 1239 1337 1304 aranea·

72 1363 99 1406 a.
117 1343 169 1404 10.
185 1343 247 1407 snb
258 1347 320 1424 fla.
344 1341 566 1406 Promittebat
582 1340 681 1404 etiam
703 1360 778 1403 reus
795 1343 929 1406 barbam
953 1350 987 1407 et
1004 1343 1178 1427 capillum,
1194 1352 1230 1409 ut
1251 1359 1333 1410 con-

72 1457 141 1514 stat
164 1469 207 1512 ex
233 1447 347 1514 Gellio
363 1449 468 1513 Noott.
489 1451 556 1512 Att.
577 1447 638 1510 III.
650 1447 681 1510 4.
703 1448 802 1512 Livio
816 1450 859 1512 II.
874 1449 925 1514 61.
942 1449 1094 1516 Ciceron.
1114 1453 1204 1516 Orat.
1215 1473 1277 1534 pro
1294 1454 1332 1532 Q.

72 1558 207 1639 Ligario
220 1577 247 1620 c.
261 1555 313 1619 11.

573 1692 579 1697 ·
650 1669 679 1752 §.
700 1669 751 1732 21.

534 1785 651 1838 Patroni
666 1794 730 1855 puot
745 1783 871 1839 adhibiti?

159 1889 323 1954 Patronos
338 1894 415 1950 ante
431 1884 583 1950 Caesaris
604 1893 754 1968 tempora
768 1905 844 1948 raro
867 1883 1071 1952 adhibebant
1088 1890 1218 1973 plnres,
1232 1912 1330 1978 quam

78 2004 239 2082 quatuor:
267 2003 343 2079 post
365 1991 458 2057 bella
478 2012 559 2057 vero
587 1991 698 2056 civilia
727 2013 828 2082 saepe
855 1993 896 2056 ad
919 1993 1096 2058 duodecim
1124 2007 1331 2080 perventum.

80 2103 129 2166 M.
143 2121 217 2166 sane
232 2102 388 2165 Scaurum
410 2121 470 2163 sex
492 2099 623 2183 patroni
646 2098 884 2180 defenderunt,
900 2101 938 2163 P.
954 2099 1091 2164 Clodius
1113 2103 1267 2186 Pulcher,
1283 2105 1331 2168 M.

78 2208 266 2291 Marcellus,
276 2208 323 2270 M.
338 2206 496 2281 Calidius,
507 2207 553 2268 Μ.
566 2205 696 2285 Cicero,
713 2206 759 2267 M.
774 2204 919 2268 Messala
934 2207 1051 2291 Niger,
1064 2208 1106 2286 Q.
1115 2209 1330 2275 Hortensius:

76 2317 200 2382 Ascon.
215 2315 382 2378 Pedianus
398 2314 439 2378 in
463 2315 554 2376 Orat.
571 2313 666 2376 ctae.
685 2331 746 2394 pro
761 2313 806 2374 M.
823 2316 944 2374 Scauro
953 2335 987 2394 p.
1008 2315 1079 2376 171.
1100 2316 1194 2380 Idem
1216 2326 1332 2401 patro-

77 2445 138 2488 nos
153 2423 230 2486 illos
250 2423 284 2485 in
300 2429 441 2506 quatuor
459 2422 579 2484 classes
598 2420 782 2504 distinguit.
803 2417 945 2502 Proprie
961 2421 1048 2483 enirn
1065 2432 1224 2503 patronas
1239 2423 1331 2486 dice-

77 2533 176 2596 batur
186 2539 312 2610 orator,
324 2530 381 2614 qui
395 2549 479 2592 voce
497 2549 640 2592 caussam
656 2527 783 2591 orabat.
799 2526 865 2621 Qui
878 2547 958 2590 vero
973 2528 1028 2592 rel
1044 2530 1100 2614 jus
1116 2532 1329 2615 suggerebat,

77 2639 133 2705 vel
165 2637 386 2722 praesentiam
414 2657 503 2702 suam
527 2635 759 2700 commodabat
790 2634 914 2712 arnico,
943 2637 1112 2700 adamatae
1139 2639 1330 2704 vocabatur.

75 2745 185 2812 Addit
205 2734 293 2809 idem
310 2753 565 2828 procuratorem,
584 2751 620 2806 et
638 2749 838 2825 cognttorem
861 2743 917 2827 qui
932 2751 1042 2808 tamen
1058 2744 1100 2808 ad
1115 2746 1243 2830 privata
1258 2757 1332 2812 tan-

76 2864 145 2920 tum
163 2851 291 2939 judicia
309 2851 542 2936 ¹pertinebantr
564 2849 687 2912 Asson.
707 2849 875 2913 Pedianus
897 2851 931 2912 in
956 2851 1053 2914 tiber.
1074 2853 1213 2916 Dr‘or‘nat.
1230 2877 1265 2936 p.
1279 2855 1329 2919 20.

76 3059 283 3115 Kirobmanaus
301 3056 333 3110 de
344 3053 492 3124 sanandas
518 3047 704 3110 &manorum
721 3054 763 3108 II.
787 3058 827 3109 17.
854 3053 935 3108 Unde
957 3059 986 3108 et
1002 3056 1109 3108 Paulus
1128 3055 1254 3112 Sostrati.
1273 3059 1330 3112 Rs-

77 3151 156 3214 aaptt.
174 3141 198 3194 J.
216 3147 259 3194 21.
279 3146 320 3194 14.
337 3141 392 3194 ait:
417 3141 472 3200 Qui
488 3139 573 3208 lupar,
591 3137 722 3190 abstinere
736 3138 810 3192 dedet
821 3157 838 3192 a
850 3129 989 3201 conviciis,
1007 3144 1180 3204 ornamentis,
1196 3161 1330 3213 purpura,

78 3238 106 3282 et
124 3226 184 3280 olba
202 3235 278 3278 aesta.
308 3226 405 3278 Albam
424 3231 514 3278 tamen
532 3229 634 3278 restem
656 3224 707 3276 sub
730 3224 943 3290 Imperatoribus
961 3224 990 3276 in
1010 3225 1085 3277 luctu
1103 3225 1252 3277 adhibitam
1270 3220 1331 3280 esse

78 3311 288 3373 emullaribus,
315 3311 413 3362 docent
431 3307 541 3375 Lipsius
561 3309 597 3360 ad
617 3307 703 3361 Taciti
719 3307 818 3361 Annal.
836 3307 877 3360 ΙΙ.
896 3307 960 3374 [*c.
978 3307 1042 3379 75.]
1068 3309 1205 3374 Radulpb.
1228 3311 1329 3364 Forna-

77 3399 137 3454 rius
157 3397 222 3449 Iler.
240 3395 416 3464 qnotidianar.
435 3395 475 3448 11.
494 3392 526 3464 [*
542 3391 604 3464 27.]
626 3393 709 3460 idque
729 3395 847 3460 probant
864 3407 899 3445 ex
920 3392 1059 3446 Plutarchi
1081 3393 1199 3451 Quaestt.
1213 3395 1327 3447 Roman.
1417 3409 1421 3414 ·

78 3503 102 3538 a.
119 3487 162 3536 26.
181 3487 209 3534 et
225 3480 384 3534 Herodiano
402 3480 473 3532 Hr'at.
491 3479 542 3532 IV.
560 3483 585 3531 2.
609 3479 665 3532 Sed
681 3495 719 3530 ex
736 3483 853 3546 utroque
871 3484 982 3530 auctore
999 3483 1089 3546 patet,
1107 3479 1185 3530 albae
1202 3479 1270 3532 vesti
1288 3481 1328 3533 lo·

78 3584 143 3620 cum
162 3571 267 3618 tantum
292 3564 377 3618 luisse
400 3580 448 3630 per
467 3579 514 3618 eos
540 3564 617 3628 dies,
646 3563 744 3637 quibus
769 3565 891 3616 nondum
911 3563 988 3632 justa
1011 3565 1083 3616 lacta
1100 3564 1206 3616 fuerant
1223 3563 1329 3626 marito.

77 3652 156 3708 Alias
176 3649 247 3703 enim
265 3654 292 3700 ct
309 3647 423 3700 feminas
442 3650 517 3714 pulla
540 3655 616 3702 veste
633 3649 661 3702 in
679 3649 755 3701 luctu
772 3663 840 3700 usas
855 3664 930 3713 esse,
955 3648 1068 3714 adparet
1085 3665 1119 3700 ex
1138 3648 1279 3701 Lactantio
1298 3649 1330 3700 de

77 3732 184 3788 mortib.
200 3743 362 3802 persecutor.
377 3752 399 3787 o.
414 3738 456 3787 39.
475 3733 600 3785 Ceterum
619 3749 675 3786 non
689 3734 771 3786 modo
786 3733 878 3801 quoad
889 3734 1008 3784 colorem
1025 3737 1114 3786 restes
1131 3733 1160 3785 in
1178 3735 1252 3785 luotu
1270 3749 1329 3784 mu-

78 3821 224 3883 tabantur,
237 3833 332 3872 rerum
350 3818 431 3872 etiam
450 3820 541 3886 quoad
559 3820 682 3871 formam.
701 3818 881 3884 Magistratus
899 3817 971 3869 enirn
989 3817 1017 3870 in
1035 3819 1109 3869 luctu
1119 3855 1127 3882 ,
1145 3817 1234 3884 posita
1253 3832 1328 3883 prae-
1347 3843 1355 3860 ·

78 3893 169 3970 texta,
193 3907 278 3958 latam
298 3905 405 3956 clarum
424 3904 582 3957 sumebant:
604 3911 762 3967 senatores,
788 3905 843 3956 lato
861 3903 938 3955 clavo
957 3900 1066 3968 posito,
1084 3907 1245 3969 angustum:
1273 3900 1327 3968 Die

79 3990 195 4046 Cassius
216 3990 280 4042 XL.
299 3985 411 4058 [*46.]
431 3991 458 4038 et
475 3987 551 4040 LVI.
570 3987 680 4060 [*31.]
706 3992 778 4043 Patr.
809 3989 896 4040 Faber
921 3986 1045 4040 Semestr.
1071 3986 1138 4039 Le.
1153 4005 1183 4054 p.
1203 3991 1227 4040 8.
1249 3985 1327 4038 Heia.

77 4077 159 4133 Albis
179 4073 299 4128 vestibus
318 4087 382 4124 usas
400 4069 528 4123 mulieres
546 4087 594 4138 per
614 4075 643 4125 id
661 4079 785 4140 tempus,
810 4087 865 4144 quo
877 4073 956 4146 justa
972 4077 1081 4124 mortuo
1098 4071 1221 4122 nondum
1239 4073 1327 4120 essent

77 4163 185 4218 soluta,
206 4158 240 4210 iis
259 4162 350 4210 antem
368 4144 465 4209 solutis
482 4162 604 4222 gestasse
621 4164 694 4211 atras
712 4164 759 4210 aut
776 4160 880 4222 pullas,
897 4161 969 4208 recte
986 4153 1101 4206 credidit
1118 4155 1217 4206 Aaron.
1232 4153 1326 4205 Schul-

77 4245 183 4311 tingius
201 4257 311 4310 quoque
329 4243 366 4294 ad
382 4241 467 4294 Pauli
484 4241 501 4294 l.
513 4260 536 4294 o.
548 4241 649 4293 Contra
667 4243 750 4297 sentit
766 4243 894 4302 Trotzius
913 4243 944 4294 da
962 4241 1088 4292 memoria
1102 4253 1216 4304 propap.
1234 4235 1325 4288 Libl.

78 4352 102 4384 c.
121 4334 148 4383 6.
165 4345 194 4396 p.
211 4331 272 4380 42³.
289 4327 389 4380 Antan.
408 4324 569 4391 Schultingii
586 4325 747 4389 opinionem
766 4327 927 4378 confirmant
943 4325 1001 4385 illa,
1028 4337 1098 4390 quae
1115 4321 1190 4386 apud
1208 4321 1327 4372 Nonium
1424 4338 1427 4347 ·

79 4417 92 4487 [
101 4413 293 4468 *Maelium
319 4413 351 4464 de
373 4412 537 4480 proprietate
562 4427 711 4478 sermonum
734 4430 756 4465 c.
781 4417 821 4464 16.
850 4430 876 4465 n.
903 4415 942 4463 1³.
966 4408 1018 4460 sub
1036 4423 1109 4460 voco.
1127 4407 1219 4474 pallus
1236 4405 1326 4469 color]

77 4504 203 4554 exstant:
221 4505 251 4550 nt
269 4498 330 4550 dam
341 4513 424 4564 snpra
442 4503 542 4546 terram
560 4503 655 4559 essent,
667 4494 756 4546 ricinis
775 4495 894 4563 luparent
902 4493 1006 4558 farere
1022 4492 1093 4558 ipso,
1105 4500 1134 4542 ut
1148 4491 1230 4558 pallis
1243 4489 1324 4558 pallis

78 4586 202 4639 amictae.
220 4583 298 4634 Haeo
315 4581 396 4634 latius
415 4579 482 4633 olim
501 4577 538 4648 [s
556 4578 630 4632 Olea.
640 4580 701 4648 jar.
721 4580 800 4634 Rom.
818 4581 841 4632 Ι.
859 4576 903 4648 4.]
923 4574 1048 4642 exposui.
1070 4574 1153 4638 Cana.
