2972 5156
209 413 279 478 150
673 402 749 472 Lm.
772 403 798 471 l.
824 401 904 470 Trr.
930 403 989 470 xi.

211 582 307 666 (Ulp.
325 583 454 664 Fiam.
475 582 563 644 VIII.
580 582 627 662 5.)
648 588 682 643 et
703 580 836 664 quidem
852 577 963 663 plures
978 578 1091 660 simul,
1112 573 1310 659 (L.15.§.3.
1322 572 1395 634 111.
1410 577 1440 653 t.)

110 750 113 756 .
210 697 367 775 poterant
387 689 562 774 adrogari3
586 689 727 753 sednon
751 689 821 752 sinc
845 707 976 750 caussae
998 686 1216 773 cognitione,
1233 691 1268 747 et
1288 681 1444 744 observatis

210 796 376 883 requisitis
392 819 488 882 quam
504 797 661 883 plurimis.
682 799 864 862 Desierunt
879 795 978 860 etiam
1001 796 1163 880 antiquae
1180 791 1406 856 sollemnitates
1419 795 1445 850 ct

195 898 392 988 ‘formulam
407 929 487 991 quas
503 913 613 970 tamen
635 927 724 969 novo
741 905 869 988 edicto,
884 903 996 967 nescio
1013 926 1055 970 an
1077 911 1190 971 actum
1207 919 1324 986 agens,
1339 895 1445 960 sustulit

210 1013 429 1079 Iustinianus:
445 1014 482 1077 L.
498 1016 555 1079 alt.
573 1015 605 1076 C.
621 1017 661 1078 de
675 1016 790 1096 Adopt.

806 1237 813 1252 .
835 1190 886 1253 18.

640 1308 755 1377 Adoptio
769 1192 824 1376 pla
840 1315 1030 1360 testamentum.

297 1409 379 1473 Erat
395 1417 430 1474 et
446 1409 560 1473 modus
575 1424 772 1472 nnorraum
794 1430 855 1493 per
876 1424 1152 1489 rssrsuuuruu,
1176 1426 1245 1470 non
1268 1404 1309 1466 ab
1324 1402 1446 1484 Impera-

213 1516 339 1581 toribus
356 1517 497 1599 demum,
513 1524 550 1580 ut
564 1517 665 1602 vulgo
681 1525 809 1600 putant,
820 1519 984 1598 inventus,
1000 1515 1059 1578 sed
1068 1515 1140 1600 jam
1157 1522 1227 1578 tum
1244 1512 1349 1576 libera
1363 1506 1445 1572 adbuc

212 1624 384 1708 republica
399 1632 561 1710 receptus.
582 1625 657 1689 Jam
674 1627 726 1688 ab'
737 1623 970 1710 antiquissimis
985 1624 1072 1687 enim
1088 1622 1296 1708 temporibus
1312 1617 1445 1682 sollenne

216 1741 287 1796 erat
302 1731 478 1814 Romanis,
493 1732 634 1798 heredes
653 1755 726 1798 suos
747 1756 814 1799 non
830 1735 863 1798 in
880 1737 967 1797 bona
983 1739 1129 1812 tantum,
1146 1731 1209 1801 sed
1224 1737 1259 1792 et
1274 1747 1386 1792 nomen
1402 1720 1446 1784 ad-

215 1841 364 1906 sciscere.
383 1842 570 1904 Adscisccre
590 1848 698 1904 autern
722 1850 794 1906 erat
814 1840 1011 1906 vocabulum
1030 1839 1240 1929 adoptionis,
1266 1837 1308 1900 da
1331 1853 1388 1919 quo
1406 1828 1446 1892 Jo·

195 1947 306 2012 ·Frid.
328 1947 596 2014 Gronovdhatr.
620 1951 664 2012 ad
685 1951 766 2013 Stat.
780 1973 812 2033 p.
827 1951 878 2014 26.
901 1950 1020 2014 Cicero
1040 1950 1080 2011 de
1099 1950 1196 2032 Osstc.
1209 1947 1270 2009 III.
1285 1943 1334 2006 18.
1353 1933 1445 2003 Basilii

128 2085 131 2090 ·
216 2057 377 2139 meminit,
393 2057 451 2142 qui
466 2056 512 2119 M.
528 2056 684 2141 Satrium,
702 2061 822 2123 sororis
837 2059 952 2140 filium,
967 2071 1089 2120 nonten
1104 2077 1200 2119 suum
1215 2056 1303 2118 ferre
1319 2043 1446 2120 volucrit,

217 2185 360 2250 cumque
383 2165 502 2231 fecerit
520 2166 688 2230 heredem.
710 2169 755 2230 Et
776 2167 810 2230 in
829 2169 934 2229 Bruto
948 2187 974 2229 c.
989 2165 1040 2229 58.
1055 2165 1171 2230 laudat
1195 2164 1359 2239 Crassum,
1378 2150 1446 2216 Lici-

217 2274 293 2337 niae
316 2273 437 2357 filium,
463 2275 571 2339 Crassi
593 2283 793 2340 testamento
815 2259 1019 2360 adoptatum.
1040 2272 1190 2336 Atticum
1215 2287 1346 2356 quoque
1367 2268 1446 2325 testa-

217 2390 329 2446 mento
351 2382 520 2446 morientis
537 2383 676 2447 Caecilii
701 2385 800 2448 fnisse
816 2384 1025 2466 adoptatum,
1050 2381 1192 2465 adparet
1208 2378 1361 2444 ex'Corn·
1380 2369 1446 2448 Nep·

217 2494 312 2553 Auta.
325 2512 351 2552 c.
364 2493 393 2552 5.
405 2492 450 2554 Et
466 2490 589 2553 Caesar
604 2490 653 2555 ita
668 2492 856 2572 instituerat
874 2489 1063 2575 Octavium:
1081 2490 1174 2553 Suet.
1189 2489 1252 2552 Jat.
1267 2485 1317 2550 83.
1331 2476 1447 2564 Appias.

217 2597 298 2659 Bell.
313 2600 390 2658 ctotl.
408 2598 451 2659 II.
468 2596 539 2658 142.
563 2597 620 2681 qui
637 2600 747 2678 etiam,
767 2590 902 2684 cognita
918 2598 1072 2662 avunculi
1087 2619 1185 2679 nece,
1201 2595 1308 2660 statim
1325 2580 1448 2653 Caesaris

119 2779 122 2785 Ι
217 2725 338 2767 nomen
359 2703 531 2768 adsumsit:
550 2703 618 2771 Dio
634 2707 735 2770 XLV.
749 2708 780 2774 3.
806 2707 881 2785 Qua
906 2707 949 2770 de
972 2729 1008 2771 rc
1033 2707 1132 2771 etiam
1151 2705 1253 2771 Ovid.
1273 2687 1448 2771 Metamorpl·

217 2813 255 2876 L.
273 2813 312 2874 X
312 2813 346 2874 V.
360 2835 386 2876 o.
397 2811 469 2876 818.
714 2829 716 2832 ·
783 2819 785 2828 ’
1353 2809 1359 2820 “

434 2921 475 2985 Ut
490 2923 580 2986 Deus
594 2924 728 2986 adoedot
743 2927 834 2998 coelo,
851 2925 1033 3007 templisque,
1048 2925 1180 2996 colatur,

430 3031 589 3110 dissocies
603 3041 760 3115 notrisque
775 3053 871 3105 raam·
887 3037 943 3116 qur'
955 3039 1115 3094 romnis
1129 3049 1262 3101 nuans,

316 3157 319 3164 ·
428 3138 609 3222 Impositum
620 3141 711 3219 serat
732 3141 824 3203 Urbis
839 3159 930 3214 onae,
949 3178 974 3189 -
994 3176 1036 3187 -
1056 3176 1098 3186 -

219 3245 349 3310 Eodem
377 3247 533 3332 exemplo
555 3247 737 3333 Augustius
761 3247 890 3312 Liviam
922 3256 957 3312 et
985 3245 1177 3328 Tiberium,
1205 3239 1344 3306 heredes
1369 3231 1450 3294 testa·

179 3362 182 3367 '
221 3363 335 3418 mento
359 3356 514 3442 scriptos,
534 3379 655 3420 nomen
681 3377 771 3420 suum
795 3355 883 3420 ferre
899 3355 1011 3443 jussit:
1032 3355 1122 3418 Suet.
1143 3345 1335 3416 Octao.101.
1355 3341 1448 3405 Exeo

221 3447 373 3547 ternpore
397 3464 664 3547 frequentissima
688 3475 863 3530 occurrunt
888 3464 1049 3552 ejusmodi
1073 3462 1290 3544 adoptionum
1313 3437 1450 3526 exempla·

224 3567 278 3634 Ita
292 3569 380 3633 enim
396 3593 416 3633 a
434 3571 481 3635 M.
498 3571 611 3637 Gallio
636 3573 798 3637 Senatore
822 3581 1021 3639 testamento
1039 3572 1215 3656 adoptatus
1240 3573 1289 3631 est
1304 3550 1450 3625 Tiberius:

222 3666 358 3743 Sueton.
380 3679 478 3743 uther.
496 3702 521 3742 c.
538 3680 568 3744 6.
590 3705 610 3745 a
629 3681 739 3746 Galba
758 3684 832 3767 jam
852 3691 929 3746 ante
952 3680 1198 3745 sollemniorem
1225 3664 1451 3773 adrogationep

225 3786 304 3856 Piso
327 3787 448 3871 Frugi:
471 3786 565 3852 Idem
589 3791 623 3854 in
648 3793 749 3854 Galba
765 3814 791 3854 c.
813 3792 863 3855 17.
886 3790 972 3872 conf.
994 3789 1103 3853 Tacit.
1119 3790 1204 3852 Anu.
1233 3785 1268 3848 V.
1288 3781 1317 3844 1.
1335 3775 1372 3839 ab
1395 3763 1452 3828 alus

223 4002 353 4056 tiebatur:
364 4005 398 4056 L.
412 4007 452 4057 17.
459 4021 506 4071 pr.
519 4004 554 4057 D.
567 4003 593 4057 Ιι.
608 4014 626 4057 t.
643 4004 813 4072 Exigebamr
824 4004 924 4069 cautio,
938 4004 1011 4056 bona
1024 4005 1100 4056 salva
1117 4003 1176 4054 toro
1191 3994 1325 4068 proximis
1342 3981 1453 4050 adgnatt

225 4090 249 4144 Il
263 4090 384 4157 pupillus
396 4089 467 4142 intra
480 4089 632 4155 pubertatis
643 4105 730 4144 annos
742 4091 917 4144 decesdsset:
938 4091 968 4140 1.
982 4093 1022 4142 18.
1040 4093 1081 4141 lo.
1092 4091 1135 4140 20.
1150 4087 1176 4139 Ιι.
1188 4095 1206 4140 t.
1223 4082 1373 4146 irrogator
1388 4069 1453 4133 l⁰ff⁰

226 4177 396 4243 emancipare
410 4189 466 4230 non
479 4180 586 4242 poterat
595 4176 766 4241 adrogatam
778 4175 832 4230 nisi
843 4191 941 4230 mussa
952 4174 1069 4242 cognita,
1081 4177 1109 4225 et
1121 4171 1245 4236 redditis,
1257 4179 1326 4237 quae
1336 4144 1453 4212 nabaaat

226 4261 318 4324 bonis,
337 4261 503 4330 insuperque
520 4266 619 4330 quarta
635 4260 771 4314 bonorum
789 4277 903 4314 suorum
920 4260 1029 4312 relicta:
1046 4261 1079 4311 L.
1095 4258 1143 4310 ult.
1162 4258 1197 4310 D.
1217 4256 1248 4309 St
1264 4249 1326 4322 qaid
1340 4224 1454 4307 iufffllll

225 4354 296 4414 patr.
314 4347 402 4415 quue
419 4347 501 4400 etiarn
518 4345 547 4400 iu
564 4348 775 4400 exheredatione
789 4352 847 4400 erat
865 4345 1078 4400 observandums
1097 4345 1129 4396 L.
1146 4347 1172 4395 8.
1192 4343 1213 4410 ξ.
1235 4343 1274 4395 lb.
1292 4335 1326 4388 D·
1344 4330 1373 4381 11³
1388 4307 1454 4383 Jllff

227 4438 284 4482 tert.
311 4431 388 4492 Quae
405 4433 497 4486 omnia
514 4433 549 4486 ab
566 4433 706 4488 Antonino
724 4432 764 4485 sic
780 4430 890 4485 inventa
905 4433 1042 4494 videntur,
1060 4435 1091 4482 ut
1108 4427 1209 4482 sensim
1227 4425 1255 4478 iu
1271 4407 1454 4475 desuetudinem

226 4514 279 4567 iret
296 4515 438 4582 adrogatio
455 4517 635 4584 impuberum.
654 4518 717 4571 Vid.
735 4517 845 4584 Ulpiau.
864 4519 973 4586 Frapm.
998 4516 1119 4571 Vrina.
1147 4513 1276 4568 Thomas.
1293 4505 1360 4560 Ditt-
1376 4495 1404 4547 ‘l‘
1418 4495 1455 4537 ’Μ’

226 4609 314 4672 pract-
331 4609 370 4656 at.
388 4603 455 4658 last.
473 4605 505 4657 da
523 4605 613 4675 adopt.
630 4606 690 4673 αξ.
711 4608 751 4658 18.
765 4621 795 4674 p.
812 4608 856 4658 84.
882 4604 963 4657 Helu.
