3062 5156
398 398 453 466 Dn
477 398 573 468 duan
598 399 738 486 Qumsr.
767 399 824 468 Er
848 400 961 470 Crmr.
1228 409 1303 477 sla
1412 457 1417 464 ·

60 575 135 658 legis
150 573 279 657 insigne
305 583 552 638 monumentum
572 582 631 638 est.
643 595 758 639 numus
779 576 888 660 gentis
904 577 1055 658 Cassiae,
1072 576 1106 640 in
1128 597 1197 662 quo
1219 577 1300 644 civis

62 681 200 762 occurrit,
218 679 380 746 tabellam
395 680 507 754 littera
518 682 560 746 Α.
571 689 719 748 notatam
733 683 836 747 cistae
853 684 1043 764 immittens,
1058 705 1130 748 enm
1145 684 1301 748 lemmate

63 787 218 854 uouemus
233 787 296 851 ΙΙΙ.
312 787 355 850 V.
372 796 406 852 et
419 787 516 851 Fulv.
535 788 644 852 Ursin.
664 791 705 851 de
722 791 833 853 Fumat.
847 792 936 854 Rom.
945 813 979 873 p.
997 792 1048 856 67.
1076 790 1206 854 Eodem
1223 813 1301 876 per-

63 899 147 960 tinuit
161 894 262 958 tertia
282 893 341 956 lex
356 895 509 988 Papiria,
524 896 595 960 lata
609 919 628 958 a
644 896 682 958 C.
697 896 834 977 Papirio
851 895 1023 974 Carbone,
1039 899 1191 962 Tribuno
1210 899 1301 982 pleb

64 1002 338 1068 d.U.C.noxx1.
357 1001 396 1062 P.
413 1001 564 1086 Popillio
586 1003 736 1066 Laenate
760 1011 796 1066 et
819 1004 858 1067 Ρ.
879 1005 1018 1089 Rupilio
1040 1006 1174 1088 Nepote
1199 1004 1302 1087 Cosa,

66 1132 119 1194 qua
137 1116 265 1172 cautum
281 1107 407 1182 denno,
423 1105 512 1172 utin
526 1108 685 1194 jubendis
705 1109 837 1193 legibus
859 1111 1076 1196 vetandisque
1092 1111 1234 1195 populus
1249 1119 1301 1175 ta-

65 1217 141 1280 bella
157 1213 312 1299 suffragia
335 1215 455 1279 ferrata
476 1216 545 1279 Cic.
564 1217 604 1278 de
623 1217 721 1298 Legg.
738 1218 796 1277 III.
811 1217 861 1279 16.
889 1217 1053 1283 Successit
1075 1227 1193 1303 quarta
1212 1239 1299 1282 anno

67 1325 100 1387 U.
113 1324 146 1386 C.
158 1339 287 1386 ncxxx.
303 1345 322 1386 a
338 1321 459 1385 Coelio
475 1321 594 1404 Caldo,
606 1321 756 1386 Tribuno
776 1324 895 1406 plebis,
910 1324 991 1405 lata,
1007 1333 1043 1389 ut
1057 1326 1156 1390 etiam
1172 1326 1207 1387 in
1224 1347 1303 1410 per·-

67 1430 227 1494 duellionis
245 1428 391 1514 judicio,
413 1429 503 1514 quod
520 1430 633 1493 Cassia
653 1429 731 1512 lege
755 1438 931 1513 exceptum
953 1440 1044 1513 erat,
1068 1431 1210 1516 populus
1233 1451 1300 1495 non

67 1559 150 1620 voce,
170 1537 229 1600 sed
249 1535 393 1617 tabella,
416 1538 613 1604 sententiam
638 1539 758 1602 ferret:
780 1537 1162 1621 Cic.dsbegg.III.16.
1193 1537 1301 1616 Quam

68 1646 154 1728 ipsam
168 1663 302 1729 quoque
324 1642 434 1728 legem
454 1645 592 1728 egregie
609 1644 753 1708 illustrat
773 1666 887 1708 numus
908 1646 996 1730 apud
1011 1646 1121 1710 Patin.
1136 1647 1175 1707 de
1188 1647 1303 1707 Famd.
1365 1727 1371 1738 ,

68 1753 139 1813 Ram.
148 1775 182 1834 p.
195 1751 247 1814 79.
268 1771 335 1835 quo
350 1761 485 1834 praeter
503 1751 569 1815 alia
583 1752 717 1816 litterae
735 1752 772 1813 L.
787 1753 831 1815 D.
847 1753 882 1816 in
901 1752 1029 1816 tabella
1046 1752 1301 1835 conspiciuntur.

70 1858 245 1942 Significant
259 1857 339 1920 illae
355 1873 489 1939 menae,
504 1875 634 1924 neuun.
651 1859 747 1922 Haec
764 1859 850 1922 enim
863 1861 966 1924 verba
980 1859 1057 1922 loco
1074 1858 1301 1922 Cassianorum

69 1981 210 2047 ausuum,
230 1981 416 2030 uouunuuo
437 1965 471 2027 in
491 1965 631 2028 crimine
641 1967 881 2050 perduellionis
896 1965 1045 2029 adhibita
1061 1985 1132 2028 esse
1149 1965 1302 2028 discimus

69 2091 103 2132 ex
115 2072 252 2136 Caesare
271 2075 312 2134 de
325 2074 425 2134 Bellis
443 2075 521 2134 dost.
536 2074 594 2134 ΙΙΙ.
612 2072 663 2135 83.
680 2095 723 2136 ex
744 2095 811 2158 quo
833 2074 909 2136 loco
933 2080 1045 2156 patet,
1064 2073 1196 2136 tertiam
1218 2092 1302 2156 qno-

70 2201 121 2262 que
138 2188 214 2244 tunc
235 2179 416 2244 adhibitam
439 2200 511 2242 esse
538 2179 712 2261 tabellam,
737 2201 833 2262 quam
865 2180 1080 2262 imponebant
1103 2199 1221 2259 urnae,
1245 2180 1302 2262 qui

70 2288 190 2369 pecunia
204 2287 426 2350 mulctandum
441 2307 534 2349 reum
550 2285 756 2369 judicabant.
779 2285 875 2362 Quae
895 2284 1006 2348 omnia
1022 2305 1063 2347 eo
1078 2285 1301 2368 pertinebant,

71 2404 99 2455 ut
112 2404 196 2456 tanto
212 2395 337 2478 majore
353 2415 424 2456 cum
438 2393 594 2456 libertate
608 2414 698 2456 suum
716 2394 855 2479 quisque
871 2391 975 2454 ferret
990 2391 1187 2474 suffragium.
1202 2391 1302 2454 Unde

73 2501 163 2564 denuo
178 2503 297 2566 Cicero
311 2522 374 2583 pro
395 2503 525 2563 Plancio
539 2521 565 2562 c.
579 2501 610 2564 6.
626 2502 746 2582 Populo
760 2508 858 2582 grata
873 2508 923 2560 ast
938 2517 1097 2571 rrnrnnr,
1115 2519 1196 2582 quos
1206 2501 1303 2577 sran-

73 2617 108 2668 tcs
118 2613 211 2691 operit
224 2611 391 2682 masam,
402 2618 521 2670 mentes
535 2588 627 2690 te'gs't:
638 2609 755 2691 datque
765 2627 834 2670 eam
848 2609 1032 2678 libertatem,
1043 2614 1088 2680 ut,
1104 2608 1187 2688 quod
1197 2609 1303 2680 velint,

68 2715 186 2789 scobat:
195 2721 382 2797 promittam
397 2727 516 2788 autem,
536 2717 618 2799 quod
631 2727 784 2798 rogentur
799 2715 844 2796 b).

540 2965 592 3018 Jus
606 2865 759 3034 alnaldus
772 2965 810 3031 ⁰).

139 3065 293 3149 Sequitur
307 3063 458 3147 alterum,
474 3065 565 3152 quod
584 3065 711 3150 adjura
727 3061 905 3141 Quiritium
921 3057 1092 3143 pertinuit,
1108 3075 1167 3124 sus
1183 3075 1302 3122 uuum-

71 3187 196 3237 mrams.
226 3174 398 3236 Diviserat
417 3173 580 3238 Romulus
609 3174 697 3236 cives
719 3173 753 3235 in
778 3171 857 3266 duas
879 3174 1013 3251 gentes,
1042 3186 1176 3248 quarum
1205 3188 1301 3229 unam

67 3287 172 3356 potres,
187 3280 323 3344 alteram
336 3282 467 3362 plebem,
480 3280 672 3343 nominavit.
687 3277 768 3342 Illos
787 3297 830 3339 ex
844 3273 883 3337 iis
900 3271 1083 3355 adlegerat,
1103 3269 1160 3354 qui
1174 3269 1208 3331 in
1222 3272 1304 3332 civi-

70 3389 125 3446 tate
136 3408 270 3470 genere,
284 3388 416 3472 virtute,
429 3399 529 3472 atque
544 3388 661 3472 opibus
680 3367 943 3457 antecellebant3
956 3379 1064 3464 plebis
1075 3377 1208 3446 nomine
1225 3375 1306 3442 reli-

71 3511 137 3573 quos
157 3517 271 3558 omnes
292 3495 529 3578 adpellaverat.
552 3491 837 3570 Quemadmodum
858 3509 936 3552 vero
960 3509 979 3549 e
996 3486 1096 3570 plebe
1115 3488 1243 3567 plclejs’a
1258 3485 1306 3548 ita

71 3616 103 3659 ex
117 3601 263 3683 patribus
280 3607 411 3684 patn'cri
424 3601 652 3666 nascebantur.
675 3600 843 3682 Utrosque
865 3596 953 3658 inter
976 3611 1013 3654 se
1033 3592 1232 3656 devinxerat
1253 3591 1306 3653 in-

124 3790 154 3857 b)
171 3791 317 3843 Caeterum
334 3790 377 3842 hia
395 3791 527 3844 derebus
542 3790 600 3856 jam
618 3803 702 3854 snpra
719 3788 766 3840 Tit
782 3785 817 3838 11.
835 3785 856 3852 ξ.
873 3789 899 3836 9.
917 3780 1073 3847 expositum
1091 3784 1141 3832 est.
1160 3778 1246 3836 Mutt

124 3877 152 3937 c)
170 3876 368 3941 imperfectam,
386 3892 456 3943 quae
473 3877 525 3927 hoo
542 3874 570 3924 ln
589 3875 648 3926 loco
667 3871 776 3938 prodita
793 3873 849 3928 est,
867 3864 1025 3933 gentilitatis
1042 3863 1199 3925 notionem,
1221 3860 1306 3916 intan-

72 3959 114 4010 bm
129 3960 315 4028 relinquimus,
333 3976 418 4026 qnnm
442 3961 476 4012 de
499 3959 562 4025 ipso
578 3955 736 4024 gentilitatis
756 3955 818 4022 jure
841 3965 955 4019 prorsus
980 3947 1049 4001 nibil
1072 3946 1172 3998 dixerit
1195 3947 1307 4008 Auctor,

72 4039 123 4094 albi
139 4045 171 4097 de
189 4060 223 4097 eo
240 4061 277 4096 ex
295 4044 432 4109 professo,
459 4050 490 4097 ut
514 4045 600 4111 ajunt,
617 4045 794 4110 loquuturus:
818 4036 876 4089 Lib.
901 4037 951 4088 ΙΙΙ.
972 4035 1024 4087 Tit.
1042 4037 1067 4085 2.
1084 4032 1105 4097 ξ.
1123 4036 1148 4083 2.
1173 4032 1262 4093 Quem
1279 4029 1309 4082 in

73 4125 147 4179 lucum
163 4145 213 4182 nos
231 4144 344 4197 quoque
365 4129 529 4192 differemus,
548 4141 618 4195 quae
632 4123 802 4178 emendanda
813 4135 874 4174 esse
888 4118 1067 4184 addendaqne
1078 4114 1158 4167 nobis
1177 4115 1308 4168 videbun·

73 4211 114 4260 tur.
127 4211 201 4273 Quae
212 4228 278 4264 vero
291 4213 325 4264 de
338 4219 419 4266 aucto
432 4213 609 4278 patriciorum
621 4224 735 4262 nurnero
747 4206 914 4273 omninoque
925 4205 959 4255 de
971 4206 1163 4253 extraneorum
1177 4197 1206 4248 in
1217 4201 1308 4263 patres

73 4296 229 4359 coaptatione
251 4297 415 4350 Heineooius
434 4298 477 4349 hio
494 4296 615 4364 protulit,
634 4310 675 4358 ea,
693 4299 724 4344 ut
742 4292 777 4344 ab
794 4290 877 4357 hujus
895 4287 985 4354 operis
1003 4284 1096 4337 indole
1113 4281 1211 4341 aliena,
1229 4282 1309 4346 plane

75 4377 440 4446 stantemstantem,
458 4382 525 4434 satis
543 4381 685 4442 babentes,
704 4381 849 4437 lectorem,
868 4373 916 4440 qui
933 4374 1013 4437 plura
1030 4367 1197 4434 melioraque
1214 4367 1256 4418 bis
1275 4367 1310 4418 de

76 4461 143 4514 rebus
159 4465 226 4518 scire
243 4465 345 4534 onpiat,
362 4467 399 4518 ad
415 4482 463 4518 eos
478 4466 604 4530 ablegare
614 4463 769 4528 scriptores,
783 4459 830 4529 qui
851 4459 900 4510 bac
915 4462 1011 4510 nostra
1028 4458 1115 4508 aetate
1131 4451 1228 4504 iisdem
1247 4467 1313 4516 ope-

77 4560 122 4597 ram
139 4550 282 4613 dederunt;
301 4551 356 4602 vid.
375 4567 445 4619 quae
463 4567 547 4616 supra
564 4550 598 4600 ad
617 4547 669 4600 Tit.
689 4547 724 4599 11.
745 4545 767 4611 ξ.
786 4547 828 4596 29.
847 4559 863 4594 a
881 4537 960 4592 nobis
976 4541 1160 4680 notattpgpnt.
1180 4533 1266 4586 Mtte.
