3040 5164
210 369 282 436 392
432 465 437 470 ¹
645 363 729 442 Lm.
751 365 799 432 ll.
824 362 905 433 Tm.
932 362 1012 434 vll.

213 538 462 622 Theodosiana,
483 546 564 622 puta
579 537 669 632 Libro
689 539 764 602 XII.
790 541 847 602 lla.
864 538 972 614 Xlll,
994 533 1039 602 ad
1052 558 1150 623 quem
1172 537 1341 622 praeclare
1362 538 1450 602 docet

214 647 457 726 Gothofredus‚
474 645 544 729 jam
575 644 683 736 libera
711 647 884 732 republica
905 653 999 732 parta
1023 647 1164 710 victoria
1187 646 1323 710 ducibus
1350 646 1452 708 nium-

212 753 360 839 phaturis
382 753 492 816 offerri
508 755 715 818 consuevisse
737 753 892 832 coronas,
908 754 1041 841 aliaque
1056 774 1209 836 munera,
1224 755 1266 818 ad
1281 753 1450 818 ornandum

213 863 430 947 triumphum,
445 869 486 924 et
516 860 594 923 inde
616 871 721 927 ortum
747 883 818 926 esse
840 883 956 925 aarum
977 870 1188 936 coronarium,
1215 863 1304 948 quod
1327 881 1348 925 a
1368 861 1451 923 bonis

213 968 424 1054 Principibus
440 990 540 1054 saepe
555 971 740 1053 remissum,
756 993 777 1034 a
792 969 886 1033 malis
901 979 1090 1034 revocatum
1113 991 1184 1034 esse
1203 970 1338 1054 copiose
1353 976 1452 1031 osten-

215 1069 273 1142 dit.
294 1063 388 1142 Vide*
409 1078 478 1160 ejus
505 1078 669 1142 Commeat.
693 1081 737 1141 ad
762 1080 834 1158 Cad.
861 1079 971 1138 laeva
997 1079 1078 1140 ibm.
1102 1079 1159 1139 IV.
1179 1099 1211 1160 p.
1233 1077 1304 1140 602.
1319 1081 1363 1157 ⁰).
1391 1075 1450 1138 Nec
1511 1137 1512 1158 ,

214 1185 378 1248 Kalendis
400 1193 525 1263 tantum
548 1185 732 1266 ianuariis,
755 1184 813 1247 sed
836 1192 871 1248 et
893 1184 1008 1248 diebus
1030 1186 1181 1269 proxime
1204 1184 1449 1270 insequentibus,

117 1297 122 1304 '
216 1301 342 1356 strenas
357 1293 542 1356 mittebant
563 1294 608 1355 Et
621 1293 701 1355 inde
718 1301 786 1375 est,
802 1292 892 1377 quod
907 1293 1024 1356 Festus
1045 1295 1104 1356 sub
1126 1313 1209 1356 voce
1223 1302 1333 1356 strena
1344 1313 1377 1374 p.
1392 1292 1451 1353 lll.

133 1408 138 1413 '
178 1472 180 1478 q
216 1401 281 1464 hoc
296 1422 411 1464 munus
433 1401 481 1464 ita
496 1401 618 1465 dictum
640 1407 751 1486 putat,
767 1425 786 1465 a
801 1422 949 1483 numero,
971 1400 1075 1464 veluti
1091 1417 1247 1483 annuunt,
1262 1400 1319 1464 vel
1341 1405 1450 1471 trenam

218 1509 341 1594 quippe
358 1531 426 1593 quo
439 1512 652 1592 significatam
669 1512 719 1586 sit,
733 1512 868 1572 ulterram
878 1514 1069 1590 'tertiamque
1084 1518 1249 1572 sentiarum
1266 1510 1373 1572 sirnilr's
1386 1529 1447 1570 crn-

215 1617 305 1678 modi.
328 1615 396 1678 Sed
414 1615 545 1680 sustulit
565 1624 600 1679 et
623 1616 715 1681 illam
739 1616 886 1680 donandi
906 1616 1074 1680 licentiam
1091 1615 1266 1698 Tiberius,
1289 1616 1448 1701 edictoque

217 1725 322 1806 cavit,
345 1745 388 1786 ne
411 1731 592 1786 strenarum
616 1727 813 1790 commercia
834 1723 919 1788 ultra
941 1723 1113 1788 Kalendas
1137 1725 1313 1788 lanuarias
1331 1723 1448 1787 enerac-

129 1823 134 1832 ’
215 1838 345 1894 rentur:
368 1825 504 1895 Sueten.
518 1833 622 1895 liber.
637 1855 662 1894 c.
677 1832 728 1896 34.

795 1941 824 2021 §-
846 1941 876 2001 a.

550 2039 725 2107 Apophoreta
745 2039 901 2094 Saturnalia
918 2050 944 2094 el
960 2040 1129 2094 memoralia.

300 2139 406 2202 Porro
435 2140 499 2203 viri
522 2140 767 2223 Saturnalibus,
796 2142 939 2206 feminae
963 2140 1220 2224 Matronalibus‚
1244 2141 1280 2204 id
1303 2150 1367 2223 est,
1387 2139 1449 2202 Kal.

219 2247 369 2330 Martiis,
384 2255 509 2311 strenas
531 2256 632 2333 atque
652 2249 858 2334 apophoreta
875 2250 998 2313 dabant
1014 2258 1049 2313 et
1068 2249 1287 2333 accipiebant.
1307 2249 1450 2334 Apopha

95 2439 99 2451 .
217 2362 362 2418 retorum
392 2356 426 2418 in
447 2355 676 2420 Saturnalibus
691 2357 721 2438 s)
748 2359 902 2443 exempla
931 2367 1005 2422 sunt
1037 2358 1124 2445 apud
1146 2357 1341 2421 Suetonium
1363 2359 1449 2420 Oetae.

218 2483 244 2523 c.
260 2462 310 2524 75.
336 2463 463 2544 Vespas.
480 2484 505 2525 c.
522 2463 571 2525 14.
588 2472 623 2528 et
638 2465 782 2529 Martial.
802 2469 1076 2550 Epigrammatam
1097 2468 1174 2528 iidra
1194 2466 1285 2530 XIV.
1305 2466 1361 2552 qui
1381 2475 1450 2530 totus

217 2567 281 2629 huc
295 2570 450 2651 pertinet.
471 2570 525 2634 De
546 2573 783 2636 matronalibus
801 2573 955 2636 Tibullus
970 2575 1062 2656 Eleg.
1081 2575 1141 2636 III.
1157 2573 1186 2635 1.
1201 2594 1230 2638 a.
1245 2574 1276 2636 1.
1293 2597 1359 2658 sqq.

408 2679 524 2740 Martis
544 2681 683 2742 Romani
691 2683 800 2758 festae
820 2703 934 2744 venere
954 2683 1121 2744 Kalendae
1127 2707 1139 2752 ,·

403 2821 405 2826 ·
471 2787 626 2850 Encrierrs
647 2794 763 2853 nostris
785 2793 857 2852 leina
870 2792 940 2869 fnit
960 2811 1063 2852 annas
1086 2794 1163 2852 avia.

409 2895 453 2956 El
474 2917 557 2976 vaga
578 2919 664 2959 nanc
684 2906 771 2960 certa
792 2900 979 2961 discurrant
998 2899 1136 2980 undique
1151 2919 1269 2980 pompa

471 3001 598 3084 Perque
619 3008 685 3068 vias
707 3005 793 3068 ardis
814 3026 945 3070 manera
961 3026 1081 3088 perque
1104 3007 1215 3068 domos.

221 3109 265 3172 Et
286 3107 448 3173 Martialis
464 3110 575 3193 Epigr.
591 3112 632 3174 X.
647 3113 698 3176 24.
729 3189 730 3194 η

457 3219 593 3281 Natales
614 3221 691 3283 milri
708 3221 849 3284 Martiae
868 3221 1045 3295 Kalendae,

458 3326 532 3388 Lacr
543 3327 714 3404 formosior
735 3330 876 3392 ornnilrnr
897 3331 1062 3401 Kalendis,

463 3434 533 3510 Qua
555 3439 684 3496 mittant
702 3438 778 3498 milri
797 3458 913 3500 manas
934 3447 964 3500 el
980 3437 1109 3519 paellae

463 3541 729 3624 quinquagesima
751 3545 821 3608 lida.
884 3584 926 3594 -
988 3583 1030 3598 -ν
1099 3533 1101 3538 ’

221 3647 266 3710 Et
282 3649 391 3729 Epigr.
414 3647 448 3708 V.
463 3645 513 3708 85.
529 3669 556 3710 a.
572 3648 620 3711 10.
636 3671 699 3732 sqq.
821 3648 826 3659 “

364 3740 366 3744 ’
503 3757 571 3820 Scis
593 3768 692 3834 certe,
703 3769 792 3840 pato,
813 3773 918 3824 vestra
932 3763 1002 3844 jam
1024 3765 1130 3824 venire

504 3865 701 3940 Saturnalia,
722 3868 860 3931 Martias
881 3871 1055 3943 Kalendas,

507 3973 593 4034 Tarm
616 3975 745 4036 reddam
768 3977 829 4048 lidi,
853 3977 957 4047 Galla,
979 3977 1061 4058 qaod
1081 3977 1201 4038 dedisti.

268 4159 269 4162 ¹
295 4132 325 4198 e)
346 4131 389 4185 De
414 4145 490 4266 auroh
504 4133 662 4185 coronario:
685 4134 815 4185 Dukerus
834 4135 870 4187 ad
891 4135 994 4187 Liviam
1013 4133 1184 4186 XXXVIII.
1204 4151 1227 4186 c.
1249 4138 1290 4187 14.
1308 4134 1329 4201 §.
1347 4139 1370 4187 ta
1387 4133 1414 4184 Τ.
1430 4125 1456 4178 l'·

226 4233 252 4284 p.
273 4221 329 4271 172.
348 4231 389 4284 sq.
410 4217 499 4268 Han.
1109 4242 1114 4252 ¹
1314 4222 1318 4226 '

114 4371 117 4376 Ι
186 4349 188 4354 ,
234 4363 236 4368 ,
297 4301 421 4368 OHaec
437 4305 605 4368 apophoreta
622 4303 694 4356 dicta
711 4300 792 4356 etiam
810 4303 952 4372 siqillaria:
972 4307 1046 4358 Suet.
1062 4305 1155 4357 arad.
1170 4324 1191 4356 c.
1206 4309 1231 4358 5.
1249 4303 1321 4356 Aelii
1339 4293 1457 4368 Spartiani
1511 4269 1512 4332 l

228 4387 385 4455 Hadrianus
400 4405 422 4439 c.
436 4392 475 4441 17.
493 4387 569 4442 Alias
586 4387 647 4455 ipsa
666 4389 850 4442 Saturnalium
868 4390 973 4442 dicrum
991 4390 1129 4457 adpendix
1148 4388 1201 4442 dici
1219 4389 1360 4443 consucvit
1375 4382 1457 4453 ripolle-

227 4471 278 4530 rr‘a,
305 4485 322 4522 a
345 4471 441 4537 sigillis
459 4476 501 4526 vel
518 4473 609 4540 parvis
634 4474 812 4540 imaginibus,
831 4476 930 4544 quibus
950 4493 1000 4544 pro
1018 4493 1047 4530 se
1069 4481 1096 4529 el
1120 4475 1177 4528 suis
1202 4476 1339 4541 piaculum
1357 4475 1456 4530 Satuffl⁰

227 4555 377 4611 ludebant:
394 4557 518 4612 Macrob.
538 4559 675 4612 Sataraal.
693 4559 716 4613 Ι.
737 4565 777 4614 13.
794 4561 875 4614 Heia.
