3130 5148
433 415 436 420 -
524 369 728 438 Prinassum
752 365 950 438 Huuumun
1260 390 1262 398 ’
1318 389 1364 443 x1

106 543 287 630 quidquam
310 543 425 612 differt
440 544 591 625 startia,
612 565 809 630 quamquam
833 544 949 628 quinta
967 551 1134 627 postrema
1153 545 1217 610 nris
1236 567 1363 626 eurum,

107 675 210 738 quae,
227 653 307 716 dum
330 660 448 716 auctor
468 651 532 716 hoc
553 651 628 736 ipso
649 673 737 716 anno
760 651 939 714 exstinctus
958 652 1057 716 rebus
1079 653 1228 718 burnonis
1249 673 1364 736 super-

106 769 203 842 esset,
229 760 266 824 iu
287 759 396 823 lucem
418 759 622 843 prodierunt.
647 758 711 838 *6)
731 759 836 820 Editio
855 779 954 830 nova,
976 761 1015 822 ab
1035 771 1163 824 audere
1184 765 1250 841 sisso
1268 763 1364 841 paulo

105 879 180 932 ante
198 870 315 930 obitum
337 870 450 938 revisa,
467 869 648 939 emendata,
664 868 830 945 inuitisque
848 868 921 926 loeis
938 867 1126 946 locupletata
1150 888 1188 928 ao
1207 869 1277 948 ejus
1289 887 1365 948 prr-

104 979 204 1038 nn‘ssu
231 963 397 1054 rinpressa.
419 975 581 1047 Bassiane,
614 974 787 1044 scandebat
814 973 952 1034 Joaones
980 973 1098 1046 carne,
1120 973 1213 1038 1748.
1233 973 1263 1036 8.
1279 975 1318 1036 Ρ.
1339 976 1364 1036 1.

100 1104 203 1165 pagg.
221 1081 295 1143 574.
313 1082 353 1143 P.
374 1081 417 1141 11.
435 1101 537 1162 pagg.
559 1081 631 1144 4118.
660 1081 808 1163 Elegans
831 1079 945 1163 utique
967 1078 1091 1159 editio,
1107 1090 1142 1144 et
1163 1101 1199 1144 re
1222 1101 1302 1144 vera
1321 1082 1363 1144 ab

104 1189 179 1274 ipso
197 1196 334 1252 auctore
356 1187 473 1271 passim
489 1186 602 1252 limata
620 1196 720 1272 atque
737 1194 843 1268 aucta,
858 1186 951 1250 velut
967 1187 1000 1250 in
1015 1187 1093 1263 loco
1110 1188 1153 1252 de
1169 1197 1364 1272 argumento

104 1297 194 1382 legis
208 1293 323 1361 duliae
340 1294 382 1358 de
400 1293 571 1358 adulteriis
587 1296 645 1358 IV.
660 1295 710 1358 18.
727 1297 755 1377 s.
769 1297 821 1357 bl.
840 1293 882 1357 ad
899 1313 996 1378 quem
1018 1295 1248 1360 illustrandum
1263 1315 1364 1360 aureo

104 1405 150 1466 Jo.
172 1405 260 1466 Gaii.
284 1403 473 1485 Hoffmanai
496 1401 623 1466 dehac
646 1402 724 1486 lege
749 1401 995 1466 Commentario
1018 1423 1105 1468 nune
1129 1403 1267 1486 primum
1291 1423 1365 1466 usus

105 1521 165 1576 est.
186 1510 282 1588 Quas
305 1509 441 1574 ultimae
464 1509 704 1595 recognitionis
727 1509 822 1572 dotes
844 1509 916 1593 ipse
932 1519 1048 1574 auctor
1066 1509 1246 1574 litterisad
1269 1518 1365 1593 typo·

104 1617 269 1702 graphum
293 1617 372 1682 Hal.
394 1616 539 1686 d.xx1v.
572 1617 659 1681 Nov.
682 1616 775 1680 1740.
805 1616 890 1680 datis
913 1625 952 1680 et
985 1615 1191 1680 Praefationi
1218 1617 1365 1701 ejusdem

104 1724 310 1810 typographi
332 1725 463 1788 insertis
484 1725 685 1819 celebrauit,
707 1744 774 1788 non
794 1724 996 1788 dissimulata
1018 1745 1093 1808 spe,
1116 1725 1257 1806 fore‚,ut
1272 1725 1366 1790 Besi-

105 1832 238 1898 leensia
258 1832 412 1917 exempla
423 1832 762 1917 Argentoratensibus
773 1840 941 1915 praestare
959 1831 1198 1916 intelligantur.
1213 1832 1250 1913 7)
1261 1831 1366 1894 Ultra·

98 1945 185 2023 jacti
202 1944 352 2022 stirpem
369 1941 552 2004 Broedeleti
563 1939 655 2002 1745.
670 1939 700 2002 8.
716 1942 754 1999 P.
768 1941 794 2000 1.
816 1941 858 2000 ΙΙ.
872 1942 906 2021 *)
932 1939 968 2002 si
984 1960 1063 2004 vera
1085 1949 1169 2020 sunt,
1186 1961 1271 2024 quae
1294 1939 1366 2004 edd-

107 2057 162 2111 tor
176 2047 387 2114 Geueveusis
407 2049 510 2126 (num.
531 2046 578 2127 9.)
598 2046 641 2110 de
662 2046 724 2111 hac
746 2045 896 2111 editione
919 2047 1087 2127 adfirmet,
1110 2047 1229 2112 fundus
1245 2046 1277 2110 ei
1299 2067 1366 2111 non

106 2155 328 2234 Basileensis‚
351 2154 410 2218 sed
433 2154 725 2238 Argentoratensis
747 2157 934 2239 recognitio
957 2156 1036 2232 suit,
1056 2153 1220 2238 praefatio
1244 2163 1367 2235 autem,

109 2261 311 2328 redemtoris
332 2262 467 2325 nomine
491 2263 689 2346 praemissa,
713 2241 879 2326 auctorem
901 2262 1017 2326 babuit
1041 2264 1161 2324 Catium
1180 2261 1366 2346 quemdam,

103 2372 186 2455 juris
204 2368 376 2454 utriusque
399 2371 590 2434 Ductorem.
622 2369 711 2438 Hinc
734 2369 776 2432 ad
800 2369 926 2432 irritum
954 2370 1090 2434 redacta
1112 2390 1186 2453 spes
1207 2389 1366 2433 novarum

108 2477 337 2540 adsessionum
362 2498 406 2540 ex
427 2477 527 2560 ipsius
545 2479 704 2540 Heinecaii
724 2476 851 2540 calamo
874 2478 906 2541 in
931 2477 1015 2542 hanc
1040 2478 1222 2542 editionem
1244 2475 1368 2540 redun—

111 2585 311 2667 naturarum,
330 2607 426 2669 quam
447 2586 597 2650 fecerant
613 2587 662 2647 die
678 2587 954 2667 Hamburgisabsn
970 2587 1118 2648 Beriebts
1131 2606 1191 2648 oon
1205 2587 1367 2667 gelehrtsn
1414 2630 1417 2640 .
1443 2646 1447 2654 ,

111 2694 236 2756 Sacbers
258 2691 351 2754 1741.
370 2713 456 2755 num.
477 2692 528 2754 w.
546 2714 579 2774 p.
599 2691 672 2758 818.
701 2691 739 2771 8)
764 2693 798 2756 in
819 2694 955 2775 Operum
977 2697 1114 2756 omnium
1137 2692 1286 2756 editione
1308 2691 1367 2754 Ve-

111 2809 198 2874 neta,
222 2799 314 2882 cujus
334 2799 434 2862 Tomi
455 2797 582 2864 XVIII
604 2799 798 2883 prodierunt
821 2800 909 2883 apud
925 2785 1117 2864 Baloionios
1135 2797 1363 2877 1746.12.**)

111 2907 173 2988 *9)
200 2907 308 2968 Editio
331 2927 415 2970 nona
442 2908 599 2988 prioribus
623 2912 745 2970 auctior
766 2911 863 2970 multo
888 2918 918 2968 et
940 2910 1132 2970 emendatior
1139 2932 1150 2980 ,·
1172 2907 1205 2970 in
1232 2906 1368 2988 Operum

110 3015 153 3076 ad
182 3017 365 3076 nniversam
380 3015 668 3096 jurisprudentium
693 3025 749 3078 etc.
773 3019 1000 3098 pertinentium
1016 3016 1116 3077 ‘I'omo
1140 3015 1198 3076 IV.
1223 3017 1368 3076 Geneoas

110 3125 258 3202 inpensas
274 3113 378 3182 bered.
397 3119 526 3184 Cramer
543 3131 574 3182 et
580 3125 683 3201 fratr.
698 3125 852 3190 Pbilibert
866 3122 958 3185 1747.
972 3120 1003 3182 4.
1014 3119 1199 3203 ραςς..684.
1222 3119 1299 3182 Νοιι
1316 3129 1367 3182 te-

110 3247 200 3290 mere
218 3227 308 3290 'baec
326 3226 432 3290 editio
454 3229 618 3311 prioribus
641 3229 769 3293 auctior
794 3229 897 3292 multo
920 3229 953 3291 in
977 3226 1087 3290 fronte
1113 3226 1251 3290 dicitur:
1273 3248 1314 3288 an
1334 3234 1368 3288 et

111 3334 340 3398 emendatior?
359 3335 565 3400 ‘contendere
586 3337 641 3400 vix
664 3337 783 3412 ensim3
806 3357 881 3400 nam
902 3345 938 3400 ut
961 3334 1136 3399 nonnullas
1156 3333 1248 3398 labes
1262 3334 1305 3394 ·in
1328 3351 1369 3396 es

110 3442 257 3506 sublatas
273 3442 508 3526 animadverti,
530 3450 641 3507 tamen
664 3445 742 3526 satis
766 3443 882 3528 multas
898 3463 1070 3527 superesse
1093 3442 1181 3506 idem
1204 3439 1368 3504 intellexi.

110 3550 163 3614 De
188 3549 438 3614 adsensionibus
459 3550 628 3616 audiamus
651 3551 813 3619 editorem
843 3554 949 3635 ipsum
978 3554 1096 3634 (quem
1127 3550 1229 3634 vulgo
1252 3557 1369 3636 putent

111 3678 181 3720 esse
197 3658 246 3720 Jo.
264 3649 348 3720 Lud.
372 3659 513 3738 Uidium)
539 3659 573 3721 in
596 3659 814 3724 Praelatione
839 3660 886 3722 ita
910 3659 1123 3723 scribentem:
1146 3659 1246 3733 „Nan
1269 3659 1369 3718 salum

111 3766 202 3826 diam
222 3773 335 3826 aanor
355 3766 455 3826 muita
478 3768 512 3826 in
531 3767 667 3830 editione
687 3769 869 3830 Basr'leensi
887 3767 1062 3838 addiderat,
1085 3787 1178 3846 quarn
1197 3767 1292 3825 anuis
1314 3783 1369 3824 su·

110 3874 344 3954 musseqaurn
365 3876 474 3934 oerum
491 3873 634 3955 adjectae
649 3893 767 3954 quoque
786 3883 860 3938 sual
877 3875 1093 3936 adnotationes
1110 3873 1245 3934 ineditae
1263 3870 1369 3930 barte

160 4109 191 4177 ⁸)
214 4109 283 4163 Fide
301 4111 489 4180 catalogorum
507 4118 566 4164 tum
586 4113 658 4167 Sam.
668 4119 703 4191 ‘ct
721 4114 765 4168 Jo.
777 4115 940 4167 Luclrtmans
955 4131 983 4182 p.
998 4117 1055 4166 134.
1075 4116 1132 4163 tum
1150 4109 1188 4160 B·
1213 4108 1284 4160 Wild
1299 4112 1327 4159 el
1340 4107 1369 4160 J·

107 4195 222 4248 dicim
235 4213 266 4262 p.
286 4199 345 4248 195.
356 4186 400 4264 sq.
424 4196 452 4250 in
476 4197 570 4262 primis
596 4214 659 4250 vero
680 4198 862 4252 Praefatiouis
886 4199 1052 4265 praemissae
1075 4191 1189 4248 editioni
1216 4191 1369 4244 (lenovensi

107 4279 170 4332 anni
192 4283 269 4333 1747.
289 4281 362 4332 benc
379 4281 527 4336 editionem
546 4283 634 4336 retuli.

141 4364 191 4431 ⁸³)
215 4365 358 4432 Sequatus
372 4379 434 4418 snm
452 4365 528 4418 Frid.
541 4367 629 4436 Adpb.
641 4368 769 4422 Ebsrtum
786 4369 822 4420 im
837 4368 951 4436 Alipem.
968 4359 1233 4439 Bittioqraptr'rclen
1254 4362 1368 4412 lexicon

110 4448 141 4500 T.
159 4448 184 4501 Ι.
201 4467 232 4516 p.
251 4452 312 4502 747.
332 4450 412 4516 cujus
430 4451 578 4504 auctoritas
596 4451 688 4516 potior
702 4454 861 4506 essordebet
875 4455 919 4516 do.
935 4450 1030 4502 Christ.
1047 4444 1131 4498 atres.
1147 4445 1291 4504 Heinrrair',
1310 4445 1367 4509 tilii,

106 4533 275 4600 testimonio,
294 4531 324 4586 in
342 4533 435 4586 Indice
452 4536 611 4603 emptorum
625 4547 801 4606 paternarum
820 4535 867 4590 snb
876 4539 931 4606 fin.
949 4547 1051 4586 annum
1072 4535 1146 4586 174³.
1165 4529 1317 4580 exhibente·
