3056 5154
643 417 721 486 Lm.
746 415 809 485 w.
834 415 917 484 Τιτ.
945 412 1006 484 vl.

805 637 813 651 .
835 591 867 652 7.

576 711 671 769 Locus,
688 591 916 778 nbijutgds'etm
937 704 1075 759 tubuel.

285 809 341 874 Ad
356 810 551 874 Praetorem
576 830 658 892 ergo
674 807 872 872 veniendum
897 815 970 870 erat
991 806 1055 887 eis,
1078 806 1135 891 qui
1151 807 1320 890 jussuum
1342 787 1463 889 persess
1517 843 1518 894 ;

203 919 260 1004 qui
282 918 477 1001 cupiebant,
497 925 531 978 ct
549 917 682 1000 quidem
692 917 734 978 in
752 914 860 977 locum
873 914 1103 999 juridicundo
1122 915 1332 991 destinatum,
1348 913 1449 996 quiet
1517 897 1518 954 i

201 1027 273 1110 ipse
292 1029 352 1108 jus
375 1023 548 1088 dicebatur
560 1028 613 1103 t):
638 1025 674 1086 J..
695 1023 724 1083 1.
745 1023 787 1083 D.
808 1024 846 1083 de
870 1024 908 1082 In
927 1024 986 1102 jus
1011 1043 1074 1084 occ.
1101 1019 1155 1106 [L.
1172 1021 1223 1083 ll.
1247 1023 1289 1083 D.
1310 1022 1349 1081 dc
1373 1021 1447 1082 Just.

202 1131 346 1216 etjurc.]
367 1131 434 1194 Hic
452 1151 531 1192 vero
556 1129 649 1193 locus
666 1128 719 1193 vel
742 1131 884 1210 superer
906 1137 996 1209 erat,
1010 1129 1065 1192 vel
1083 1131 1210 1210 planus.
1232 1129 1264 1189 E
1285 1125 1446 1210 superiore

201 1241 279 1304 loco
288 1239 345 1323 jus
362 1238 474 1302 dicere
493 1237 667 1302 dicebatur
677 1237 829 1317 Praetor,
844 1236 976 1318 quoties
989 1257 1050 1322 pro
1064 1235 1222 1298 tribunali
1237 1235 1295 1319 jus
1314 1234 1446 1297 dicebat.
1517 1267 1518 1282 .

202 1463 264 1532 mcy'.
282 1463 314 1512 L.
335 1466 358 1513 l.
376 1461 397 1528 ς.
415 1465 442 1514 2.
457 1461 492 1514 D.
510 1461 542 1512 de
556 1461 598 1511 m·
614 1459 709 1525 viad).
726 1461 850 1526 Itemque
868 1458 976 1510 videtur
993 1457 1036 1510 bis
1053 1457 1081 1512 in
1101 1457 1200 1522 musis,
1218 1457 1267 1510 ubi
1285 1459 1379 1512 licebat
1395 1475 1447 1510 ma·
1517 1503 1518 1506 ,

202 1545 462 1613 gistratibus,‘dare
489 1545 625 1598 actionem
650 1559 686 1594 ex
704 1544 776 1594 tacto
802 1542 857 1594 sibi
882 1543 1025 1610 proposito
1049 1543 1171 1594 nondum
1195 1541 1287 1596 edicto
1311 1547 1447 1610 romaum,
1517 1537 1518 1602 ἶ

202 1632 351 1683 eorundem
368 1630 397 1681 in
415 1628 527 1681 arbitrio
545 1627 665 1696 positum
684 1627 777 1690 misse,
789 1628 934 1679 mallentne
948 1627 1011 1693 jure
1029 1627 1167 1680 ordinario
1186 1644 1221 1680 an
1240 1628 1447 1680 extraordinario
1517 1613 1518 1648 ³

203 1731 361 1768 succurrere
379 1713 515 1780 partibus3
537 1715 668 1780 (exempl.
685 1712 740 1764 vid.
756 1714 788 1764 L.
801 1713 858 1778 1.§.
872 1717 912 1765 17.
929 1711 985 1763 int.
1004 1713 1040 1764 D.
1059 1715 1090 1763 de
1109 1715 1216 1766 exercit.
1237 1713 1313 1778 cet.).
1331 1712 1446 1779 Denique
1517 1701 1518 1788 ]

204 1800 311 1867 quoties
330 1798 461 1864 Princeps
484 1796 594 1863 negotia
611 1795 765 1848 remittebat
782 1797 816 1846 ad
839 1795 999 1847 Praesidem
1017 1797 1191 1861 provinciae,
1210 1797 1234 1849 is
1252 1798 1391 1850 aestimare
1405 1798 1446 1848 de·

204 1886 297 1950 bebat,
318 1890 409 1936 utrum
435 1881 494 1948 ipse
512 1883 547 1933 de
570 1897 599 1933 re
616 1887 806 1948 cognosceret,
823 1896 859 1932 an
879 1879 1000 1947 judicem
1019 1881 1103 1934 daret.
1124 1885 1171 1948 (L.
1191 1887 1216 1934 8.
1234 1885 1260 1934 9.
1279 1882 1363 1934 D.'dc
1380 1881 1442 1948 effe.

204 1971 301 2021 Praes.
319 1969 414 2021 Noodt
439 1968 471 2018 dc
485 1968 587 2036 jun'rd.
606 1967 667 2018 Lib.
683 1969 705 2020 1.
721 1984 744 2018 c.
764 1961 796 2020 7.
808 1966 935 2018 Gebauer
953 1965 970 2017 l.
988 1965 1007 2016 l.
1024 1966 1046 2032 ξ.
1063 1972 1103 2018 ll.
1129 1964 1268 2018 Zimmern
1285 1966 1304 2018 l.
1322 1967 1339 2018 1.
1356 1967 1375 2034 i.
1391 1966 1443 2030 88.)

204 2055 399 2122 Quaecunque·
413 2056 503 2103 autem
522 2049 594 2116 juris
618 2053 700 2118 bujus
718 2049 927 2106 extraordinarii
945 2064 1028 2100 causa
1055 2049 1136 2104 tuerit
1153 2066 1185 2102 ac
1202 2050 1281 2113 ratio,
1299 2050 1350 2102 boc
1365 2055 1447 2100 umen

203 2154 254 2205 pro
272 2137 346 2189 certo
364 2135 490 2190 affirmari
507 2127 606 2201 potest,
624 2152 767 2202 perperam
782 2134 816 2186 ab
827 2134 976 2187 Heineccio
994 2134 1092 2187 statui:
1111 2136 1272 2186 Praetorem
1287 2139 1364 2186 extra
1380 2132 1448 2185 ordi-

203 2239 265 2276 nem
288 2223 336 2290 jus
354 2221 475 2285 dixisse,
501 2222 525 2274 si
542 2223 577 2274 de
596 2223 660 2288 jure
686 2219 891 2286 disceptaretur,
909 2218 951 2270 sin
971 2219 1005 2270 de
1027 2219 1108 2283 tacto,
1129 2217 1236 2285 judiees
1259 2218 1344 2270 luisse
1366 2217 1447 2268 datos.

204 2306 291 2370 Quasi
313 2322 378 2358 vero
396 2322 439 2359 res
457 2308 542 2359 tactas
561 2323 667 2372 semper
685 2307 807 2374 cognitas
830 2303 974 2356 habuerint
991 2303 1180 2368 magistratus,
1197 2318 1248 2355 nec
1266 2317 1393 2370 umquam
1407 2303 1448 2367 ju-

204 2393 278 2446 dices
296 2392 330 2443 de
353 2391 425 2458 juris
444 2391 650 2459 quaestionibus
674 2391 783 2444 solliciti
801 2387 917 2443 luerim!
945 2389 1038 2454 (Stabl
1056 2389 1102 2440 litt.
1122 2389 1202 2441 Rem.
1221 2389 1351 2456 Kteyeur.
1367 2403 1393 2450 p.
1412 2389 1447 2436 14,

204 2493 244 2545 sq.
264 2474 400 2528 Zimmern
419 2476 436 2526 t.
456 2475 475 2527 l.
493 2477 514 2542 i.
535 2479 575 2528 12.
592 2477 614 2542 i.
634 2480 691 2528 131.
709 2493 735 2542 p.
754 2475 830 2541 398.)
853 2507 887 2514 -
906 2474 963 2526 Sul>
981 2472 1065 2540 impp.
1082 2473 1182 2524 sensim
1200 2477 1228 2524 et
1245 2471 1406 2538 pedetentim
1422 2471 1448 2522 in

203 2577 289 2614 unum
307 2561 432 2613 coaluere
455 2559 662 2625 magistratuum
681 2565 708 2612 et
729 2553 912 2627 judicantium
936 2574 1055 2610 munera.
1084 2559 1148 2610 Jam
1165 2558 1265 2610 etenim
1289 2558 1323 2608 ab
1348 2556 1449 2608 ineunte

204 2643 318 2710 imperio
337 2644 472 2710 principes
489 2643 707 2711 frequentissime
725 2650 802 2696 extra
819 2643 942 2696 ordinem
957 2644 1004 2710 jus
1021 2642 1165 2703 dicebant3
1183 2659 1218 2694 cx
1237 2657 1294 2710 quo
1310 2657 1373 2694 vero
1387 2653 1448 2690 con-

205 2729 296 2782 silium
314 2729 366 2782 sibi
384 2728 553 2780 adsciverant
570 2719 716 2780 statum'et
726 2734 888 2795 perpetuum
906 2744 990 2795 quum
1008 2729 1140 2780 derebus
1156 2726 1273 2792 publicis
1291 2720 1450 2776 deliberandi

205 2819 263 2866 tum
283 2811 426 2880 judicandi
444 2831 540 2878 causa,
560 2814 637 2866 aliter
659 2829 751 2864 coram
769 2829 799 2864 se
823 2829 866 2865 res
886 2827 1037 2880 causasque
1062 2812 1172 2864 tractari
1195 2811 1271 2876 passi
1294 2810 1367 2862 baud
1384 2815 1450 2859 sunt.

206 2902 272 2952 Tale
295 2899 440 2952 consilium
466 2897 584 2963 primum
607 2897 758 2950 instituisse
782 2898 953 2950 Hadrianum
975 2896 1199 2974 imp-perquam
1229 2901 1272 2948 est
1295 2893 1449 2952 verisimile;

205 2999 306 3037 nomen
324 2984 411 3034 cidem
430 2973 526 3048 postea
544 2983 660 3036 inditum
679 2984 843 3036 auditoriis.
862 2983 1010 3034 consulerit
1023 2981 1161 3050 principit.
1182 2980 1329 3047 (Haubold
1347 2981 1377 3030 ds
1395 2995 1452 3029 con·

205 3071 308 3121 staterio
329 3069 482 3136 princepum
510 3069 692 3120 Romanorum
717 3068 901 3134 sp.1.et11.
922 3067 997 3131 Lips.
1017 3071 1091 3120 1788.
1112 3069 1186 3120 1789.
1207 3071 1234 3116 et
1260 3066 1289 3118 iu
1309 3081 1396 3132 epate.
1413 3061 1451 3113 ed.

206 3155 316 3226 Wenck
334 3153 395 3205 Vol.
413 3153 436 3205 1.
454 3169 482 3218 p:
497 3156 654 3220 187-314.)
675 3155 761 3221 quue
780 3168 863 3219 quum
883 3150 964 3203 etiam
982 3151 1181 3217 provinciarum
1195 3149 1344 3202 Praesides
1361 3145 1452 3200 imitati
1517 3163 1518 3200 l

206 3244 310 3302 essent,
329 3238 386 3290 lieri
409 3225 463 3290 non
489 3238 593 3304 potuit,
613 3239 678 3307 quin
703 3237 955 3290 in'desuetudiuem
982 3251 1048 3288 mox
1075 3236 1161 3288 abiret
1186 3240 1264 3288 vetus
1287 3233 1452 3300 judiciorum

206 3326 283 3378 ordo.
312 3325 348 3376 nt
365 3322 453 3389 primo
472 3323 581 3391 quidem
603 3321 771 3390 publicorum
793 3322 959 3388 judiciorum
977 3322 1045 3373 ordo
1063 3319 1091 3370 in
1109 3335 1161 3371 usu
1185 3333 1245 3370 esse
1263 3319 1346 3370 demit
1370 3319 1414 3384 (t.
1429 3321 1451 3368 8.

209 3409 242 3461 D.
256 3409 287 3460 de
303 3407 375 3476 publ.
385 3409 474 3477 jud),
492 3403 520 3458 in
538 3407 633 3463 ceteris
651 3413 715 3473 post
732 3405 953 3459 constitutionem
965 3405 1129 3457 Diocletiani
1146 3404 1211 3469 imp.
1227 3404 1315 3472 (quae
1333 3408 1376 3454 est
1388 3402 1452 3452 Le.

210 3493 283 3562 (ide
293 3493 422 3559 pedaneis
431 3491 581 3560 judicibus)
598 3507 669 3543 nova
687 3490 811 3556 litigandi
828 3492 933 3543 ratione
945 3496 1085 3558 tamquam
1102 3487 1240 3540 communi
1254 3489 1320 3554 jure
1339 3485 1379 3538 uti
1397 3501 1454 3538 coe-

207 3585 304 3644 perunt
320 3575 450 3637 Romani;
477 3589 560 3645 quare
578 3575 765 3644 lastinianus,
784 3593 835 3629 suo
854 3581 975 3640 tempore
992 3575 1084 3627 omnia
1105 3573 1209 3641 judicia
1227 3587 1289 3626 esse
1307 3568 1455 3624 extraordi-

207 3662 290 3727 naria,
309 3666 408 3713 monet.
427 3661 449 3727 i.
467 3665 493 3713 8.
512 3663 536 3713 1.
555 3662 586 3713 de
603 3663 699 3713 interd.
718 3662 759 3713 Cl.
778 3662 812 3712 de
830 3662 949 3726 Savigny
963 3659 1050 3712 Reclct
1068 3654 1112 3710 des
1125 3659 1250 3710 Bes-itaer
1266 3659 1289 3725 i.
1304 3661 1348 3710 34.
1360 3673 1385 3723 p.
1397 3659 1455 3708 450.

207 3748 250 3799 ec.
267 3751 292 3799 a.
310 3746 406 3813 njusa
428 3745 521 3796 asset.
540 3746 564 3797 a.
584 3745 663 3800 Rem.
682 3739 770 3800 1t.tm
790 3746 947 3798 Mittetctter
964 3746 996 3797 Τ.
1014 3745 1035 3797 1.
1054 3745 1074 3811 q.
1092 3748 1134 3796 aa.
1153 3758 1179 3809 p.
1197 3747 1359 3796 roa-roe.
1376 3741 1418 3792 ed.
1432 3744 1456 3791 a.

208 3830 344 3882 Zimmern
363 3830 380 3881 t.
400 3829 416 3880 l.
436 3830 458 3896 ξ.
478 3833 520 3882 89.
538 3829 624 3883 uult.
1157 3823 1161 3828 ’

276 3915 308 3982 g)
328 3913 401 3968 Olim
419 3928 513 3966 omnes
530 3914 591 3967 lites
610 3915 726 3981 agitatae
743 3915 771 3967 in
794 3914 919 3967 comitio:
943 3914 1059 3966 Plautus
1078 3913 1200 3968 Poenulo
1218 3913 1281 3964 Act.
1303 3910 1362 3963 III.
1378 3927 1416 3960 se.
1432 3911 1457 3960 6.

207 4016 231 4057 c.
250 4003 291 4051 12'.
1012 3995 1014 4001 ⁴
1284 4014 1290 4022 ·

488 4068 556 4120 Oros
573 4086 658 4130 mane,
679 4087 782 4138 quaeso,
800 4069 829 4119 tu
846 4068 949 4119 comitio
967 4076 1046 4119 estote
1063 4066 1172 4119 obuiam
1241 4055 1242 4058 ¹

207 4153 309 4204 Postea
326 4150 431 4217 privata
449 4151 559 4220 quidem
573 4153 679 4220 judicia
696 4153 906 4205 instituebantur
919 4152 971 4205 sub
990 4157 1060 4204 tecto
1079 4151 1107 4203 in
1126 4149 1254 4215 basilicis,
1267 4141 1457 4218 quales'erant

208 4234 331 4301 Opimia,
349 4237 431 4300 Julia,
449 4237 561 4290 Porcia:
579 4239 689 4303 publica
707 4240 748 4290 vel
767 4239 795 4290 in
813 4237 933 4302 comitio,
950 4239 992 4290 vel
1010 4235 1039 4289 in
1057 4239 1133 4290 toro:
1152 4237 1275 4288 Pollctus
1294 4235 1360 4286 For.
1378 4233 1455 4284 Rosa.

208 4319 275 4395 122·
294 4324 375 4388 ct‘eq.
395 4321 478 4383 Quod
495 4328 577 4376 uteo
597 4320 767 4376 commodius
785 4323 874 4384 fieret,
893 4323 1050 4386 Marcellus,
1070 4321 1198 4375 Octaviae
1217 4321 1337 4386 Augusti
1354 4317 1455 4370 sororis

208 4403 287 4466 filius,
305 4410 391 4458 totum
409 4408 498 4460 torum
515 4407 582 4460 velis
595 4407 810 4472 obumbraverat,
827 4413 857 4460 ut
873 4406 976 4460 scilicet
993 4412 1069 4458 tanto
1087 4407 1222 4460 salubrius
1241 4405 1377 4471 lidgantes
1393 4417 1455 4454 eon-

170 4563 173 4572 .
208 4486 341 4540 sisterent.
369 4492 479 4554 Quanto
499 4493 659 4557 prudentius
678 4493 747 4545 Cato
768 4493 814 4546 ille
833 4493 981 4544 Censorius
1005 4493 1094 4544 forum
1113 4490 1262 4545 muricibus
1280 4489 1456 4544 sternendum

124 4579 151 4640 ‚¹
207 4577 363 4625 censueratt
383 4576 445 4627 Vid.
466 4576 593 4630 Broidaei
615 4577 712 4632 Coreli.
730 4579 767 4630 cd
781 4577 879 4630 Pottet.
888 4577 951 4644 scr.
970 4579 1049 4630 Rom.
1062 4594 1093 4644 p.
1112 4579 1153 4630 18.
1171 4575 1251 4628 Heia.
