3080 5154
399 368 454 436 na
478 368 574 438 June
598 369 687 438 Nan.
712 368 826 440 (im.
850 392 897 440 nr
921 369 998 440 Crv.
1250 334 1325 447 xfl·

74 543 351 624 recusante-das
363 544 640 608 mm
656 563 820 611 mm
829 565 945 610 messa
956 539 1078 629 reperti
1093 554 1175 610 unt.
1193 547 1233 610 Ie
1245 552 1332 614 onst

52 647 200 735 'denique
210 655 292 734 jure
316 652 402 712 crbs'ls'
416 654 605 732 cequrtntem
626 652 837 733 relr’puerunt:
859 653 955 716 cndu
976 657 1046 735 spru
1070 663 1249 718 mmm.
1271 654 1327 718 stc

73 759 172 824 multa
186 743 350 824 invenere
359 755 592 842 jureconsulti,
607 755 711 822 multa
729 757 1007 842 disputationibus
1022 760 1088 824 suis
1108 781 1146 824 ac
1161 763 1327 847 responsis

72 867 271 932 invexenmt
283 867 317 928 in
334 865 453 945 forum,
474 884 559 949 quae
577 884 639 926 nec
655 862 734 950 lege
752 864 834 948 ulla,
848 885 911 929 nec
929 867 1100 931 Praetoris
1120 867 1231 932 edicto
1247 890 1327 932 con-

73 976 184 1038 stituta
197 973 342 1037 finerant.
357 973 403 1036 Et
418 971 501 1034 baec
516 971 652 1036 decreta
667 973 712 1035 ob
725 981 895 1038 anctorum
907 973 1078 1039 dumtaxat
1095 975 1327 1042 celebritatem

73 1081 133 1144 vim
150 1080 327 1166 quamdam
343 1079 456 1164 legum
483 1079 670 1161 obtinuere,
690 1087 724 1142 et
745 1089 864 1164 postea
886 1101 994 1147 rerum
1010 1081 1233 1168 judicatarum
1247 1105 1327 1150 con—

74 1188 192 1252 stantia
215 1188 337 1252 firmius
354 1187 542 1252 haeserunt.
553 1186 642 1251 -Vid.
656 1187 754 1252 Vino.
771 1185 918 1252 Gravina
936 1189 976 1250 de
994 1200 1066 1252 ortu
1089 1198 1119 1254 et
1135 1212 1248 1276 progr.
1257 1195 1327 1275 jur.

73 1300 123 1358 aa.
142 1297 174 1378 §-
189 1295 243 1362 43.

462 1557 564 1612 Εοηοι
582 1559 727 1612 autoritas
742 1559 818 1613 im'tio
835 1561 932 1614 mesor.

151 1660 433 1746 Quantacumque
448 1681 530 1725 vero
544 1667 632 1723 esset
645 1667 794 1724 veterum
813 1659 837 1726 J
838 1661 974 1750 (lterum
985 1661 1180 1728 auctoritaie
1195 1658 1327 1749 judices

76 1777 181 1833 tamen
201 1790 272 1834 non
288 1768 487 1852 obligabant
503 1788 616 1831 eorum
629 1787 796 1856 responsa.
811 1769 902 1832 Hinc
916 1769 1038 1833 Cicero
1053 1789 1116 1854 pro
1135 1769 1220 1834 Mur.
1236 1792 1262 1833 c.
1277 1770 1329 1836 13.
1373 1787 1380 1798 “

73 1875 381 1944 Jureconsultorum
406 1897 557 1958 responso
578 1885 674 1958 atquo
695 1877 823 1940 demeto
843 1879 885 1941 ab
909 1876 1095 1943 oratoribus
1119 1881 1221 1940 eucrtr'
1235 1899 1329 1961 saepe

72 1985 217 2066 dkwdo,
232 1991 382 2047 testatur.
396 1983 441 2046 Et
452 1983 487 2046 in
501 1991 582 2044 orat.
598 2003 658 2064 pro
674 1984 714 2044 A.
731 1985 865 2048 omisa
882 2006 908 2048 c.
918 1985 970 2048 24.
986 1985 1176 2069 exemplum
1192 1985 1329 2059 adducit

74 2091 193 2172 Crassi,
211 2089 271 2175 qui
283 2089 458 2174 injudicio
478 2088 706 2154 centumvirali
725 2089 918 2174 obtinuerit,
935 2099 973 2156 ut
989 2091 1174 2157 Scaevolae
1190 2113 1327 2178 respon-

73 2220 135 2262 sum
164 2199 301 2262 minime
329 2196 468 2260 valeret.
497 2196 610 2275 Quare
636 2201 714 2259 tunc
738 2217 781 2259 ne
803 2198 979 2282 signabant
998 2200 1131 2284 quidem
1156 2221 1328 2284 responsas
1408 2277 1410 2297 Ι

73 2306 107 2368 Ι..
125 2305 158 2368 2.
176 2306 207 2386 §.
224 2306 278 2367 47.
297 2306 338 2366 Ι).
357 2308 397 2367 dc
423 2307 510 2388 Orig.
524 2308 595 2388 jur.
616 2307 724 2381 (certe
741 2303 776 2367 id
793 2325 861 2366 non
880 2305 1059 2370 videbatur
1076 2301 1328 2390 necessarium),

74 2421 105 2476 et
119 2413 320 2498 plerumque
334 2411 635 2476 utebanturverbis
647 2388 796 2476 'suanum
817 2411 855 2473 Ι.
869 2411 899 2474 3.
911 2412 940 2493 S.
955 2411 985 2475 1.
1003 2415 1045 2474 D.
1060 2415 1098 2477 de
1113 2413 1256 2477 Menon.
1268 2417 1329 2498 οἱς.

74 2525 209 2604 potuque
224 2541 300 2583 ann.
318 2533 483 2602 unsrun,
505 2535 612 2603 roro,
628 2533 760 2584 sensio.
777 2527 840 2582 etc.
862 2518 1009 2585 Duaren.
1026 2523 1115 2606 Βίῳ.
1135 2541 1209 2586 ann.
1224 2521 1329 2588 ΙΙ.11.

70 2650 101 2710 p.
118 2627 213 2690 1064.
236 2635 275 2692 ut
297 2648 340 2690 ne
358 2613 465 2714 judici
485 2625 713 2712 praescribere
742 2625 940 2694 sententiam
963 2629 1166 2694 viderentur.
1190 2629 1263 2696 Imo
1284 2631 1328 2696 ob
1400 2665 1407 2672 ·

77 2735 229 2800 eamdem
240 2756 387 2800 caussam
405 2735 566 2817 omnibus,
589 2735 707 2819 quibus
731 2742 819 2800 esset
835 2735 1017 2800 studiorum
1042 2737 1173 2820 fideus,
1196 2738 1329 2824 dejure

76 2843 279 2928 respondere
293 2843 434 2908 licebatr
456 2843 495 2906 L.
509 2842 540 2906 2.
555 2843 584 2924 §-
596 2841 647 2904 47.
669 2843 710 2903 1).
727 2843 766 2904 de
784 2843 872 2946 Ortg.
887 2843 984 2906 Jcrr's.
998 2849 1030 2924 ι)

245 3131 382 3202 Aupmtsoe
399 3129 552 3204 quibusdum
565 3128 735 3200 priuilepium
753 3129 824 3183 dedit
842 3129 950 3199 dejure
968 3131 1153 3198 respondendi.
1318 3199 1326 3208 ·

155 3231 227 3296 Sed
255 3233 319 3296 ieta
342 3231 481 3297 mutavit
508 3230 688 3314 Augustus,
719 3231 776 3315 qui
799 3231 923 3316 primus
946 3229 1171 3314 respondendi
1196 3229 1238 3293 de
1252 3231 1330 3315 jure
1361 3305 1363 3312 ¹

76 3339 268 3404 facultatem
287 3341 385 3406 certis
395 3348 522 3405 tantum
537 3338 724 3403 bominibus
737 3339 892 3404 beneficii
901 3337 979 3402 loco
996 3337 1143 3420 indulsit,
1166 3337 1331 3405 adstrinx-

75 3446 165 3533 itque
182 3447 328 3533 judices,
348 3457 385 3512 ut
402 3469 447 3512 ne
468 3450 510 3512 ab
530 3467 643 3511 eorum
668 3445 834 3531 responsis
851 3423 1075 3511 discederent:
1091 3445 1158 3529 §.8.
1177 3447 1254 3510 Inst.
1270 3447 1330 3509 bt.

75 3555 335 3639 1..2.§.an.1).
354 3557 392 3618 de
407 3557 493 3639 orig.
501 3558 571 3639 jur.
595 3553 753 3633 Quamvis
773 3554 861 3618 enim
880 3552 914 3618 in
934 3554 1069 3621 dubium
1088 3554 1122 3619 id
1142 3562 1241 3620 vocet
1259 3555 1331 3620 Jac.

77 3661 304 3728 Gotbofredus
326 3667 359 3726 ἐκ
376 3664 541 3728 comment.
561 3665 606 3726 ad
629 3663 666 3726 c.
693 3663 805 3726 Tbeod.
828 3661 894 3726 Lat.
912 3663 938 3724 1.
964 3663 1022 3725 ll't.
1039 3663 1070 3724 4.
1089 3686 1123 3746 p.
1136 3663 1188 3728 32.
1205 3663 1257 3726 35.
1274 3663 1331 3728 ubi

76 3769 157 3835 banc
174 3771 414 3856 jureconsultis
434 3771 664 3835 auctoritatem
684 3769 803 3854 partim
815 3769 885 3854 jam
899 3778 978 3833 ante
999 3770 1184 3855 Augustum
1208 3767 1331 3832 salvam

77 3877 192 3964 finisse,
223 3879 345 3965 partim
371 3877 516 3965 denique
547 3901 567 3941 a
593 3875 833 3942 Valentiniano
858 3873 922 3940 III.
944 3877 1027 3962 Imp.
1053 3876 1231 3955 stabilitam
1260 3896 1330 3938 esse

142 4118 174 4186 a)
195 4119 279 4170 Errat
298 4131 365 4184 ergo
384 4115 554 4184 'rmophitus
572 4116 593 4183 ξ.
610 4118 637 4168 8.
655 4114 688 4166 ds
704 4114 776 4168 ders
796 4122 851 4168 aar.
867 4123 938 4183 pent.
957 4122 983 4166 et
998 4116 1048 4167 cio.
1066 4111 1114 4166 ubi
1127 4112 1331 4179 jureconsultus

77 4208 153 4278 vocnt
170 4201 287 4270 σοφούς,
304 4197 348 4261 οἷς
364 4201 395 4253 ro
411 4204 572 4264 νομοθετῶν
583 4191 599 4266 ἢ
611 4201 709 4265 δῆμος,
725 4192 914 4267 letanter,
933 4189 1094 4265 ἢβασιλεὺς
1109 4192 1245 4262 ἐπέτρεψε,
1262 4198 1333 4265 upi-

78 4295 154 4352 eetcs,
173 4286 267 4355 ustibus
275 4289 348 4358 flua
365 4289 478 4340 mam
497 4285 743 4354 castrametatum
759 4295 872 4348 senates,
889 4291 936 4336 aut
949 4280 1075 4350 princeps
1093 4283 1225 4335 concessit.
1244 4283 1331 4336 Num·

79 4387 158 4438 quam
175 4371 248 4425 errirn
264 4371 296 4424 in
315 4372 401 4425 libere
416 4371 556 4438 republica
571 4373 616 4424 ecl
633 4369 737 4438 populi,
755 4371 799 4421 vel
817 4370 934 4422 Senams
951 4365 1141 4428 concessibus,
1159 4381 1230 4432 opus
1248 4367 1333 4420 fnisse

79 4456 247 4522 amonensis
259 4457 296 4510 de
310 4454 570 4524 jure,tnteron1nes
582 4461 696 4513 conam
710 4456 795 4508 ‘Haisa
815 4449 1032 4524 [*‘rnoopttbrnr
1048 4455 1143 4503 onuba
1156 4452 1333 4506 Heineocium

81 4538 195 4594 defendit
212 4542 288 4598 Guil.
309 4542 377 4596 ouo
395 4539 518 4596 Reitziue
536 4542 572 4595 nd
589 4541 732 4608 Tbcopbib
751 4543 770 4593 1.
788 4541 805 4593 t
824 4541 856 4591 Τ.
876 4539 897 4590 1.
916 4553 943 4606 p.
961 4543 1004 4592 38.
1024 4543 1079 4593 not.
1097 4533 1139 4604 rt]
