3080 5154
404 371 459 440 Da
484 373 647 442 lucanus
672 395 718 442 un
742 374 956 445 marsis.
1107 473 1111 478 Ι
1262 383 1366 450 91.

64 545 177 610 inflicta
192 545 294 650 alapa
308 545 396 615 iiber
418 545 656 614 dimittebatur.
676 549 766 612 Hinc
780 549 873 614 Pers.
885 551 955 616 Sat.
971 552 1007 616 V.
1031 573 1059 616 o.
1072 552 1124 618 7⁵.
1144 554 1188 617 de
1203 554 1310 618 Dama

65 675 158 736 servo,
173 653 208 716 in
228 675 343 738 gyrum
361 661 453 718 actor
785 683 790 696 ·

217 813 262 824 —
276 777 352 839 Heu
371 781 492 841 steriles
510 783 587 852 ocri,
608 781 719 860 quibas
737 802 803 842 aaa
823 782 975 859 Quiritem

226 883 355 967 Vertigo
365 886 469 963 facit:
493 887 540 948 Itio
557 887 664 948 Dama
682 896 739 960 est,
762 909 824 950 non
840 893 949 951 tressis
964 911 1073 972 agaso,

226 989 259 1052 V
254 1013 337 1072 appa
351 1002 383 1053 ct
396 995 508 1074 lippus,
521 1001 551 1054 et
565 997 598 1054 in
616 997 706 1055 tenui
708 995 885 1078 farragine
898 998 1042 1084 mendac.

226 1097 362 1160 Verterit
382 1101 466 1162 barno
485 1101 638 1174 dommus,
654 1113 807 1164 momento
821 1105 953 1166 turbinis
971 1108 1038 1167 ecit

221 1205 354 1269 Marcus
376 1208 483 1269 Dama
497 1243 931 1260 --------

67 1330 171 1416 Virga,
192 1353 260 1416 qua
272 1351 383 1393 servus
399 1329 657 1415 percutiebatur,
672 1333 808 1397 vindicta
827 1342 948 1397 vocata
962 1342 1020 1398 cst.
1041 1333 1087 1397 Et
1106 1334 1148 1399 de
1165 1355 1205 1398 aa
1222 1333 1309 1398 idem

65 1439 186 1502 Persius
212 1439 280 1500 Sat.
302 1439 336 1499 V.
349 1459 377 1502 u.
393 1437 444 1501 88.

228 1562 381 1636 Vindicta,
398 1569 566 1646 postquam
581 1584 670 1626 meus
686 1585 707 1625 c
727 1563 884 1626 Praetore
896 1566 1019 1626 recessi.

68 1685 152 1749 Gonf.
168 1683 288 1749 Claud.
305 1685 430 1768 Paneg.
445 1685 483 1747 de
495 1685 553 1748 IV.
569 1685 659 1748 Gaas.
673 1686 812 1750 Hortarii
825 1707 852 1750 c.
867 1685 939 1750 612.
953 1687 1008 1750 De
1025 1685 1129 1776 alapis
1148 1687 1181 1749 in
1198 1708 1313 1751 manu-

66 1793 210 1858 missione
228 1792 360 1857 inflictis
378 1791 448 1876 legi
467 1800 611 1858 meretur
627 1791 724 1878 Casp.
746 1794 859 1858 Barth.
879 1795 923 1856 ad
939 1797 1076 1858 Brittan.
1100 1794 1159 1858 sub
1174 1795 1310 1877 Philipp.

61 1924 89 1984 p.
97 1901 164 1964 406.
179 1903 227 1982 ¹¹).
245 1901 300 1964 Dc
313 1899 453 1963 formula
470 1899 721 1964 manumittendi
734 1903 823 1966 Fesc
838 1922 921 1968 voce
935 1905 1118 1966 manumitti
1127 1908 1161 1964 et
1168 1901 1310 1965 Brisson.

66 2011 99 2072 de
112 2013 219 2072 Form.
237 2011 323 2071 VIII.
330 2030 365 2092 p.
378 2008 449 2072 724.
466 2008 640 2094 Singulare
656 2016 716 2091 est,
741 2009 831 2096 quod
847 2011 977 2075 notavit
992 2009 1165 2096 Appianus
1180 2012 1220 2072 dc
1235 2011 1313 2072 bello

66 2121 111 2179 cic.
119 2119 175 2182 IV.
191 2117 264 2182 135.
280 2117 472 2182 Labeonem
484 2117 674 2182 moriturum
693 2139 820 2181 servum
834 2118 1017 2202 quemdam,
1034 2139 1132 2204 quern
1148 2116 1211 2180 sibi
1222 2116 1311 2182 fidis-

66 2225 169 2306 simum
196 2226 348 2309 putabat,
371 2225 405 2286 in
424 2224 639 2290 tabernaculo
665 2224 785 2290 dextra
809 2225 1047 2310 adprehensum
1072 2225 1311 2310 circumegisse,

66 2354 201 2420 moxque
218 2333 251 2395 ei
271 2334 463 2417 praebuisse
475 2334 638 2419 jugulum.
663 2335 713 2398 Ea
732 2355 810 2398 saue
832 2333 1040 2398 manumissio
1063 2353 1131 2396 non
1150 2332 1213 2396 fuit
1230 2332 1313 2398 baec

66 2439 225 2504 sollemnis
240 2462 303 2525 per
314 2440 493 2506 vindictam
516 2450 661 2526 peracta,
683 2442 808 2528 quippe
824 2463 921 2526 quam
937 2441 971 2506 in
983 2442 1061 2527 jure
1079 2439 1151 2504 ficri
1177 2446 1314 2524 oporte-

66 2548 116 2612 bat
130 2551 173 2631 1),
197 2548 256 2612 sed
274 2548 341 2612 alia
361 2550 501 2634 privata,
521 2559 555 2613 et
571 2551 682 2614 mortis
705 2572 818 2616 caussa
838 2551 935 2634 facta,
960 2571 1050 2636 quae
1065 2556 1190 2613 tanturn
1209 2548 1314 2612 liber-

47 2663 160 2718 statem
166 2656 321 2722 Latinam
333 2658 519 2722 tribuebat:
534 2657 582 2722 uti
594 2679 664 2724 rem
675 2667 765 2723 recte
775 2657 921 2745 explicat
927 2658 1091 2724 Merillius
1103 2659 1174 2722 Oba.
1186 2657 1217 2720 V
1214 2661 1256 2722 II.
1263 2657 1313 2720 14.

65 2784 96 2844 p.
107 2764 152 2826 25.

643 2874 672 2955 §.
693 2873 724 2937 6.

459 3005 634 3062 Mammam
646 3023 701 3076 por
719 3014 910 3060 testamentum·

140 3122 297 3186 Adcessit
311 3142 412 3207 porro
427 3122 490 3186 III.
507 3122 697 3208 exlegibus
713 3123 787 3186 XII
806 3121 1008 3186 Tabularum
1025 3121 1233 3184 manumissio
1249 3137 1315 3185 run

68 3246 328 3312 rossemannum
346 3251 421 3315 qua,
443 3231 469 3293 si
484 3233 601 3316 quibus
616 3231 752 3294 libertas
767 3229 900 3294 daretur
914 3227 1024 3294 verbis
1041 3227 1189 3290 directis:
1205 3243 1315 3294 usvus

68 3354 188 3406 suavus
209 3353 302 3403 neus
317 3356 418 3402 ursan
436 3357 531 3423 esso,
553 3339 667 3407 liberti
686 3338 846 3424 ejusmodi
865 3341 1069 3409 vocabantur
1091 3337 1202 3404 Orctni
1223 3333 1315 3420 (Gaj.

69 3445 392 3529 inst.11.2ov.),seu
422 3449 621 3525 Charondae,
648 3447 742 3532 quasi
768 3447 824 3531 qui
846 3446 972 3510 nullum
994 3451 1178 3529 patronum,
1203 3441 1265 3506 nisi
1280 3442 1315 3504 iir

68 3575 150 3638 orco,
172 3555 355 3618 baberent:
377 3555 448 3619 Jac.
464 3555 575 3641 Cujac.
595 3555 667 3618 Oba.
682 3557 741 3617 III.
758 3553 809 3618 23.
836 3554 894 3617 Sin
919 3551 1027 3616 verbis
1046 3551 1223 3638 precativis
1242 3569 1317 3613 usus

70 3673 147 3728 esset
168 3670 331 3728 testator:
352 3681 441 3726 noco
458 3681 621 3729 nanaoau
634 3681 744 3746 mauu,
759 3681 805 3727 uu
826 3679 944 3727 nsvun
961 3678 1202 3741 manuninum,
1219 3659 1316 3723 heres

69 3771 250 3836 fiduciarius
272 3771 441 3839 retinebat
456 3773 533 3858 jura
548 3778 750 3857 patronatus.
782 3770 842 3834 Sin
863 3770 1008 3854 denique
1026 3770 1060 3832 in
1081 3777 1204 3834 certum
1228 3765 1317 3830 diem
1393 3837 1396 3840 ,

69 3880 189 3944 velsub
210 3879 404 3943 conditione
428 3881 558 3944 cuidam
582 3880 717 3944 daretur·
736 3880 889 3943 libertas:
911 3879 938 3942 is
961 3879 1126 3940 statuliber
1147 3875 1316 3957 audiebat,

68 4007 124 4050 nec
138 3986 273 4072 plenam
286 3987 486 4071 libertatern,
501 3989 564 4052 nisi
579 3988 736 4053 veniente
758 3987 826 4072 die,
842 3985 897 4051 vel
916 3985 1096 4050 exsistente
1112 3982 1316 4067 conditione,

131 4218 166 4284 k)
187 4217 254 4272 Vid.
271 4222 299 4268 et
316 4215 514 4280 Unterbolmrer
532 4216 549 4269 l.
567 4215 586 4268 l.
602 4231 630 4282 p.
650 4221 707 4270 156.
732 4215 818 4268 Mitt.

137 4305 161 4369 Ι)
181 4303 328 4355 caeterum
345 4303 430 4354 malta
447 4319 483 4354 ex
500 4300 558 4365 bis,
576 4317 647 4370 quae
664 4301 729 4354 olim
751 4301 904 4354 necessaria
920 4300 980 4354 visa
998 4287 1064 4351 sunt
1079 4297 1109 4350 in
1126 4296 1318 4350 manumissio-

70 4399 131 4440 num
147 4388 210 4454 rito,
228 4386 332 4440 sensim
345 4386 566 4456 pedetentimque
583 4387 612 4438 in
628 4385 833 4439 desuetudinem
850 4386 987 4450 abierunt,
1001 4398 1057 4453 qao
1075 4381 1103 4436 ia
1120 4396 1219 4446 genere
1236 4383 1318 4436 etiam

71 4475 124 4523 erat
138 4472 385 4525 manumissionum
402 4487 453 4538 pro
471 4471 600 4524 tribunati
620 4473 841 4525 celebrandarum
858 4470 1014 4524 necessitas.
1026 4466 1091 4519 Vid.
1106 4467 1140 4520 L.
1152 4471 1179 4520 7.
1192 4472 1217 4522 8.
1238 4470 1274 4522 D.
1286 4468 1318 4522 te

73 4569 178 4610 mosum.
197 4559 268 4612 nmd.
279 4583 313 4596 ·-
326 4559 360 4610 us.
378 4557 410 4610 L.
422 4561 466 4610 23.
484 4559 540 4612 scd.
554 4585 589 4599 -
607 4557 802 4612 ussermann
819 4559 836 4612 l.
854 4559 873 4611 1.
891 4571 918 4623 p.
939 4558 996 4609 14⁶.
1013 4569 1074 4622 sqq.
1093 4549 1181 4606 Mitt
1251 4546 1268 4626 ,¹
