3080 5154
232 329 281 396 40
708 323 782 390 Lm
811 322 837 390 1.
862 324 941 390 Trr.
967 324 1011 392 II.
1078 361 1081 367 ,

232 498 400 563 comitium
415 497 457 562 ad
483 506 599 561 rostra·
618 495 848 581 confluxisset,
872 519 995 582 praeco
1019 499 1159 582 primum
1184 501 1296 586 legem
1317 505 1499 576 recitabam

231 607 310 671 dein
325 607 353 670 is
368 607 575 690 plerumque,
602 606 659 690 qui
686 615 860 692 rogaturus
886 616 969 688 erat,
994 608 1144 672 camdem
1160 611 1322 682 mdabat,
1344 610 1444 694 quod
1462 619 1499 674 et

232 715 290 778 alii
306 715 475 777 faciebant
489 732 744 797 nonnumquam.
772 714 846 776 Nec
860 713 1011 796 deerant,
1026 715 1084 799 qui
1099 718 1329 790 dissuedmm,
1343 715 1380 780 id
1396 718 1498 801 quod

233 841 331 906 quum
342 819 467 884 tribuni
477 818 598 904 plebis,
607 829 674 883 tum
688 819 787 883 etiam
803 821 937 904 privati,
951 821 979 884 si
995 822 1114 905 quibus
1129 843 1149 886 a
1162 823 1355 907 magistratu
1367 824 1498 887 concio
1534 875 1535 880 ,

232 929 388 1009 dabatur,
411 927 524 990 iacere
548 936 714 1012 poterant.
736 928 808 991 Liv.
831 929 934 990 XLV.
955 929 1007 992 21.
1029 929 1284 1015 Nonnumquam
1308 931 1389 994 etii
1414 931 1496 1016 ipsi,

232 1036 289 1120 qui
303 1036 415 1119 legem
434 1035 583 1118 rogaturi
606 1043 716 1117 erant,
739 1056 811 1098 eam
838 1034 1087 1119 dissuadebant,
1112 1037 1139 1100 si
1161 1037 1249 1100 forte
1271 1058 1338 1100 non
1355 1058 1400 1100 ex
1421 1061 1497 1121 sua,

230 1142 290 1206 sed
311 1137 443 1205 senatus
461 1143 643 1225 sententia,
662 1141 774 1228 legem
796 1141 933 1206 ferrent.
961 1143 1159 1227 Exemplum
1183 1144 1314 1207 Pisonis
1333 1144 1497 1209 Consulis

231 1247 337 1314 refert
352 1248 421 1312 cie.
437 1250 538 1332 Epist.
553 1250 599 1312 ad
609 1251 678 1312 Att.
694 1255 722 1312 1.
734 1249 800 1332 14,
817 1249 870 1312 cui
892 1271 965 1313 cum
979 1249 1089 1314 fructu
1106 1251 1220 1332 addes,
1238 1271 1324 1336 quae
1340 1272 1403 1315 nos
1424 1253 1497 1316 dis-

231 1356 390 1420 seruimus
407 1360 441 1418 irs
466 1357 634 1420 comment.
655 1359 700 1419 ad
720 1357 799 1440 Leg.
821 1358 884 1420 Jul.
904 1366 936 1421 et
957 1359 1093 1441 Papium
1113 1359 1182 1422 Ia'd.
1200 1363 1228 1422 1.
1248 1381 1316 1442 cap.
1335 1360 1366 1421 4.
1385 1381 1423 1444 ιι.
1440 1360 1496 1424 84.

232 1463 334 1551 [lber.
347 1464 417 1525 VII.
437 1462 531 1550 Opp]

818 1582 848 1663 ι.
865 1581 896 1644 7.

703 1697 831 1766 Auspicis
849 1705 875 1749 ct
890 1697 1001 1750 sortitio.
1147 1765 1154 1783 ‘

310 1795 445 1860 Auditis
458 1795 674 1877 orationibus,
690 1797 986 1883 praesentibusque
1002 1798 1229 1862 sacerdotibus
1246 1807 1280 1862 et
1295 1798 1411 1862 divina
1428 1821 1495 1863 ex·
1534 1783 1535 1788 ἵ

228 1903 441 1988 ponentibus,
455 1903 486 1984 ¹)
516 1905 619 1965 sitella
639 1883 694 1967 uel
714 1925 800 1966 arno
822 1905 1051 1994 deferebatur,
1075 1907 1110 1968 in
1137 1927 1234 1991 quam
1258 1907 1494 1992 conjicieban-
1534 1895 1535 1934 l

227 2019 282 2075 tur
297 2010 517 2073 centuriarum
533 2010 678 2073 nomina.
705 2011 840 2076 Deinde
859 2013 1002 2076 sortibus
1017 2013 1168 2098 aequatis
1182 2014 1284 2077 fiebat
1298 2019 1421 2076 sortitio
1436 2021 1494 2095 Ι).

228 2117 326 2196 Quae
350 2117 458 2202 prima
478 2125 567 2180 sorte
598 2116 743 2201 exierat,
778 2120 884 2204 prima
912 2119 1044 2183 ferebat
1076 2119 1246 2204 suffragia,
1279 2128 1380 2205 atque
1406 2121 1493 2183 inde

227 2242 498 2307 rnsssccsrrvs,
507 2224 659 2308 proxime
675 2236 852 2311 sequentes
867 2245 973 2290 esino
984 2243 1139 2290 rrocsrss
1153 2229 1368 2291 vocabantur.
1388 2227 1495 2292 Reli·
1534 2261 1535 2316 i

228 2354 313 2418 quae
337 2350 424 2397 tuns
441 2348 596 2396 vocatus
619 2332 815 2398 dicebantur
829 2325 1115 2398 Ascon.'Pedian.
1129 2338 1162 2398 s'n
1179 2335 1240 2397 Cic.
1256 2335 1386 2397 dsbsism.
1399 2358 1437 2429 p.
1451 2359 1494 2398 m.
1534 2317 1535 2322 ἵ

227 2439 321 2502 1819.
340 2440 413 2502 Liv.
430 2439 471 2500 X.
482 2439 534 2501 22.
551 2439 622 2499 XX
622 2439 695 2501 VII.
707 2440 737 2502 6.
751 2443 783 2521 ¹¹)
810 2441 1009 2525 Exemplum
1030 2449 1080 2504 est
1103 2440 1137 2503 in
1159 2440 1238 2526 lege
1254 2441 1383 2504 Thoria
1397 2443 1494 2526 apud

228 2525 343 2628 Sigon.
359 2546 483 2606 deAnt.
491 2547 570 2626 jure
585 2547 659 2605 Ital.
673 2548 720 2606 11.
737 2546 768 2608 2.
780 2569 812 2628 p.
828 2546 900 2610 638.

816 2698 845 2780 ι.
867 2698 897 2761 s.

477 2809 636 2863 Intercessio
646 2811 761 2880 saetas
784 2811 916 2880 tatonis,
933 2813 1095 2884 Aspuribss,
1118 2813 1188 2868 coss.
1203 2816 1231 2884 ο)

311 2913 450 2977 Interim
464 2909 590 2975 licebat
605 2912 656 2995 iis,
669 2901 807 2998 quorum
823 2915 994 2996 intererat,
1005 2913 1075 2999 legi
1086 2915 1288 2978 intercedere.
1300 2915 1496 2981 Faciebant

227 3022 264 3086 id
276 3023 407 3084 necui
415 3021 515 3102 plebis
530 3019 685 3085 sollemni
700 3021 760 3086 illo
778 3041 873 3086 vanc.
883 3023 957 3088 Liv.
975 3023 1109 3087 V11.17.
1125 3024 1195 3086 XX
1196 3025 1268 3086 VH.
1279 3023 1310 3086 6.
1324 3023 1495 3088 Xnml.

298 3228 323 3294 Ι)
342 3225 461 3292 Dionys.
479 3225 519 3276 X.
531 3229 575 3277 32.
594 3225 709 3278 schum
727 3227 745 3278 l.
764 3227 783 3278 1.
797 3240 824 3292 p.
838 3231 898 3280 24³.
916 3227 1097 3294 Eandemque
1114 3225 1177 3278 side
1195 3227 1229 3278 de
1246 3225 1421 3280 comitiorum
1438 3243 1496 3280 au-

230 3313 325 3380 spiciis
342 3329 371 3378 p.
384 3313 548 3364 als—242.
567 3309 601 3360 cl.
620 3313 648 3360 et
664 3311 797 3363 Huschke
814 3313 832 3364 l.
845 3313 861 3364 1.
875 3325 901 3376 p.
918 3315 979 3364 419.
996 3327 1037 3378 sq.
1061 3309 1148 3364 Mitti.

299 3397 342 3462 m)
363 3394 528 3462 Sequiorum
543 3400 696 3459 temporum
714 3401 755 3448 est
772 3399 838 3450 haec
854 3397 963 3448 tornae.
981 3396 1040 3450 Sub
1051 3395 1141 3448 Tullio
1158 3393 1231 3446 enim
1243 3395 1319 3461 Rege
1336 3393 1442 3461 primae
1455 3398 1497 3450 ad

230 3477 387 3546 suffragium
411 3480 578 3532 vocabantur
603 3478 716 3532 maximi
737 3497 835 3534 census
859 3481 1010 3545 centuriae,
1036 3479 1064 3534 in
1086 3479 1177 3546 prima
1201 3483 1228 3530 et
1254 3479 1375 3533 aecunde
1400 3483 1498 3534 classe

230 3562 391 3628 descriptae,
409 3579 488 3630 quae,
506 3564 571 3632 quis
588 3565 707 3632 reliquas
725 3579 839 3616 numero
858 3567 1033 3631 superabant,
1048 3567 1209 3632 plerumque
1225 3579 1282 3615 rem
1297 3563 1497 3631 conficiebant,
1534 3621 1535 3634 ι

172 3687 178 3696 .
230 3656 263 3704 ut
280 3650 349 3702 adeo
372 3661 434 3700 raro
458 3653 620 3702 vocarentur
637 3651 765 3718 reliquae.
791 3642 907 3716 Dionys'.
933 3651 996 3703 Hal.
1022 3652 1112 3719 Ants'q.
1135 3650 1214 3701 Rom.
1229 3648 1281 3700 IV.
1295 3653 1337 3702 20.
1362 3648 1426 3701 VII.
1445 3656 1497 3706 ⁵9.

119 3733 123 3742 '
230 3735 290 3788 Lis.
309 3735 331 3786 1.
349 3735 392 3785 43.
409 3732 489 3784 Heia.
509 3733 551 3785 ct.
564 3735 681 3787 Schulzc
698 3737 717 3788 l.
732 3738 749 3789 1.
763 3751 791 3801 p.
803 3739 862 3788 310.
875 3751 915 3803 sq.
927 3750 955 3801 p.
966 3739 1026 3788 333.
1039 3750 1080 3802 sq.
1098 3735 1230 3788 Huschke
1247 3735 1264 3786 1.
1280 3735 1298 3786 l.
1311 3750 1337 3801 q.
1349 3738 1411 3786 421.
1424 3738 1497 3788 422.

231 3823 293 3874 349.
305 3834 346 3885 sq.
358 3821 417 3868 not.
431 3821 472 3870 43.
496 3816 584 3869 must.

300 3903 335 3970 n)
356 3901 471 3955 Schulse
489 3917 515 3968 p.
528 3906 589 3956 339.
602 3919 643 3972 sq.
655 3903 787 3956 Huschke
798 3920 824 3969 p.
836 3907 896 3957 621.
906 3933 940 3943 -
951 3903 1102 3968 Caeterum,
1120 3920 1155 3955 ex
1174 3919 1230 3972 quo
1248 3904 1385 3956 centuriae
1396 3908 1498 3968 partes

232 3989 320 4041 iactae
337 3993 401 4040 suut
415 3985 535 4039 tribuum
549 3988 621 4055 (Cic.
634 4004 673 4042 or.
687 4004 739 4055 pro
751 3988 865 4041 Plancio
876 4005 899 4040 c.
913 3993 956 4043 20.
975 3990 1010 4041 de
1022 3987 1141 4056 savigny
1153 3988 1182 4041 iu
1196 3989 1324 4056 Hugonis
1343 3987 1394 4040 civ.
1410 3989 1498 4056 Mag.

233 4071 283 4126 111.
298 4074 347 4126 Νι.
358 4073 440 4125 XVI.
459 4071 575 4124 schulze
592 4075 609 4125 l.
622 4075 638 4125 l.
656 4089 683 4140 p.
700 4079 744 4128 71.
763 4089 804 4142 sq.
824 4090 849 4141 p.
869 4078 929 4126 311.
945 4087 986 4140 sq.
1003 4075 1135 4126 Huschke
1152 4075 1170 4125 1.
1187 4075 1206 4126 l.
1225 4089 1251 4140 p.
1268 4078 1328 4126 618.
1340 4073 1397 4140 sq.)
1417 4088 1498 4127 nou-

232 4173 383 4226 numquam
395 4165 422 4210 et
433 4155 517 4208 tribus
528 4157 731 4224 praerogativae
749 4159 852 4211 mentio
870 4160 911 4222 ut,
925 4174 980 4227 quo
999 4157 1110 4226 quidem
1121 4157 1231 4210 nomine
1243 4175 1275 4210 ea
1289 4158 1497 4226 appellabatur,

233 4241 262 4295 in
281 4259 335 4310 qua
352 4248 411 4295 erat
426 4242 561 4307 centuria,
579 4257 651 4310 quae
668 4248 741 4295 sorte
759 4243 835 4309 prior
852 4244 963 4296 exierat.
981 4243 1040 4296 Lis.
1059 4245 1094 4298 V.
1113 4247 1152 4296 18.
1171 4244 1298 4296 XXVII.
1313 4247 1338 4296 6.
1361 4243 1451 4297 Miibt.

304 4330 338 4395 o)
359 4328 459 4382 Miscet
475 4329 527 4380 hoc
544 4326 572 4380 iu
591 4329 651 4379 loco
668 4331 772 4381 Arrotor
795 4327 975 4382 obnuntiaudi
994 4327 1042 4394 jus
1070 4345 1107 4380 ex
1124 4327 1253 4395 auspiciis
1265 4327 1408 4393 sinistris,
1427 4347 1497 4384 cum

232 4412 295 4478 jure
312 4411 524 4468 intercessionis.
557 4415 628 4466 Nam
646 4414 812 4466 intercedere
828 4429 883 4465 non
901 4413 978 4467 licuit
993 4411 1210 4480 magistratibus,
1228 4417 1336 4479 praeter
1353 4411 1496 4480 tribunos,

234 4495 288 4550 uisi
305 4495 334 4549 iu
353 4504 457 4553 senatu
477 4499 621 4553 Schulzel.
634 4501 653 4552 l.
670 4514 698 4566 p.
714 4502 774 4552 250.
792 4514 834 4567 sq.
853 4497 940 4551 Mitt.
