3062 5164
211 356 284 424 334
572 351 757 420 Anima
779 347 846 418 lan
870 349 897 416 1.
921 346 1007 418 Gne.
1033 348 1093 417 Vl

211 527 428 611 praenomina
458 526 683 609 accipiebant,
712 546 807 610 quam
836 535 945 590 essent
969 527 1004 588 in
1030 525 1198 590 civitatem
1229 525 1359 590 adsciti:
1394 525 1473 587 Cic.

211 636 313 716 Epist.
329 636 373 695 ad
386 635 457 694 Dio.
478 634 568 696 XIII.
580 633 633 696 36.
654 635 732 695 stam
745 635 906 696 Dentato
923 634 1022 715 Mega
1035 635 1115 695 uulsi
1126 643 1283 696 mustum
1300 635 1473 714 lsosps‘ls'um

211 751 276 806 est:
284 743 494 820 fostrs'ls'orllas
511 751 617 804 outem
633 749 738 813 tosto,
756 751 879 822 quantu
892 763 964 804 cum
982 741 1088 804 Siculo
1106 743 1201 802 nollo.
1230 743 1277 804 ln·
1289 743 1474 810 Dolabella,
1525 733 1526 744 ¹

210 857 326 933 rogato
347 869 429 920 meo,
450 852 605 912 civilorm
626 871 647 912 a
673 850 811 912 Caesare
833 851 1027 930 r'rrrpclrove'l:
1053 870 1115 930 quo
1134 855 1168 912 iu
1190 871 1228 910 re
1247 869 1308 930 ego
1324 849 1472 925 morsare:

210 959 324 1040 Itaque
338 977 424 1018 nunc
443 958 483 1017 P.
506 958 669 1020 Cornelius
686 965 826 1019 vocomr.
844 957 899 1018 Ex
918 979 984 1040 qno
1000 956 1078 1021 loco
1097 956 1198 1020 ctiam
1219 956 1377 1040 adparet,
1397 955 1473 1038 ipsa

211 1064 353 1151 gentilia
375 1064 474 1128 ctiam
492 1064 643 1145 nomina,
659 1072 695 1128 ut
709 1072 745 1128 et
765 1067 965 1148 cognomina
984 1085 1097 1128 eorum
1116 1065 1294 1130 adscivisse
1314 1063 1472 1147 peregri-
1526 1079 1527 1114 1

212 1195 291 1254 nos,
304 1196 324 1235 a
345 1171 463 1256 quibus
482 1171 539 1235 vel
555 1195 692 1257 quorum
711 1194 778 1257 ope
793 1174 925 1237 fueram
942 1173 1077 1237 civitate
1098 1173 1230 1254 donati,
1248 1172 1305 1235 vel
1323 1172 1394 1236 alio
1410 1171 1472 1234 ad-

212 1281 292 1346 fecti
304 1279 470 1371 beneficio
484 1285 527 1361 ⁶).
548 1278 589 1344 Id
609 1281 817 1366 quodetiam
838 1302 881 1344 ex
901 1280 1126 1364 praecedente
1142 1281 1286 1365 epistola
1301 1280 1470 1360 discimus,
1527 1284 1528 1358 l

211 1390 268 1456 ubi
291 1389 334 1453 de
348 1388 550 1470 Philoxeno,
572 1390 630 1474 qui
646 1398 764 1473 postea
785 1389 823 1453 C.
837 1389 985 1454 Avienus
1006 1389 1111 1454 dictus
1132 1390 1197 1453 est:
1214 1390 1341 1452 Nomen
1361 1397 1468 1450 aulem

212 1501 344 1570 Aviani,
360 1497 485 1582 inquit,
501 1507 652 1580 sequutus
669 1507 734 1572 erl,
755 1500 840 1580 qnod
855 1500 977 1562 laomrire
994 1502 1081 1561 nullo
1096 1503 1172 1581 plus
1190 1509 1240 1562 est
1253 1517 1353 1570 usus,
1374 1517 1465 1578 quom

211 1608 325 1668 Flacco
345 1608 482 1680 Aolono,
504 1627 589 1679 mco,
612 1608 867 1687 queamdmodum
888 1615 920 1668 le
942 1610 1022 1670 seire
1043 1609 1189 1681 arbitror,
1202 1607 1465 1684 sauromatem.

212 1713 281 1778 Sed
296 1735 339 1778 ne
357 1713 492 1777 nimium
506 1724 676 1780 excrescat
692 1714 777 1778 haec
794 1713 980 1798 adpendix,
998 1713 1052 1777 hic
1074 1715 1209 1798 quidem
1231 1715 1265 1778 ei
1284 1713 1387 1776 finem
1408 1711 1462 1774 irn-

213 1841 338 1904 ponere
356 1820 459 1884 visum
478 1829 538 1884 est.

282 2030 312 2096 c)
332 2027 474 2094 Peregrini
490 2026 562 2080 cives
580 2027 645 2080 lacti
662 2028 717 2081 duo
734 2028 827 2093 priora
844 2027 963 2092 nomina,
975 2027 1123 2096 aliquando
1140 2033 1168 2080 et
1184 2027 1238 2082 tria
1254 2025 1329 2080 illins
1338 2025 1465 2078 sdsunm

213 2114 288 2179 bant,
305 2113 384 2180 cujus
402 2128 486 2180 opero
502 2114 638 2166 civitatem
657 2114 819 2182 consequuti
836 2119 920 2178 crant,
935 2118 983 2164 aut
1000 2112 1029 2164 in
1047 2115 1126 2182 cujus
1144 2113 1310 2177 clientelam,
1322 2117 1466 2180 postquam

119 2246 124 2250 .
213 2199 348 2252 civitatem
366 2205 533 2265 acceperant,
552 2205 629 2250 erant
646 2199 755 2266 recepti,
773 2200 869 2252 Latius
887 2201 954 2252 haec
972 2201 1091 2253 ostendit
1107 2203 1192 2253 Henr.
1207 2197 1423 2265 Cannegieterus
1439 2198 1467 2248 in

213 2284 282 2338 libro
300 2284 432 2351 singulari
444 2286 476 2337 ae
490 2293 591 2338 mutata
603 2286 788 2338 Romanorum
800 2287 932 2338 nominum
951 2284 998 2338 ml
1012 2284 1185 2355 Principibus
1196 2285 1302 2338 rats'one
1311 2287 1368 2336 cd.
1385 2283 1466 2335 Cena
