3056 5168
227 485 230 489 ²
257 395 330 462 690
701 384 780 458 Lus.
804 381 866 456 IV.
893 381 975 452 Trr.
1000 383 1062 453 Vl.

258 574 334 632 sunt
348 559 584 645 confundendi.
606 559 781 644 Denique,
797 559 824 624 si
847 556 889 621 de
911 559 1172 642 persequutione
1190 556 1238 622 rei
1256 554 1399 640 agebatur,
1415 555 1453 620 da·

260 675 379 737 bantur
392 679 639 752 recuperatores,
654 668 701 732 ita
716 666 807 749 dicti,
823 665 913 750 quod
929 687 990 750 per
1005 687 1063 729 eos
1078 687 1169 729 suum
1187 665 1454 748 quisquerecupera·

260 783 318 844 bat
332 779 379 860 s),
400 786 435 842 ut
456 784 530 860 post
547 776 681 838 Festum
704 777 763 842 sub
788 795 872 839 voce
889 775 1087 855 Receperatr'o
1099 795 1134 855 p.
1151 772 1222 834 425.
1243 780 1325 834 recte
1344 771 1453 832 observat

258 883 466 968 Theophilus
482 883 526 944 orl
534 884 563 964 §.
578 882 609 943 4.
624 883 702 945 Inst.
728 885 792 960 Qui
806 893 838 946 et
850 903 891 946 eo
905 881 985 962 quil.
1002 901 1104 944 cauas.
1123 867 1259 942 monum.
1273 899 1329 940 mu
1344 880 1404 940 lr‘oet.
1418 877 1453 938 su

258 996 300 1058 Α.
317 992 483 1055 Caecinae
499 998 748 1074 recuperatores
765 990 937 1068 dabantur,
951 994 988 1050 ut
1001 995 1072 1050 tota
1089 987 1257 1051 Ciceronis
1277 985 1369 1047 oratio
1382 983 1451 1046 docet.

259 1099 362 1164 Tales
390 1099 489 1162 etiam
516 1099 550 1161 in
576 1097 755 1182 provinciis
780 1096 875 1160 datos
900 1116 971 1157 esse
998 1095 1156 1180 legimus:
1182 1094 1297 1157 Cicero
1315 1099 1345 1154 iu
1367 1093 1453 1154 Verrem

260 1212 381 1272 Aotrba.
392 1208 434 1267 II.
450 1207 517 1267 Lib.
530 1204 669 1290 II.o.13.
684 1205 797 1268 Livius
814 1203 936 1266 XLIII.
950 1202 980 1265 2.
995 1202 1140 1267 Invaluit
1156 1210 1265 1266 tamen
1280 1207 1387 1284 postea,
1400 1205 1424 1259 ut
1433 1203 1453 1256 et

260 1313 475 1390 Ucutumani,
488 1334 570 1397 quos
585 1312 727 1376 Praetor
741 1313 776 1375 in
793 1311 931 1374 consilio
947 1310 1103 1386 habebat,
1120 1331 1248 1373 caussas
1263 1307 1403 1392 graviores
1414 1304 1454 1366 dil-

259 1424 481 1507 ficilioresque
497 1430 752 1504 cognoscerent:
764 1421 891 1483 Seneca
906 1420 945 1480 de
956 1420 1068 1498 Renes.
1077 1420 1137 1479 ΙΙΙ.
1148 1405 1179 1480 *7.
1197 1415 1294 1494 Quod
1309 1413 1344 1477 ab
1358 1411 1454 1496 Augusti

260 1531 389 1594 demum
407 1530 609 1613 temporibus
632 1529 837 1613 frequentius
852 1527 923 1590 fieri
942 1528 1090 1611 coepisse
1108 1523 1198 1588 haud
1221 1524 1347 1598 obscure
1361 1518 1454 1602 colligas

261 1661 305 1703 ex
326 1637 436 1701 Taciti
460 1640 500 1699 de
527 1637 691 1698 Oratorr‘b..
704 1638 827 1717 dr’alogo
849 1657 874 1695 e.
896 1633 948 1696 38.
969 1634 1026 1696 ubi
1053 1634 1100 1696 ita
1130 1641 1259 1714 auctor,
1286 1628 1404 1716 quisquis
1420 1626 1455 1687 sit:

258 1749 390 1807 Primus
411 1749 502 1806 tertr’o
525 1743 697 1805 Consulatu
717 1743 772 1804 Cn.
790 1745 961 1828 Pompejus
986 1744 1171 1813 adstrinrr't,
1193 1742 1379 1822 imposuitque
1393 1735 1456 1795 ueluti

248 1855 364 1934 srenos
381 1854 589 1933 eloquentiae,
606 1855 651 1913 r'ta
672 1861 792 1923 tamen,
809 1858 845 1911 ut
864 1854 967 1910 omneis
984 1853 1016 1910 ἐπ
1028 1851 1116 1928 soro,
1133 1853 1237 1911 omnr‘a
1257 1847 1376 1929 legebus,
1389 1843 1454 1902 roob

259 1960 347 2041 opud
367 1943 539 2018 Praetores
563 1968 773 2038 gererentur:
797 1959 884 2038 apud
907 1977 981 2038 quos
1008 1967 1125 2038 quanto
1151 1957 1274 2038 majora
1295 1955 1393 2034 negot'o
1407 1948 1454 2008 sliu

259 2068 405 2128 eseroerr'
416 2047 509 2126 sollte
529 2069 606 2138 siut,
629 2066 711 2147 quod
726 2067 831 2146 majus
848 2073 1070 2146 argumentum
1091 2073 1151 2137 est,
1171 2071 1266 2146 quam
1284 2061 1357 2144 quod
1368 2073 1455 2118 causor

258 2173 507 2246 centumuirales,
526 2194 607 2255 quae
622 2194 707 2236 nuno
719 2177 857 2254 primunr
877 2174 1013 2233 obtinent
1030 2173 1140 2245 locum,
1153 2169 1237 2232 ‘adeo
1255 2167 1396 2251 splendore
1409 2163 1455 2224 aliu

256 2301 329 2342 rum
345 2280 537 2362 judrbr'orum
555 2279 778 2354 obruebantur,
796 2288 831 2342 ut
853 2300 954 2361 neque
971 2279 1143 2353 Ciceronis,
1161 2299 1264 2362 neque
1283 2275 1410 2343 Caesam
1423 2286 1455 2328 ¹¹⁶·

326 2531 357 2598 f)
376 2531 491 2584 Nullum
510 2534 552 2584 est
568 2529 691 2596 dubium,
710 2533 777 2599 quin
793 2531 872 2586 initio
891 2533 926 2585 ob
945 2548 1002 2586 rem
1020 2535 1126 2584 tantum
1144 2531 1354 2602 persequendam
1371 2524 1411 2580 dati
1424 2519 1457 2572 siut

258 2615 468 2684 recuperatores.
486 2615 518 2665 ld
537 2613 608 2666 euim
626 2617 668 2667 vel
686 2615 777 2682 ipsum
795 2617 898 2669 indicat
914 2618 1085 2669 vocabulum.
1103 2618 1205 2668 Postea
1223 2623 1313 2670 tameo
1329 2620 1353 2667 et
1368 2601 1457 2674 alijutfi·

257 2717 302 2754 ccs
319 2702 373 2753 hoc
389 2715 489 2752 nomen
506 2699 601 2750 tulisse
618 2699 752 2753 videntur.
770 2701 841 2754 Nam
860 2707 887 2753 et
904 2703 940 2754 ad
958 2699 1172 2754 aestimationem
1189 2701 1348 2768 injuriarum
1362 2703 1456 2758 recupert-

257 2791 332 2840 tores
350 2785 428 2836 datos
446 2782 578 2848 legimus:
605 2785 716 2838 Tacitus
728 2785 828 2839 Annat.
846 2787 926 2841 Ι.74.
946 2787 1050 2840 Gellius
1064 2788 1136 2841 XX.
1154 2794 1176 2841 1.
1199 2805 1252 2840 uec
1268 2803 1322 2840 nou
1337 2785 1362 2839 iu
1375 2773 1457 2835 ,nunu

257 2872 406 2926 secundum
417 2869 581 2924 libertatem:
600 2871 748 2927 Suetonius
765 2872 868 2940 Vesper.
880 2891 901 2926 e.
911 2877 937 2926 3.
949 2873 1052 2941 quinat
1062 2888 1114 2940 pro
1127 2873 1278 2926 obtinenda
1286 2884 1375 2925 corona
1385 2857 1456 2916 nursi:

256 2957 352 3010 Livius
366 2957 432 3008 XX
438 2955 481 3008 VI.
493 2960 535 3010 48.
552 2956 634 3010 Heln.
655 2957 872 3022 Recuperatores
889 2958 917 3010 in
935 2958 1083 3024 provinciis
1101 2958 1197 3010 eodem
1214 2973 1326 3010 munere
1341 2947 1457 3006 sanctisunt

258 3056 314 3111 quo
333 3038 501 3092 Centumviri
526 3041 631 3094 Romae
638 3061 645 3103 ς
669 3043 725 3095 vid.
742 3043 908 3095 Noordkerk
926 3043 958 3094 sle
981 3043 1036 3111 lepe
1059 3043 1190 3095 Petronio
1214 3059 1242 3108 p.
1257 3047 1300 3097 67.
1320 3042 1388 3093 Coun
1411 3030 1457 3082 1dem

256 3127 338 3180 etiam
356 3127 477 3177 Hetstero
496 3125 605 3190 placuit,
622 3126 710 3178 Duria
729 3129 774 3180 (les
789 3125 927 3194 Cieilproe.
944 3143 970 3192 p.
982 3132 1026 3180 53.
1038 3130 1082 3187 Α1,
1097 3144 1153 3196 quo
1165 3132 1324 3194 argumento
1336 3127 1380 3177 bos
1389 3109 1458 3170 duob

256 3210 360 3278 possit?
383 3209 485 3274 nescio,
508 3225 592 3278 quum
609 3225 665 3262 oon
680 3211 735 3265 nisi
752 3213 787 3264 de
809 3213 899 3265 causis
917 3211 1043 3264 civilibus
1065 3215 1139 3279 apud
1164 3213 1353 3266 Centumviros
1367 3200 1457 3271 agendum

255 3301 334 3350 esset
356 3296 412 3363 (cf.
431 3312 502 3365 quae
519 3311 604 3362 supra
620 3297 657 3350 ad
672 3297 695 3365 t.
707 3302 733 3352 9.
750 3298 928 3364 nausimus.)
948 3299 1164 3364 Recuperatores
1183 3299 1241 3352 dati
1261 3303 1332 3361 suot,
1353 3287 1425 3363 qt⁰fi⁶⁵
1437 3278 1455 3330 id

254 3381 394 3446 agebatur,
411 3387 441 3434 ut
459 3397 543 3450 quarn
559 3381 698 3436 celerrime
714 3399 758 3436 res
773 3383 943 3450 judicaretur
962 3383 1034 3450 (Cio.
1051 3381 1098 3435 Or.
1115 3400 1167 3452 pro
1178 3382 1267 3436 Ibllio
1284 3401 1307 3436 u.
1319 3385 1343 3435 6.
1359 3365 1456 3432 curua

254 3466 344 3516 Distu
362 3470 440 3520 ο.17.
459 3467 520 3533 Gai.
531 3468 580 3520 IV.
595 3467 616 3533 t.
631 3469 715 3531 188),
732 3473 760 3520 et
778 3471 884 3523 Romae
902 3467 1012 3536 quidem
1029 3468 1057 3520 io
1078 3469 1168 3523 causis
1191 3468 1361 3535 potissimum
1377 3455 1458 3511 vatim

253 3548 362 3602 uiarum
380 3556 407 3604 et
432 3550 646 3616 interdioturam,
670 3557 731 3608 tum
752 3569 825 3618 vero,
843 3553 892 3610 ubi
915 3553 949 3606 de
967 3553 994 3608 ui
1018 3553 1107 3621 deque
1132 3553 1233 3620 injuria
1250 3552 1336 3606 atrooi
1351 3539 1460 3616 ‹uttttil1⁰¹

153 3627 155 3642 ⁴
253 3639 296 3689 est
314 3637 387 3702 (aee
407 3635 439 3688 sle
460 3635 533 3690 Gall.
549 3633 645 3703 tutuo.
663 3654 686 3690 a.
704 3641 747 3692 al.
771 3636 827 3690 cio.
844 3655 883 3691 or.
899 3655 951 3706 pro
973 3637 1048 3690 Coeo.
1067 3655 1090 3690 u.
1111 3643 1136 3694 9.
1157 3656 1215 3708 pro,
1232 3637 1303 3692 Tull.
1322 3655 1343 3688 o.
1356 3621 1459 3696 letti-l

253 3718 349 3776 meme.
361 3719 397 3776 lt.
411 3722 453 3770 30.
471 3719 557 3774 Tacit.
572 3722 673 3776 Annol.
688 3724 710 3776 I.
729 3740 754 3776 c.
769 3728 812 3776 74.
832 3725 900 3776 Geli.
915 3725 948 3776 N.
961 3724 996 3776 Α.
1015 3725 1086 3778 ΧΧ.
1108 3729 1131 3776 l.
1146 3726 1207 3792 Gai.
1219 3727 1270 3780 lv.
1287 3723 1308 3790 ξ.
1322 3724 1362 3774 46.
1374 3717 1461 3773 ltbuqt·

255 3803 338 3869 rea).
363 3804 395 3855 In
419 3804 566 3870 provinciis
586 3805 741 3871 judicantes
765 3808 904 3860 communi
927 3808 1037 3860 nomine
1060 3819 1278 3878 recuperatorum
1296 3793 1461 3872 appellationi

255 3888 303 3955 (cf.
323 3888 384 3956 Gaj.
396 3891 417 3942 1.
436 3890 456 3956 ξ.
467 3893 509 3943 20.
527 3891 744 3959 Ulp.Fragm.I.
760 3893 781 3960 ξ.
797 3894 862 3959 13),
881 3898 912 3946 ut
931 3895 1036 3948 Romae
1044 3895 1181 3963 pudicum,
1206 3894 1269 3946 licet
1292 3888 1419 3954 utrobique
1429 3887 1460 3942 9¹⁰

252 3992 282 4031 re
299 3979 362 4028 nata
378 3993 450 4030 nuuc
464 3975 573 4042 judiees
590 3995 663 4033 uuno
680 3983 882 4044 recuperatores
897 3977 1034 4032 darentur.
1053 3978 1276 4042 Eseriptoribus,
1295 3975 1342 4044 qui
1354 3961 1461 4026 novissim

252 4061 433 4117 bonaiacum
450 4066 606 4127 necarunt,
624 4065 675 4118 hos
692 4063 827 4130 inspicere
845 4061 934 4115 licuit:
958 4063 990 4118 0.
1009 4063 1083 4117 Goil.
1103 4065 1134 4115 Ε.
1153 4063 1305 4118 Heimbacb
1328 4059 1357 4112 a
1371 4054 1400 4134 'G
1411 4044 1461 4102 Astu

255 4145 334 4198 Gallo
357 4147 428 4201 Jcto
451 4147 558 4215 qusque
573 4147 737 4216 fraqmeatr's
758 4149 837 4208 ore.
851 4146 941 4216 (Lips.
965 4153 1039 4205 1823.
1059 4153 1099 4218 8.)
1129 4149 1195 4204 Erre.
1214 4149 1272 4202 ΙΙΙ.
1296 4146 1333 4200 ad
1351 4139 1402 4196 rlrl
1416 4127 1462 4186 Gall

242 4228 348 4298 frma.
362 4230 443 4282 xiv,
455 4246 481 4297 p.
496 4234 539 4282 os.
550 4245 611 4298 sqq.
629 4233 662 4282 a.
674 4233 806 4288 nussum
823 4233 889 4286 aaa.
902 4234 937 4286 11.
949 4236 1049 4302 (aru.
1057 4253 1111 4304 pro
1128 4235 1229 4300 rursu)
1246 4235 1279 4286 a
1293 4210 1461 4296 receperunt·

251 4318 433 4375 paea-253.
451 4317 563 4370 Heffter.
580 4315 641 4370 ota.
660 4319 696 4372 ad
716 4319 776 4387 Gaj.
795 4334 822 4383 p.
837 4321 893 4372 100.
905 4335 966 4387 sqq.
989 4320 1127 4374 Zinumeru
1140 4321 1157 4385 t
1170 4321 1187 4374 l.
1205 4321 1227 4388 ξ.
1243 4322 1282 4372 17.
1295 4320 1322 4368 et
1340 4318 1380 4366 37.
1395 4297 1462 4360 0501

251 4396 302 4448 Dio
317 4400 496 4469 Recuperatio
514 4403 563 4454 dar
576 4401 685 4456 Romu.
699 4403 874 4456 Brauusohw.
888 4408 978 4466 18³7„
992 4405 1041 4472 qui
1052 4405 1176 4472 inprimis
1190 4407 1226 4460 de
1237 4393 1461 4468 reemenuriouu

251 4481 412 4545 iudiciorum
424 4486 528 4554 origine
545 4493 670 4540 aoourate
682 4504 715 4540 ae
733 4489 844 4553 copiose
862 4488 1019 4556 disputavit,
1038 4506 1152 4558 eamque
1165 4505 1181 4540 e
1192 4489 1355 4555 populorum
1366 4484 1464 4532 sommo·

249 4565 298 4618 ciis
316 4567 525 4637 foederibusque
542 4571 611 4626 inter
629 4589 659 4626 se
675 4572 750 4630 initis
766 4574 1017 4641 repetendam-esse
1034 4575 1209 4642 probabiliter
1220 4570 1344 4628 ostendit.
1363 4559 1435 4618 Mitt
