3040 5164
123 467 127 475 .
239 398 312 466 tat
684 389 759 458 Lm
784 389 829 458 ll.
854 388 933 458 Trr.
959 387 1052 457 XIV.

243 567 406 633 mentario
425 563 604 630 illustravit
624 563 699 627 Car.
717 563 856 628 Patinus
873 563 990 627 Patav.
1009 577 1211 626 uncum.
1224 561 1256 624 4.
1277 560 1332 625 De
1353 581 1395 628 ea
1408 561 1492 626 Dira

243 675 407 740 videndus
421 672 538 736 Heius.
553 673 598 734 ad
608 673 763 735 Prudent.
786 675 856 756 περὶ
875 697 999 753 orepav-
1013 671 1056 735 X.
1070 692 1099 734 ο.
1112 669 1185 734 196.
1207 670 1338 754 Marqu.
1353 668 1443 733 Gud.
1456 672 1493 730 ad

244 784 390 848 Phaedri
406 783 485 844 Fal.
501 780 561 840 IIL
574 778 625 840 20.
647 777 805 863 Denique
822 779 987 843 coelestis
1009 777 1192 842 Salinensis
1210 777 1440 860 Carthaginis,
1454 777 1490 840 de

243 913 327 976 qua,
356 895 393 952 ut
425 896 461 952 et
491 887 644 973 reliquis,
673 886 898 970 copiosissime
928 887 1112 970 Sebulting.
1140 887 1280 968 turatpr.
1305 887 1489 968 Mejustm

238 997 477 1081 smus

832 1126 861 1208 S.
881 1126 912 1188 5.

746 1241 787 1293 As
804 1240 988 1295 hereditatam·

327 1359 482 1424 Ceterum
503 1359 722 1427 hereditatem
738 1367 871 1423 veteres
889 1381 1020 1444 semper
1040 1367 1077 1424 ut
1100 1376 1209 1426 Assum
1229 1357 1483 1438 considerabant,

243 1453 384 1555 ejusque
398 1468 484 1532 adeo
500 1467 674 1532 duodecim
689 1467 923 1553 concipiebant
937 1469 1059 1532 uncias.
1075 1468 1158 1532 Erat
1173 1468 1260 1531 enim
1276 1481 1320 1532 ss
1336 1465 1482 1551 quidquid

243 1575 286 1643 ad
304 1574 423 1659 μονάδα
438 1584 539 1661 atque
556 1575 688 1640 unitatis
702 1577 864 1638 rationem
884 1584 1019 1660 poterat
1033 1575 1162 1657 reduci,
1178 1569 1273 1660 quasi
1288 1575 1349 1652 εῖςε
1364 1575 1481 1638 Salmas

242 1688 282 1748 de
299 1707 388 1748 usur.
400 1706 434 1767 p.
448 1683 520 1746 536.
542 1683 637 1746 Idem
653 1685 691 1748 da
705 1686 792 1747 modo
807 1705 937 1747 asarar.
947 1706 982 1766 p.
992 1683 1064 1748 261.
1079 1683 1195 1747 Fluxit
1212 1687 1295 1746 osam
1310 1703 1379 1746 vox
1394 1682 1478 1745 allo-

241 1793 349 1872 ribus‚
375 1791 510 1872 Siculis,
538 1799 572 1856 et
592 1791 799 1873 Tarentinis,
826 1815 845 1854 a
871 1792 990 1877 quibus
1013 1801 1048 1856 et
1068 1791 1173 1876 ipsum
1203 1791 1314 1873 gravis
1341 1789 1478 1918 prtnderis

242 1921 390 1976 numum,
413 1906 447 1960 et
467 1897 643 1982 plerasque
665 1898 715 1961 rei
737 1898 948 1982 pecuniariae
967 1899 1212 1984 adpellationes
1228 1899 1377 1986 ¹Romans
1397 1919 1477 1962 acce-

241 2014 369 2092 perant.
391 2005 475 2068 Nam
497 2027 540 2068 ex
562 2005 690 2068 Dorico
716 2009 765 2082 αἴς
786 2005 961 2071 Tarentini
985 2016 1021 2070 et
1042 2005 1145 2070 Siculi
1168 2007 1322 2070 feceruut
1341 2004 1388 2082 ἅς,
1407 2003 1477 2066 iude

240 2114 384 2179 Romani
400 2121 573 2197 utrumque
589 2112 785 2177 vocabulum
802 2135 857 2176 aes
872 2123 907 2179 et
921 2137 958 2176 as
973 2113 1167 2179 babuerunt
1185 2114 1338 2192 Quorum
1353 2112 1478 2176 vocabu-

240 2222 346 2285 lorum
363 2219 479 2284 eadem
496 2230 567 2287 erat
588 2221 797 2307 significatio3
822 2222 903 2306 quia
919 2221 1040 2306 primus
1064 2245 1099 2286 as
1123 2243 1166 2286 cx
1185 2244 1264 2286 aere
1288 2222 1398 2285 fuerat
1418 2241 1479 2305 per-

239 2352 363 2396 cussus:
386 2331 427 2394 cf.
442 2330 565 2415 Scalig.
579 2335 612 2392 r'a
631 2329 725 2392 Varr.
740 2332 779 2394 de
794 2333 848 2392 lat.
863 2332 975 2412 ltngua
990 2330 1047 2390 IV.
1059 2351 1092 2412 p.
1106 2330 1157 2394 69.
1176 2331 1285 2394 Porro
1301 2350 1402 2415 quum
1417 2327 1476 2403 ὅςο

240 2437 359 2502 Siculis
381 2438 480 2501 etiam
502 2439 592 2522 λίτρα
611 2437 793 2502 diceretur:
816 2437 937 2500 facturn
956 2445 1021 2520 est,
1040 2445 1076 2502 ut
1094 2445 1131 2501 et
1145 2437 1289 2502 Romani
1311 2460 1414 2502 assem
1432 2457 1476 2498 vo
1510 2507 1511 2514 ἵ

240 2553 355 2610 carent
377 2547 488 2608 libram
503 2546 549 2625 l).
570 2545 617 2607 Et
639 2567 737 2629 quum
760 2544 958 2610 duodecima
980 2565 1056 2629 pars
1076 2549 1129 2623 τῆς
1152 2547 1256 2628 λίτρας
1278 2545 1401 2610 Siculis
1423 2565 1474 2606 esse

241 2653 365 2737 ου’γκὶα,
392 2652 480 2714 idem
503 2673 625 2716 nomen
645 2653 744 2716 etiam
765 2652 922 2736 placebat
942 2652 1110 2717 Romanis.
1136 2653 1335 2717 Praeclarus
1357 2652 1469 2717 baucis

238 2781 308 2823 rem
328 2760 420 2823 locus
443 2765 493 2822 est
507 2758 590 2824 Julii
610 2760 758 2824 Pollucis
779 2761 890 2824 LIX.
909 2782 935 2820 c.
953 2759 983 2824 6.
1003 2782 1099 2842 segm.
1118 2761 1169 2826 80.
1188 2759 1276 2828 'Aild
1298 2768 1405 2844 μέντοι
1422 2761 1469 2838 aui

239 2870 324 2951 αὐτῷ
340 2867 569 2952 (Ἀριστοτέλει)
591 2895 636 2942 τις
654 2866 693 2934 dv
708 2872 739 2934 ἐν
758 2871 794 2952 τῇ
808 2867 963 2950 Ἱμεραίων
981 2869 1123 2954 πολιτείᾳ
1139 2873 1191 2934 καὶ
1205 2866 1284 2934 ἄλλα
1301 2862 1394 2952 εὕροι
1407 2878 1471 2935 Σινο-

238 2976 334 3041 tadu
358 2969 550 3058 νομισμάτων
572 2972 718 3057 ὀνόματα,
744 2974 808 3040 οἷον
840 2974 978 3058 adpulsa,
1009 2969 1085 3058 daeo
1111 2975 1240 3042 δύναται
1267 2979 1404 3062 χαλκοῦν
1426 2983 1468 3041 ἔνο.

242 3082 388 3174 Ceteram
406 3083 495 3163 apud
515 3085 656 3146 eamdem
678 3079 941 3162 (Aristotelem)
960 3086 993 3146 ta
1013 3083 1236 3148 Hister-eorum
1260 3087 1381 3149 Pontia
1401 3089 1471 3148 σοον

238 3193 303 3252 alia
326 3193 461 3254 ν’νιοοοίοί
484 3190 668 3256 Siculorum.
683 3192 827 3263 aomina,
852 3199 958 3272 utpote
979 3210 1131 3266 uncum,
1155 3213 1237 3273 qaae
1262 3195 1348 3256 odet
1368 3209 1471 3256 aarum

238 3319 346 3360 anam.
368 3296 458 3359 Hinc
485 3296 629 3361 Romani
650 3316 747 3360 omne
770 3303 876 3359 totum
906 3319 1009 3360 assem
1030 3301 1193 3363 vocabant
1200 3323 1209 3374 3
1234 3298 1341 3384 idque
1362 3297 1465 3362 diride-

238 3404 320 3467 baut
340 3405 373 3467 in
401 3373 574 3468 duodecim
596 3405 726 3486 uncias,
748 3405 841 3488 quasi
862 3405 897 3468 id
918 3405 1051 3469 demum'
1071 3414 1158 3470 esset
1180 3409 1383 3492 perfectum,
1398 3401 1469 3490 quod
1507 3460 1508 3481 ,

237 3509 312 3572 XII
333 3511 481 3595 partibus
503 3513 559 3575 vel
583 3510 687 3574 unciis
707 3520 882 3577 constaret.
902 3514 1087 3598 Eleganter
1109 3514 1232 3578 Balbus
1255 3517 1296 3578 de
1312 3539 1386 3580 asse
1402 3509 1469 3597 apud

237 3617 292 3682 Jo.
311 3617 439 3680 Frider.
462 3618 667 3711 Gronovium
691 3621 734 3710 da¹
748 3641 818 3702 pec.
846 3630 905 3684 vat.
922 3643 956 3704 p.
975 3621 1048 3684 400.
1080 3624 1239 3704 Quidquid
1257 3626 1469 3694 armostai
1506 3701 1507 3718 ἦ

118 3723 123 3736 ’
237 3725 320 3806 quod
341 3747 382 3788 aa
403 3729 599 3810 r‘ategrorum
627 3729 775 3790 divisione
796 3739 953 3802 reinduat,
980 3751 1083 3793 assam
1110 3734 1351 3794 ratiocinatores
1373 3733 1468 3794 vomat·
1506 3725 1507 3738 ¹

237 3832 435 3917 Exemplum
458 3842 592 3898 estnon
614 3836 713 3899 modo
735 3836 770 3897 in
784 3836 990 3916 hereditate,
1005 3859 1117 3901 verum
1135 3838 1233 3902 etiam
1254 3838 1289 3900 in
1308 3839 1422 3918 usuris,
1439 3833 1468 3896 de
1505 3919 1506 3930 ἵ

306 4045 330 4113 i)
351 4046 424 4100 Add.
441 4047 538 4100 Franc.
557 4046 618 4099 Car.
636 4045 757 4100 Conradi
774 4047 850 4103 Dias.
868 4051 901 4102 de
920 4051 970 4104 dia
988 4049 1103 4104 tacut.
1121 4069 1154 4104 aa:
1172 4059 1327 4104 testamento
1345 4050 1414 4120 apud
1428 4047 1469 4100 la-

237 4140 338 4180 μανον.
354 4127 430 4194 Lips
449 4135 524 4186 1725.
534 4137 561 4184 4.
573 4138 600 4184 ct
614 4132 642 4186 in
662 4130 770 4185 cottea.
783 4133 907 4187 Dissertt.
919 4136 1010 4190 tristor.
1028 4137 1108 4205 antiq.
1117 4137 1225 4205 juridd.
1237 4136 1266 4188 ia
1280 4137 1384 4190 ‹Iettdd¹
1398 4135 1469 4186 aare

237 4212 317 4266 labit.
334 4231 361 4280 p·
378 4218 508 4270 57-108.
527 4215 616 4270 Haut.
636 4216 680 4286 (iu
697 4218 787 4285 serapt.
804 4220 867 4270 mia.
886 4219 928 4275 ed.
946 4220 1061 4274 Persice
1078 4223 1141 4274 Vol.
1159 4223 1181 4274 1.
1199 4235 1274 4274 num.
1289 4221 1342 4286 Π.)
1363 4216 1438 4272 Mill·

305 4298 339 4366 k)
360 4301 443 4354 Asses
468 4302 541 4355 enlm
558 4307 635 4354 erant
657 4301 767 4353 librales
793 4317 881 4369 nsque
905 4305 941 4357 ad
964 4306 1064 4360 bellum
1082 4306 1218 4360 Punicum
1236 4304 1363 4372 primum.
1389 4305 1468 4356 Postu

235 4397 310 4436 asses
337 4385 496 4438 sextantarii
519 4387 583 4439 cudi
603 4393 767 4454 coeperunt:
794 4388 865 4442 Plin.
889 4389 970 4450 Hiet.v
983 4391 1045 4443 Nat.
1066 4390 1221 4444 XXXIII.
1242 4395 1281 4442 13.
1311 4389 1390 4442 Unde
1413 4387 1467 4438 cml

235 4466 333 4518 Festus
351 4469 403 4521 sub
422 4485 497 4523 voco.
516 4472 673 4524 sextantarii
690 4488 768 4533 asses,
780 4473 846 4526 dum
864 4475 933 4526 bane
945 4475 1124 4528 mutationem
1139 4475 1248 4528 demum
1267 4476 1369 4528 abello
1382 4469 1466 4525 Punic⁰

236 4555 355 4606 secundo
374 4557 471 4608 tactam
490 4555 642 4609 exisdmat:
660 4556 715 4609 vid.
734 4558 778 4611 lo.
796 4559 931 4612 Harduin.
951 4561 1011 4614 Not.
1033 4562 1069 4612 act
1089 4561 1161 4614 Ptin.
1179 4561 1197 4613 l.
1214 4580 1237 4612 c.
1256 4561 1336 4612 Heia.
