3040 5164
213 381 287 447 440
514 372 589 441 Lus.
615 371 657 441 11.
682 371 762 439 Tur.
786 371 1050 440 xv11.·xvl11.
1077 371 1170 440 XIX.

215 554 344 614 mindae
359 547 614 614 filiumfamilias.
631 548 741 642 Quum
756 568 836 611 vero
852 547 960 612 nullus
971 548 1086 612 horum
1098 547 1214 612 testari
1226 553 1356 632 posset:
1371 547 1470 610 facile
1508 569 1509 634 ῃ

215 666 325 742 patet,
342 657 387 721 sic
403 677 473 720 rem
494 656 647 720 incidisse
668 655 702 719 in
719 676 845 736 casum,
862 679 881 720 a
903 678 970 742 quo
987 657 1136 740 incipere
1152 675 1219 718 non
1235 664 1359 740 posset.
1377 655 1470 740 (Gaj.

215 766 302 847 II.§.
322 765 372 828 45.
387 763 461 844 46.)
493 778 714 826 ussrrru'ruu
739 763 883 848 denique
908 763 1030 827 dictum
1055 785 1126 826 esse
1158 771 1406 842 testamentum,
1425 783 1471 824 ex

219 893 284 955 quo
302 871 411 934 nullus
427 870 523 933 heres
540 878 628 954 erat,
646 870 700 933 vel
718 868 878 953 dupondii
894 872 1008 935 sciunt.
1509 904 1510 966 q

800 1049 828 1130 g.
850 1049 880 1111 a.

336 1161 341 1170 ’
444 1164 567 1218 Rescisse
581 1183 634 1232 per
652 1165 786 1234 querclam
803 1165 951 1233 inofficiosi,
970 1165 1045 1233 cajus
1061 1183 1130 1234 qaae
1148 1166 1246 1234 oripo?
1324 1199 1330 1207 ·

300 1281 457 1365 Denique
480 1299 639 1347 nasorum
668 1290 899 1345 testamentum
920 1282 1093 1346 dicebatur
1127 1303 1187 1367 per
1208 1297 1396 1358 QUBRELAM
1419 1297 1469 1344 m-

220 1407 391 1454 osrrcrosr.
420 1391 499 1474 Ejus
525 1391 686 1474 originem
714 1389 769 1452 diu
796 1391 979 1475 ignoratam
1007 1411 1050 1452 ex
1073 1390 1279 1475 antiquitatis
1306 1389 1469 1471 parietinis

217 1498 391 1562 restituere
408 1498 550 1583 juvabit.
573 1499 689 1560 Franc.
704 1498 878 1562 Duarenus
897 1501 941 1560 ad
953 1501 982 1560 b.
999 1509 1019 1562 t.
1041 1522 1065 1561 c.
1080 1499 1110 1560 2.
1134 1519 1204 1582 eam
1229 1520 1249 1560 a
1263 1495 1467 1580 Principibus

217 1608 384 1671 inuentam
401 1613 504 1690 putat.
528 1605 595 1666 Sed
611 1612 690 1667 ante
706 1605 878 1690 Principes
895 1626 966 1668 eam
983 1614 1095 1668 notam
1111 1605 1222 1686 fuisse,
1238 1612 1335 1688 patet
1352 1626 1395 1666 ex
1405 1605 1465 1667 Va-

219 1714 305 1777 lerio
325 1714 415 1776 Max.
438 1715 507 1776 VII.
521 1713 553 1775 7.
567 1714 597 1776 2.
621 1713 694 1775 Nec
716 1713 845 1776 felicius
865 1734 937 1776 eam
961 1735 1004 1776 ex
1023 1713 1192 1777 Praetoris
1215 1712 1329 1776 edicto
1349 1711 1459 1774 derivat

219 1822 380 1885 Pithoeus
395 1822 439 1881 ad
456 1819 562 1882 collat.
578 1822 660 1902 legg.
677 1821 755 1882 Mos.
771 1832 802 1882 et
817 1823 905 1884 Rom.
920 1821 1011 1882 XVI.
1025 1819 1055 1881 3.
1077 1821 1162 1884 Nam
1185 1820 1268 1884 haec
1291 1821 1380 1883 actio
1395 1841 1462 1896 non,

220 1937 256 1991 ut
272 1927 358 1990 aliae
374 1927 570 1990 Praetoriae
585 1927 634 1990 rei
650 1929 933 2012 persequutoriae,
946 1928 987 1992 ad
1000 1936 1106 1994 actum
1118 1927 1369 1992 rescindendum
1381 1948 1459 1989 cour-

222 2044 377 2120 paratae,
395 2034 521 2098 annalis
538 2045 607 2116 est,
625 2057 737 2098 verum
755 2036 1013 2122 quinquennium
1031 2037 1136 2100 durat.
1157 2037 1229 2100 Nec
1245 2037 1386 2099 Praetor
1400 2055 1466 2096 um-

222 2165 319 2228 quam
342 2141 552 2206 exheredatis
575 2143 750 2224 succurrit,
769 2144 817 2206 uti
841 2145 887 2220 ait
912 2143 1073 2228 Ulpianus
1094 2145 1131 2205 L.
1147 2143 1176 2206 8.
1196 2167 1246 2226 pr.
1267 2146 1311 2206 D.
1335 2145 1374 2205 de
1397 2144 1465 2204 Bon.

219 2273 351 2334 possess.
368 2260 477 2313 eontra
493 2252 554 2311 tab.
570 2251 642 2314 Nec
656 2251 798 2336 denique
813 2252 906 2315 locus
915 2251 1011 2314 Pauli
1025 2252 1178 2315 Sententt.
1190 2253 1331 2334 Receptt.
1344 2253 1368 2311 Ι
1368 2251 1404 2312 V.
1411 2248 1436 2311 8.
1442 2249 1466 2308 5.

222 2381 264 2421 ex
280 2380 345 2442 quo
366 2358 401 2420 id
417 2359 601 2443 collegerat
617 2360 792 2442 Pithoeus,
808 2360 872 2422 hoc
888 2359 984 2439 dicit,
1007 2360 1064 2422 ubi
1086 2368 1211 2422 tantum
1228 2362 1361 2422 actionis
1379 2359 1466 2418 Prae·

222 2471 329 2540 toriae,
346 2487 412 2528 non
430 2465 585 2550 querelae
609 2467 786 2531 inofficiosi
809 2469 846 2532 fit
868 2458 1003 2532 mentio.
1022 2467 1198 2530 Veriorem
1215 2487 1296 2552 ergo
1314 2465 1465 2557 originem

221 2573 284 2636 sibi
304 2573 454 2636 invenire
477 2574 569 2662 visus
586 2585 636 2638 est
659 2576 811 2660 Cujacius
831 2576 1006 2638 Observett.
1032 2576 1075 2638 II.
1096 2573 1146 2642 21.
1163 2575 1270 2636 XVII.
1290 2575 1344 2636 17.
1369 2573 1465 2636 Docet

223 2682 309 2744 enirn
323 2695 370 2743 'ex
384 2680 598 2763 inscriptione
615 2687 649 2746 L.
665 2685 695 2747 4.
709 2689 750 2746 D.
766 2687 804 2746 de
819 2684 939 2764 Iaoffio.
955 2693 1023 2745 test.
1041 2681 1209 2767 querelam
1225 2681 1309 2743 hanc
1326 2681 1461 2744 introdu-

225 2796 308 2851 ctam
333 2809 403 2850 esse
426 2788 505 2873 lege
528 2808 656 2880 ohram,
686 2813 782 2876 quam
805 2791 983 2854 lectionem
1010 2791 1108 2853 etiam
1132 2788 1264 2851 Codicis
1286 2786 1465 2852 Florentiui

223 2905 335 2960 tuetur
357 2897 543 2959 auctoritas.
564 2899 609 2960 Et
630 2899 711 2962 nihil
735 2921 812 2962 sane
834 2898 951 2962 Gliciis
974 2897 1102 2960 Romae
1126 2906 1176 2960 est
1199 2896 1377 2960 celebrius.
1399 2898 1463 2958 Fre-

225 3012 366 3089 quenter
386 3024 499 3068 eorum
516 3007 694 3069 meminere
711 3006 863 3089 Tacitus,
879 3007 1070 3086 Suetonius,
1087 3005 1222 3086 Florus,
1243 3005 1377 3088 Livius,
1400 3003 1464 3089 quiu

225 3121 259 3176 et
274 3135 436 3176 marmora
451 3113 651 3197 Capitolina,
666 3115 701 3177 in
719 3115 835 3199 quibus
851 3115 892 3178 A.
909 3115 950 3178 U.
967 3114 1002 3177 C.
1019 3131 1103 3178 D1111.
1118 3113 1274 3176 laudatur

393 3255 428 3299 Μ.
452 3245 619 3303 CLAUDIUS
641 3257 668 3301 G·
691 3257 719 3301 F·
742 3256 863 3304 colora,
887 3255 954 3314 QUI·
977 3254 1103 3302 scmus.
1129 3254 1273 3301 FUERAT.
1296 3251 1461 3300 DlC‘l'A’l'OR·

341 3393 345 3402 .
455 3363 571 3408 ΟΟΑΟΤ.
592 3363 703 3409 ABDIC.
726 3361 812 3410 SINE.
835 3364 915 3410 MAG.
936 3361 1013 3422 EQU.

225 3466 339 3549 Steph.
352 3468 496 3532 Vinand.
507 3470 604 3555 Pigh.
613 3474 730 3534 Annei.
746 3472 826 3534 Tom.
839 3473 879 3532 II.
885 3493 919 3552 p.
930 3470 980 3531 50.
994 3468 1129 3532 Gruteri
1139 3471 1298 3550 Inscrt'prtt.
1307 3489 1342 3558 p.
1353 3464 1468 3527 corn

226 3574 327 3637 Unde
354 3575 478 3640 invidia
505 3579 684 3642 stimulatus
712 3561 826 3643 videri¹
841 3586 974 3664 poterat
997 3578 1222 3658 Hotomanus,
1248 3577 1305 3660 qui
1330 3577 1421 3656 Disp.
1440 3573 1469 3632 de

227 3692 343 3764 quarta
365 3686 447 3765 legit.
461 3707 487 3746 c.
502 3685 532 3749 1.
551 3708 594 3749 ne
611 3687 747 3773 Cujacio
771 3687 909 3772 gloriam
935 3686 1088 3749 detectae
1107 3685 1194 3770 legis
1209 3683 1352 3763 tribuat,
1369 3681 1466 3765 legem

226 3790 326 3874 plane
343 3790 469 3875 nullam,
485 3793 658 3880 adgnoscit
675 3795 832 3877 Gliciam,
852 3794 1088 3879 querelamque
1111 3791 1285 3854 inofficiosi
1309 3812 1354 3854 ex
1382 3788 1470 3853 mori·

227 3899 286 3961 bus
304 3901 475 3986 magis,.et
494 3903 632 3965 consilio
648 3902 969 3983 Jureconsultorum,
986 3921 1082 3986 quam
1100 3921 1143 3962 ex
1159 3909 1249 3962 certa
1272 3900 1388 3983 aliqua
1403 3899 1470 3980 lege

227 4007 358 4070 fluxisse
383 4011 679 4091 contendibCum
707 4011 843 4095 Cujacio
874 4033 953 4074 sane
982 4010 1108 4073 faciunt
1136 4007 1342 4071 recentiores
1373 4025 1471 4091 paene

168 4102 171 4108 ⁵
228 4136 357 4195 omnes,
374 4125 409 4179 et
427 4119 460 4182 in
481 4118 530 4180 his
545 4118 623 4181 Ant.
640 4119 843 4202 Augustinus
858 4121 896 4180 de
910 4120 1047 4201 Legibus
1066 4129 1098 4180 et
1112 4118 1205 4178 scta
1225 4120 1258 4177 r'n
1280 4118 1351 4196 lege
1367 4116 1471 4180 Glicr'rr,

229 4229 263 4286 et
276 4224 351 4286 Jan.
366 4225 461 4289 Vinc.
480 4226 625 4291 Gravina
645 4229 682 4288 de
699 4228 833 4308 Legibus
852 4237 883 4290 et
902 4228 994 4289 SOtt's
1012 4249 1037 4288 c.
1053 4226 1103 4288 80.
1115 4247 1148 4307 p.
1166 4224 1236 4286 649.
1258 4245 1301 4304 sq.
1329 4223 1400 4285 Sed
1424 4241 1472 4284 ne-

229 4332 301 4414 gari
327 4335 457 4417 nequit,
472 4335 654 4398 Hotomani
677 4336 873 4399 sententiam
899 4335 1077 4419 Cujaciana
1101 4354 1171 4395 esse
1194 4330 1471 4393 verosimilioren.

230 4438 411 4502 Gliciorum
429 4443 513 4506 enim
531 4465 651 4506 nomen
668 4443 830 4525 familiae,
846 4465 915 4506 non·
934 4443 1060 4526 gentile
1084 4448 1143 4502 est.
1164 4440 1273 4523 Leges
1289 4459 1372 4503 vero
1389 4463 1409 4502 a
1426 4458 1471 4500 co-

228 4551 439 4633 gnominibus
461 4553 714 4635 cognominatae
738 4574 803 4614 non
828 4552 1024 4614 desinebant
1048 4551 1080 4612 in
1104 4531 1216 4612 m'sed
1239 4549 1272 4609 iu
1293 4565 1381 4629 ΑΝΑ,
1403 4569 1431 4610 v.
1449 4563 1470 4602 o
