3122 5162
235 431 308 498 tm
536 369 1075 494 ’.ωωπηω

235 602 410 668 tundamur
435 611 469 666 et
497 601 667 686 peculatus
693 602 830 665 crimine
857 599 993 665 tabulae
1023 601 1093 665 dati
1116 610 1153 666 et
1179 602 1339 686 expensi,
1360 600 1488 665 tabulae

236 709 481 775 auctionariac:
503 710 536 771 in
559 708 698 793 reliquis
712 709 904 793 pactiones,
926 708 1079 792 litterae,
1098 710 1324 795 syngraphae,
1340 707 1489 792 aliaeque

234 819 330 903 hujus
344 817 493 900 generis,
515 837 601 901 quae
616 817 814 900 obsignatae
839 815 1021 900 diligenter
1042 816 1085 880 ab
1106 817 1304 880 adcuratore
1327 816 1373 878 ad
1393 816 1491 878 Prae-

235 935 341 989 torem
363 922 617 988 deferebautura
639 923 759 987 Cicero
780 927 814 985 s'n
836 925 966 986 Verrem
981 927 1051 986 Act.
1067 925 1110 985 11.
1126 925 1193 988 [acb.
1215 926 1240 986 Ι.
1257 945 1284 986 c.
1306 923 1339 985 5.
1355 933 1392 986 et
1405 945 1430 986 c.
1443 923 1488 984 61.

237 1033 311 1096 Car.
329 1031 485 1116 Sigonius
503 1032 543 1092 de
556 1031 687 1094 Judeas
702 1033 744 1093 11.
759 1031 810 1094 16.
822 1053 855 1114 p.
870 1027 942 1094 57⁷.
957 1053 1003 1114 sp.
1018 1033 1064 1112 ¹).

814 1181 844 1262 §.
865 1179 917 1243 28.

766 1288 821 1341 Rea
837 1288 965 1356 defensio.

319 1389 394 1454 Jam
409 1397 445 1453 ut
467 1387 510 1454 ad
524 1388 661 1473 primam
678 1387 843 1453 actionem
859 1389 1042 1469 redeamus,
1059 1387 1116 1450 ubi
1134 1387 1312 1477 adcusator
1329 1389 1489 1453 actionem

237 1519 326 1562 suam
341 1498 468 1581 pariter
489 1517 528 1558 ac
550 1494 797 1559 adcusationem
817 1495 1023 1580 absolverat,
1045 1496 1177 1583 patroni
1199 1517 1272 1560 sese
1296 1497 1342 1560 ad
1365 1497 1414 1560 rei
1435 1497 1489 1560 de-

237 1605 421 1669 fensionem
442 1602 683 1686 adcingebant,
704 1603 792 1666 iuter
815 1625 913 1687 quam
944 1610 978 1666 et
998 1603 1243 1667 adcusationem
1267 1603 1401 1689 aliquot
1423 1605 1491 1688 ple·

236 1734 374 1798 namque
398 1713 469 1775 dies
488 1710 757 1774 intercedebant:
780 1710 942 1774 Cellarius
961 1712 1007 1772 od
1021 1711 1081 1774 Cl'o.
1102 1712 1190 1772 Orat.
1207 1732 1267 1793 pro
1290 1711 1368 1774 Sex.
1384 1715 1491 1774 Roscio

237 1826 348 1883 Amcr.
364 1841 390 1881 c.
404 1819 435 1879 4.
456 1819 495 1881 In
519 1819 590 1902 ipsa
613 1816 808 1882 defensione
830 1817 910 1904 quid
932 1817 1064 1900 egerint
1084 1817 1235 1901 patroni,
1256 1817 1359 1881 facile
1381 1829 1431 1882 est
1452 1818 1491 1882 ad

238 1926 506 2010 intelligendum,
528 1924 630 2008 idque
649 1927 727 1990 satis
745 1947 910 2010 superque
925 1924 1049 1988 docent
1065 1933 1117 1987 tot
1132 1923 1315 2000 Ciceronis,
1332 1949 1417 2012 quae
1431 1947 1490 1988 ex-

241 2039 345 2115 stant,
368 2033 546 2097 orationes.
569 2033 701 2096 Crimen
717 2033 844 2096 scilicet
867 2035 1033 2119 objectum
1056 2032 1111 2096 vel
1130 2031 1322 2114 diluebant,
1348 2033 1401 2097 vel
1417 2037 1491 2120 jure

239 2144 360 2207 factum
382 2140 638 2205 contendebant.
666 2140 758 2218 Quos
782 2143 985 2226 produxerat
1007 2138 1182 2204 adcusator
1203 2149 1322 2222 testes,
1339 2141 1395 2204 vel
1417 2142 1492 2226 reji-

240 2252 390 2331 ciebant,
405 2249 460 2313 vel
483 2247 546 2311 sibi
561 2247 718 2333 prodesse
733 2249 970 2332 ostendebant,
994 2258 1028 2312 et
1044 2270 1129 2333 quae
1147 2227 1229 2312 alias
1251 2249 1323 2332 ipsa
1346 2251 1493 2334 suggerit

238 2359 325 2423 ratio
348 2378 547 2441 caussaeque
570 2355 715 2420 indoles:
734 2356 852 2420 Cicero
873 2358 961 2419 Oret.
978 2377 1040 2440 pro
1056 2362 1094 2418 A.
1113 2357 1253 2420 Cluentio
1272 2378 1297 2418 c.
1312 2356 1366 2418 18.
1382 2365 1418 2420 et
1435 2380 1492 2440 pru

239 2467 284 2530 M.
299 2468 430 2548 Fontejo
447 2487 472 2526 c.
488 2463 517 2528 1.
540 2472 574 2526 et
596 2463 645 2525 16.
678 2462 766 2526 Illud
791 2485 870 2527 vero
896 2486 961 2527 non
990 2463 1340 2549 praetermittendum,
1364 2464 1492 2527 illosiu

241 2571 385 2658 epilogis
408 2570 449 2636 ad
466 2570 722 2633 misericordiam
740 2571 969 2635 concitandam
993 2573 1091 2636 etiam
1108 2571 1193 2634 filios
1215 2592 1347 2634 reorum
1372 2573 1493 2658 produ·

241 2680 337 2742 xisse.
360 2676 435 2754 Qua
448 2676 490 2739 de
513 2698 549 2739 re
566 2676 667 2740 multa
682 2697 741 2740 suo
763 2700 855 2743 more
872 2680 1042 2764 praecepit
1058 2677 1302 2758 Quinctilianus
1324 2679 1408 2744 lust.
1428 2703 1492 2743 oru-

240 2795 299 2848 tor.
319 2785 371 2846 Vl.
385 2783 416 2847 2.

812 2897 841 2977 §.
866 2897 917 2960 29.

741 3013 920 3065 Laudationes
937 3015 985 3066 rei.

324 3110 398 3174 Nec
422 3113 553 3196 patroni
576 3111 679 3175 solum
705 3134 796 3176 reum
819 3135 880 3198 per
904 3114 1033 3199 aliquot
1056 3135 1155 3199 saepe
1182 3114 1253 3178 dies
1267 3117 1301 3195 ²)
1334 3115 1494 3179 defende-

241 3215 336 3281 bant:
359 3218 416 3281 sed
437 3217 588 3284 adbiberi
604 3221 703 3285 etiam
719 3221 872 3284 solebant
894 3221 1095 3304 laudatores,
1111 3223 1145 3286 id
1165 3231 1224 3304 est,
1238 3244 1365 3288 summa
1380 3233 1495 3286 aucto-

241 3327 341 3391 ritate
363 3327 443 3409 viri,
459 3329 528 3393 sive
549 3329 653 3407 cives,
675 3331 743 3392 sive
761 3351 803 3392 ex
820 3331 1004 3414 municipiis
1021 3331 1126 3414 missi,
1148 3332 1203 3417 qui
1219 3313 1359 3414 publica
1378 3329 1495 3393 lauda-

241 3435 333 3497 tione
348 3435 396 3497 rei
414 3436 593 3518 periculum
611 3436 838 3500 sublevarent:
860 3436 979 3501 Cicero
999 3439 1088 3501 Orat.
1108 3460 1166 3521 pro
1186 3441 1226 3501 A.
1245 3439 1391 3500 C'luentr'o
1405 3460 1432 3500 c.
1446 3438 1496 3499 4⁰.

242 3539 370 3604 Horum
385 3542 591 3607 laudatorum
607 3544 801 3628 plerumque
817 3544 931 3608 decem
955 3545 1129 3628 dabantur,
1151 3547 1244 3630 isque
1261 3567 1417 3608 numerus
1427 3547 1495 3630 jam

243 3657 313 3712 erat
329 3650 472 3713 moribus
490 3660 709 3736 receptussut
723 3651 892 3716 honestius
908 3651 1086 3733 videretur,
1102 3653 1221 3735 nullos,
1238 3675 1335 3739 quam
1361 3653 1496 3737 paucio-

242 3776 293 3819 res
316 3758 483 3842 accipere:
507 3758 624 3822 Cicero
645 3765 677 3822 in
697 3760 824 3823 Verrem
845 3755 968 3846 [mer.
985 3761 1026 3822 II.
1048 3761 1115 3823 Lab.
1136 3761 1171 3824 V.
1191 3783 1215 3822 c.
1230 3757 1299 3845 22]
1322 3759 1374 3824 Ea
1398 3781 1496 3844 porro

243 3861 390 3928 laudatio
418 3865 517 3928 modo
540 3867 813 3948 praemittebatur
838 3869 1044 3950 defensioni,
1074 3866 1173 3931 modo
1195 3869 1434 3934 innectebatur
1451 3869 1497 3930 ei-

132 3972 135 3977 ’
247 3969 336 4049 dem,
362 3972 460 4034 modo
491 3993 562 4034 eam
586 3972 864 4058 subsequebatur,
891 3985 926 4039 ut
949 3997 992 4039 ex
1017 3975 1185 4040 Ciceronis
1209 3976 1422 4040 orationibus
1441 3997 1498 4058 pro

313 4177 341 4242 s)
363 4175 427 4227 Vid.
446 4175 569 4240 inprimis
588 4191 641 4228 von
657 4177 855 4246 allmendingen
875 4178 959 4230 Ueber
974 4181 1016 4232 die
1029 4181 1146 4232 rationes
1159 4180 1317 4232 domesticae
1329 4181 1380 4231 der
1395 4180 1498 4232 R'o'ner

245 4262 348 4313 zoclen
366 4261 458 4312 Zeiten
479 4261 527 4310 der
543 4261 638 4326 freieu
655 4261 806 4330 Republils5
832 4264 860 4316 in
879 4266 1009 4316 Grolman
1039 4265 1150 4332 Mopse.
1168 4263 1226 4330 sair
1250 4265 1292 4316 die
1320 4263 1430 4316 Philon.
1448 4263 1500 4316 aad

249 4343 398 4398 Gerehlclte
410 4347 456 4396 der
467 4345 566 4398 Rechts
577 4363 604 4398 u.
616 4362 638 4398 s.
654 4363 685 4397 u.
701 4349 732 4399 T.
744 4348 780 4398 11.
795 4365 822 4414 p.
841 4353 984 4402 rra-483.
999 4348 1088 4402 Haud.
1113 4351 1171 4401 Lex
1187 4349 1302 4402 Servilia
1323 4351 1499 4418 repetunda.

246 4445 269 4478 c.
287 4429 338 4481 lx.
356 4445 381 4495 p.
396 4436 438 4482 54.
456 4445 496 4498 sq.
515 4434 557 4484 ed.
575 4432 692 4483 Klenzii.
712 4431 799 4499 Mill.

314 4513 339 4576 t)
359 4513 405 4566 Sic
423 4513 518 4566 Cicero
536 4515 693 4568 Cornelium
709 4530 759 4579 per
775 4514 950 4582 quatriduum
965 4515 1100 4580 defendit,
1126 4521 1195 4569 teste
1210 4519 1313 4571 Ascou.
1329 4519 1461 4572 Pediano
1475 4517 1501 4569 iu

236 4590 328 4645 ·Orot.
350 4597 402 4648 Cic.
413 4613 467 4665 pro
488 4598 517 4650 0.
538 4597 659 4650 Cornelio
674 4617 703 4668 p.
723 4603 781 4652 126.
799 4600 877 4653 Heln.
960 4639 963 4650 .
