3056 5168
223 457 314 538 mc
544 399 549 409 “
659 402 1054 521 mmmm.

226 643 349 694 arrium
366 641 465 688 maon
480 641 571 707 csse,
593 625 701 690 statim
716 626 863 690 addebat
882 626 939 711 qui
957 626 1007 698 rei
1025 647 1170 693 caussam
1188 628 1332 718 agebats
1354 647 1400 694 ιτ
1420 649 1482 694 neo

227 725 337 817 unco,
359 750 452 810 ouon
477 749 543 796 scu
570 749 634 798 aas
665 750 923 798 cunicarnam.
956 733 1190 818 Sequebantur
1216 737 1415 820 sponsiones
1443 760 1483 802 ex

226 850 322 927 parte
341 842 479 905 actoris:
500 855 698 906 arouorsun
719 856 948 918 pomoranos,
967 856 1118 906 arnono
1139 859 1215 908 rsra
1235 861 1285 908 nx
1301 861 1392 908 runc
1413 861 1484 921 om-

226 966 350 1014 arrmu
372 957 462 1012 naus
483 953 556 1012 arr?
582 963 746 1013 aronnaco.
767 951 821 1014 Ex
842 957 936 1033 parte
956 971 1038 1012 vero
1060 949 1181 1013 altera:
1203 967 1251 1014 ru
1274 969 1365 1016 vano
1387 969 1483 1016 seon-

228 1073 349 1138 Dasrffl,
371 1071 627 1120 N1HOM0'ruus
648 1071 713 1139 arr,
728 1075 809 1121 vaa
830 1073 893 1122 Res
908 1071 1076 1120 JUDIGATA
1096 1063 1170 1122 Sir?
1191 1075 1361 1122 srounao.
1384 1060 1482 1122 Deni-

228 1185 295 1250 que
311 1171 345 1228 et
363 1165 454 1226 'actio
471 1170 505 1225 et
521 1165 677 1248 exceptio
692 1164 901 1228 inserebatur
920 1163 1094 1245 formulae,
1110 1165 1189 1249 quia
1205 1165 1317 1250 jrrdex
1340 1166 1484 1243 dabatur,

227 1272 292 1336 hoc
318 1271 434 1335 modo:
464 1286 495 1334 s1
517 1287 646 1354 raunr,
673 1289 767 1336 nouo
794 1287 955 1336 nournau
982 1287 1066 1334 suan
1088 1289 1270 1348 occurrunt
1292 1291 1371 1337 onor
1401 1291 1483 1352 asse,

201 1460 203 1464 Ι
228 1397 343 1455 nacon
360 1394 423 1442 aas
439 1393 608 1441 sooronra
629 1395 694 1461 srr,
712 1395 819 1444 saron
834 1395 1076 1442 counnunnro.
1097 1378 1202 1444 Aliud
1218 1381 1417 1464 exemplum
1434 1382 1485 1444 de

187 1547 191 1550 .
230 1487 280 1551 dit
289 1487 312 1552 J
314 1509 344 1548 o.
357 1484 418 1549 Ge.
432 1483 595 1548 Graevius
610 1487 713 1568 Epaioi.
726 1488 770 1548 od
782 1486 981 1556 Scbclterum,
995 1485 1119 1548 inserta
1134 1486 1292 1550 Scbilteri
1300 1489 1486 1550 Esermtott.

229 1597 275 1660 od
290 1595 443 1658 Pendeat.
462 1593 531 1656 VII.
545 1593 576 1656 3.
585 1615 621 1674 p.
636 1593 708 1656 143.
720 1615 765 1676 eq.
787 1593 839 1656 Cf.
856 1592 934 1656 Ger.
950 1592 1068 1656 Noodt
1082 1595 1121 1655 de
1134 1595 1256 1658 Jon‘ad.
1270 1605 1304 1660 et
1318 1595 1485 1677 Imp.le

223 1727 259 1788 p.
274 1702 345 1766 144.
368 1700 443 1764 Car.
460 1699 615 1786 Sigonius
635 1703 675 1762 de
690 1701 820 1783 Judcba’ri
838 1699 930 1762 nal.
945 1721 980 1782 p.
999 1699 1072 1762 479.
1094 1700 1327 1784 Exceptiones
1347 1702 1485 1785 plerum·
1523 1685 1524 1694 ¹

230 1832 296 1897 que
317 1810 590 1892 proponebantur
611 1808 740 1872 verbis:
761 1825 794 1874 sl
813 1823 906 1889 Non,
928 1805 984 1870 vel
1005 1824 1049 1892 nc
1072 1823 1103 1872 sl
1125 1825 1213 1891 Non,
1235 1809 1340 1872 item:
1361 1825 1432 1874 on
1448 1826 1482 1886 sr,

229 1934 300 1982 nur
326 1933 414 1996 msc,
436 1932 551 1979 nxrau
573 1932 670 2018 corp
692 1931 742 1997 ar,
766 1933 867 1990 ouon.
899 1915 1065 1999 Exempla
1089 1935 1132 1977 ex
1152 1916 1226 1999 ipso
1242 1917 1329 2000 jure
1354 1914 1480 1998 collegit
1523 1975 1524 2010 .

229 2026 346 2091 Jacob.
363 2023 516 2108 cujacius
536 2022 710 2086 observare.
730 2024 767 2088 V.
780 2021 832 2086 34.
848 2032 883 2088 et
902 2023 1007 2087 multo
1029 2022 1216 2088 adcuratius
1236 2024 1345 2090 Barn.
1362 2023 1483 2086 Brisso-

230 2135 303 2198 nius
320 2134 359 2195 de
371 2133 470 2210 sorm.
485 2132 551 2192 Lib.
571 2130 607 2191 V.
621 2152 647 2194 c.
660 2132 810 2194 75-77.
831 2133 899 2195 Par
917 2131 1003 2195 ratio
1026 2140 1098 2194 erat
1116 2131 1395 2215 replicationum,
1409 2151 1484 2214 quae

231 2241 350 2306 eodem
372 2248 523 2322 tempore
548 2238 733 2324 eademque
761 2239 892 2302 ratione
915 2235 1153 2322 opponendae,
1180 2240 1216 2304 in
1238 2238 1485 2322 stipulationem

184 2343 189 2352 ’
232 2348 466 2430 deducendae,
482 2346 712 2432 formulaeque
729 2355 822 2412 erant
839 2346 1046 2412 inserendae.
1165 2383 1168 2390 .

813 2523 842 2604 p.
865 2525 895 2585 s.

608 2638 747 2711 Quaenam
764 2638 792 2690 in
800 2639 913 2707 judiciis
932 2638 1014 2692 bonne
1024 2640 1112 2710 fidei?
1523 2613 1524 2678 l

315 2754 397 2819 Alia
419 2774 499 2817 vero
525 2761 597 2817 erat
619 2753 704 2817 ratio
721 2753 921 2839 judiciorum
947 2754 1056 2821 bonae
1078 2753 1177 2834 fidei,
1199 2754 1233 2816 in
1256 2755 1384 2838 quibus
1411 2753 1483 2818 nibil
1523 2751 1524 2840 l

232 2864 410 2945 attinebat,
427 2863 644 2948 exceptiones
664 2862 699 2924 in
716 2863 793 2946 jure
809 2885 827 2926 a
842 2863 1004 2926 Praetore
1027 2861 1198 2949 speciatim
1214 2859 1403 2945 impetrari,
1425 2863 1483 2924 foi·
1523 2847 1524 2902 s

233 2971 409 3056 malaeque
431 2971 573 3054 includi,
588 2970 749 3057 siquidem
765 2972 880 3033 arbitri
897 2972 995 3034 labero
1016 2981 1047 3034 et
1067 2973 1161 3033 nollo
1179 2971 1337 3032 adstricta
1360 2973 1483 3033 vincum

233 3083 342 3163 religio
368 3087 400 3140 et
427 3081 593 3147 detrahere
618 3081 736 3161 ob‘qaid
750 3087 894 3161 poterat,
917 3087 947 3140 et
972 3081 1128 3161 adjicere:
1155 3077 1286 3140 Seneca
1312 3079 1353 3139 de
1379 3076 1485 3154 Benef-

233 3189 293 3249 ΙΙΙ.
313 3187 344 3248 7.
359 3189 404 3267 ¹¹).
426 3187 515 3250 Hinc
536 3187 645 3251 locum
668 3186 814 3251 habebat
830 3187 989 3271 exceptio
1011 3187 1110 3249 etiam
1134 3193 1210 3268 post
1230 3185 1303 3249 litis
1323 3193 1485 3254 contesta—

235 3297 360 3360 tionem
376 3295 538 3379 opposita.
561 3295 651 3372 Quin
667 3294 882 3380 exceptiones
898 3294 1008 3358 bonae
1023 3293 1103 3358 fidei
1115 3293 1252 3380 judiciis
1270 3292 1378 3356 inesse
1393 3290 1483 3353 dice-
1523 3283 1524 3316 ¹

232 3403 368 3466 bantur:
391 3403 429 3464 L.
443 3403 473 3466 3.
489 3405 529 3466 D.
544 3405 583 3466 de
597 3405 743 3466 Resciod.
759 3405 872 3466 cendit.
890 3407 923 3464 L.
940 3402 991 3466 84.
1006 3403 1035 3484 §.
1050 3403 1079 3464 5.
1098 3403 1140 3464 D.
1157 3402 1196 3462 de
1215 3405 1331 3482 Legat.
1346 3403 1372 3463 1.
1386 3397 1485 3462 Ml.

111 3493 114 3502 ¹
233 3512 274 3572 1).
290 3512 386 3572 uolut.
406 3516 539 3574 matrim.
564 3511 642 3574 Ger.
658 3509 774 3574 Noodt
787 3511 858 3574 ioca.
875 3495 909 3573 et
925 3510 1080 3572 Probabit.
1097 3511 1139 3576 ΙΙ.
1154 3508 1184 3569 1.
1193 3531 1227 3590 p.
1244 3507 1298 3569 42.
1311 3529 1357 3600 pq.
1372 3509 1410 3570 de
1417 3507 1487 3585 joe-

184 3633 187 3636 ·
232 3637 310 3679 nore
324 3627 354 3680 et
369 3639 457 3680 usur.
475 3618 533 3678 ΙΙΙ.
549 3617 597 3679 15.
608 3639 640 3700 p.
655 3617 726 3683 330.
742 3600 904 3697 desoluto
921 3617 1110 3679 emendandi
1124 3617 1189 3678 doti
1202 3618 1285 3678 mals·
1299 3637 1326 3680 c.
1336 3617 1369 3678 5.
1375 3639 1408 3700 p.
1419 3613 1486 3677 488.

233 3723 303 3788 0.·8.
312 3746 346 3806 p.
361 3724 433 3786 495.
448 3725 487 3786 de
502 3734 588 3806 pact.
604 3734 635 3787 et
649 3736 801 3789 transcat.
819 3749 846 3788 ca
860 3724 910 3787 11.
923 3747 958 3806 p.
970 3723 1051 3786 582.

819 3897 900 3980 Μ

457 4025 586 4080 Probotr'o
604 4029 761 4100 exceptionis
779 4037 806 4082 et
821 4028 1000 4099 replicationis
1009 4029 1091 4095 facta
1108 4025 1262 4097 injudicio.

316 4143 385 4208 Ubi
407 4144 449 4208 ad
464 4145 625 4231 judicium
649 4157 800 4229 ventum,
823 4157 915 4211 actor
936 4168 1025 4210 suam
1048 4145 1211 4210 actionem
1236 4152 1273 4207 et
1297 4143 1485 4230 replicatio-

234 4270 325 4328 nem3
347 4273 421 4316 reus
447 4255 678 4339 exceptionem
702 4264 737 4319 et
758 4254 1016 4340 duplicationem
1039 4251 1212 4336 probabat.
1244 4251 1337 4317 Nam
1365 4264 1401 4319 et
1420 4271 1485 4316 rens

237 4359 433 4444 excipiendo
450 4369 542 4426 actor
557 4365 674 4428 fiebatc
694 4365 731 4426 L.
747 4365 776 4426 1.
792 4365 833 4424 D.
849 4365 888 4426 de
903 4363 1032 4443 Except.

237 4534 530 4551 ⁸·——n——u—

304 4635 337 4699 u)
357 4635 420 4687 Vid.
438 4644 526 4691 tamen
545 4657 615 4707 quac
633 4603 890 4695 observavimusad
908 4643 928 4710 i.
946 4647 972 4695 3.
992 4647 1047 4695 not.
1064 4657 1103 4694 m.
1121 4637 1208 4693 Moli.
