3062 5156
130 406 135 418 =
196 379 269 448 aaa
624 340 701 444 aa.
728 375 758 444 r.
783 375 866 443 ra.
890 375 1016 463 xxvi.
1064 336 1068 340 ’
1107 365 1112 370 ·

197 573 257 616 eos
271 551 326 616 vel
344 550 424 614 dolo
441 548 539 631 malo,
553 549 609 612 vel
626 547 723 632 culpa
739 571 805 632 sua,
822 571 937 633 parum
952 549 1135 634 diligenter
1146 551 1287 616 tutelam
1304 553 1447 638 gessisse,

197 661 384 744 adpareret,
399 656 657 720 removebantur
663 682 672 734 3
689 660 731 721 ab
747 679 854 742 eaque
869 655 1106 724 interdictione
1122 669 1156 722 et
1170 681 1283 744 poena
1297 679 1360 722 nec
1374 681 1449 744 pro-

141 775 143 782 ’
197 767 293 830 missa
308 758 478 829 satisdatio
494 764 675 827 liberabat:
691 765 719 844 §.
734 764 785 826 12.
800 766 877 826 Inst.
893 766 922 825 b.
938 774 959 826 t.
984 765 1167 829 Praeterea
1186 776 1221 830 et
1236 768 1367 831 infamis
1384 778 1449 832 erat

143 878 148 887 ‘
197 883 304 957 tutor,
331 873 604 958 quotiescumque
629 871 700 935 doli
728 871 888 956 culpaeve
918 871 1007 936 latae
1034 875 1143 938 fuerat
1164 876 1350 938 convictus:
1376 876 1403 956 §.
1420 875 1449 938 6.

197 983 262 1044 eod.
288 981 469 1044 Commune
488 980 523 1044 id
542 979 606 1041 hoc
623 978 785 1064 judicium
803 979 906 1042 habet
925 1001 996 1041 cum
1017 983 1168 1044 omnibus
1188 982 1346 1066 reliquis,
1369 1003 1449 1065 quae

198 1089 373 1152 occasione
396 1087 522 1152 tutelae
550 1087 715 1166 oriamur,
736 1086 841 1149 veluti
864 1088 1049 1152 actionibus
1072 1091 1190 1151 tutelae
1215 1097 1249 1152 et
1277 1091 1450 1154 de'ds'stra-

198 1199 307 1258 lesdis
327 1197 508 1258 notebaldus.
535 1193 625 1256 Hinc
647 1203 739 1274 turpe
761 1197 878 1256 tutelae
896 1176 1055 1280 judicium
1075 1205 1235 1260 memorat
1256 1197 1376 1260 Cicero
1394 1219 1452 1279 pre

198 1307 239 1367 A.
261 1305 397 1372 Caecina
416 1322 441 1362 c.
459 1300 490 1362 3.
508 1298 603 1363 Idem
619 1322 680 1382 pro
702 1302 737 1377 Q.
756 1303 868 1388 Roscio
886 1304 1035 1366 Oosnoedo
1052 1325 1076 1365 c.
1096 1304 1126 1366 6.
1159 1305 1198 1366 Si
1212 1323 1275 1387 qua
1296 1315 1372 1368 suut
1386 1308 1450 1386 prf-

197 1421 272 1472 oatu
287 1412 410 1492 judaeeis
427 1403 567 1474 samniae
587 1410 842 1482 existimationis,
864 1420 894 1472 st
908 1431 1012 1490 paene
1031 1407 1132 1472 dicam
1150 1417 1278 1493 eapitis,
1297 1417 1362 1474 tria
1379 1415 1452 1474 laec

198 1528 289 1591 sunt,
300 1519 458 1600 fiduciae,
477 1519 607 1592 tutelae,
621 1517 786 1576 societatis.
809 1518 919 1597 Aeque
934 1522 1015 1578 euim
1029 1519 1232 1600 perfidiosum
1247 1528 1281 1590 et
1297 1520 1452 1597 nefarium

197 1636 255 1708 est,
269 1627 371 1707 fldem
380 1625 561 1704 frangere.
576 1641 657 1704 quae
671 1625 807 1682 eontinet
826 1627 940 1696 uttams
953 1633 984 1686 et
994 1628 1150 1706 pupillam
1159 1625 1335 1705 fraudare,
1353 1631 1407 1708 qai
1419 1630 1451 1688 ia

198 1736 329 1796 tutelam
341 1735 503 1812 persenit:
519 1739 551 1792 et
563 1731 679 1791 sadum
694 1730 829 1806 saltere,
851 1734 908 1812 qui
919 1743 953 1792 se
967 1735 1000 1794 iu
1015 1737 1137 1814 negotio
1151 1735 1325 1815 conjunxit.

784 1879 813 1960 ᾗ.
834 1857 866 1938 l.

497 1967 590 2044 Poena
607 2000 723 2044 tutor-mn
742 1995 915 2070 quorumdam
933 1996 1157 2050 extraordinaria.

281 2097 537 2178 Nonnumquam
560 2093 678 2175 etiam,
695 2093 721 2156 si
737 2094 850 2157 dolum
873 2095 1035 2179 insignem
1060 2097 1192 2183 aliaque
1212 2096 1337 2162 delicta
1351 2098 1453 2162 inter·

199 2205 329 2268 venisse
348 2204 542 2286 adpareret,
558 2209 686 2265 tutores
709 2210 776 2265 tam
796 2204 916 2265 nefarii
934 2205 977 2267 ad
999 2205 1193 2268 Praefectos
1213 2207 1454 2270 urbi‘remitte-

198 2314 328 2394 bantur,
349 2320 444 2374 extra
459 2308 609 2372 ordinem
626 2309 802 2394 puniendi:
819 2312 848 2392 ς.
862 2311 912 2372 10.
930 2314 1008 2384 lust.
1028 2315 1057 2374 lt.
1075 2323 1097 2374 t.
1116 2314 1258 2377 maxime
1274 2314 1301 2376 si
1316 2313 1453 2376 libertus

200 2427 290 2483 tutor
313 2418 399 2482 filios
422 2417 478 2481 vel
497 2425 637 2500 nepotes
661 2419 794 2500 patroni
817 2413 1016 2482 fraudasset:
1034 2421 1061 2502 ς.
1078 2420 1128 2483 11.
1146 2423 1212 2483 eod.
1237 2421 1346 2499 Quum
1368 2424 1451 2484 enim

200 2547 323 2589 merum
349 2526 383 2588 in
407 2527 488 2588 urbe
514 2525 687 2607 imperium
712 2546 777 2589 non
807 2536 893 2590 esset
917 2549 1020 2612 penes
1046 2528 1237 2611 Praetores,
1268 2529 1328 2592 sed
1354 2550 1453 2614 penes

200 2634 412 2698 Praefectum
432 2633 524 2716 urbi,
547 2634 636 2718 cujus
661 2642 731 2697 erat
750 2634 1014 2699 animadvertere
1036 2635 1071 2698 in
1091 2636 1243 2719 crimina,
1265 2659 1351 2722 quae
1370 2641 1454 2701 intra

200 2743 313 2807 urbem
324 2788 335 2824 ,
350 2740 405 2804 vel
424 2740 636 2803 centesimum
651 2741 794 2805 milliare
814 2751 909 2806 extra
927 2763 1009 2825 eam,
1028 2743 1327 2809 committerentur:
1348 2746 1454 2808 Tacit.

162 2855 165 2872 ‘
190 2837 318 2914 ¹Auual.
339 2851 391 2912 VI.
408 2848 459 2910 11.
481 2847 549 2910 Dio
567 2847 654 2913 Cass.
674 2851 746 2913 LII.
762 2850 813 2914 42.
837 2852 929 2915 Suet.
949 2855 1034 2934 Aug.
1052 2873 1076 2913 c.
1092 2851 1142 2918 37.
1159 2853 1196 2914 L.
1216 2853 1245 2914 1.
1260 2857 1362 2935 ρνίηο.
1380 2851 1454 2935 §.3

199 2959 229 3020 4.
251 2958 301 3020 10.
322 2958 362 3019 D.
383 2959 422 3019 de
448 2957 538 3038 Offie.
567 2959 678 3037 Praef.
704 2961 772 3022 urb.
796 2961 975 3043 oportebat
1000 2959 1135 3021 omnino
1159 2961 1355 3023 Praetorem
1382 2979 1454 3023 reos

200 3064 485 3129 animadversione
504 3064 559 3128 vel
577 3065 740 3150 supplicio
761 3066 878 3150 dignos
896 3067 938 3129 ad
953 3067 1164 3131 Praefectum
1184 3069 1259 3130 urbi
1274 3069 1454 3132 remittere.

201 3173 277 3250 Qua
290 3173 483 3237 remissione
499 3195 581 3259 opus
596 3195 663 3236 non
682 3184 754 3238 erat
768 3175 801 3236 in
813 3174 991 3258 provinciis
1007 3179 1052 3257 ⁰),
1064 3175 1121 3239 ubi
1136 3175 1287 3239 Procoss.
1302 3184 1337 3240 et
1353 3158 1455 3240 Prae-

201 3283 288 3345 sides
305 3289 343 3346 et
352 3281 587 3367 jurisdictione
605 3292 639 3346 et
653 3283 794 3366 imperio
811 3303 901 3344 mero
919 3282 1120 3365 gaudebant.
1142 3284 1277 3368 Insigne
1292 3283 1389 3369 hujus
1408 3305 1454 3347 se-

199 3389 349 3454 veritatis
368 3388 554 3472 exemplum
576 3390 689 3453 statuit
705 3390 832 3473 Galba,
851 3389 1043 3454 Lusitaniae
1062 3391 1219 3474 Praeses,
1238 3391 1295 3477 qui
1312 3401 1454 3468 tutorem,

204 3499 286 3580 quod
298 3499 462 3578 pupillum,
480 3503 534 3560 eui
549 3484 840 3560 substitutus'lzeres
858 3509 1070 3572 erat‚ueaeuo
1088 3508 1240 3573 necasset,
1255 3521 1351 3561 cruce
1368 3501 1454 3577 adse-

200 3609 260 3667 cs't:
278 3608 516 3686 implorantique
531 3607 629 3686 leges,
651 3615 681 3666 et
697 3611 792 3668 ciuem
808 3607 984 3668 Romanum
1002 3628 1036 3668 se
1050 3611 1245 3691 testbieunts',
1267 3613 1363 3688 quasi
1376 3611 1455 3669 sola-

195 3711 249 3785 ‚tio‘
257 3722 290 3774 et
303 3714 419 3802 bonore
432 3716 534 3795 aliquo
551 3733 684 3794 poenam
702 3716 874 3786 levaturus,
889 3719 1015 3785 matari,
1027 3716 1182 3796 multoque
1193 3724 1324 3795 praeter
1336 3725 1455 3776 ceteras

201 3822 342 3880 altiorem
357 3831 386 3882 et
401 3821 578 3883 dealbatam
593 3826 695 3883 statui
705 3843 826 3884 crucem
835 3823 953 3904 jussit:
968 3821 1104 3884 Sueten.
1123 3823 1212 3883 eall.
1227 3843 1252 3882 a.
1267 3822 1297 3883 9.

736 3993 740 3998 ·
786 3973 868 4054 §.a

580 4089 659 4142 Actio
677 4091 708 4142 de
727 4090 902 4143 distrahendis
918 4088 1073 4143 rationibus.

286 4188 440 4251 Ceterum
458 4190 499 4252 ab
516 4187 580 4252 hoc
591 4190 721 4274 judicio
739 4187 869 4254 diversa
889 4199 960 4254 erat
977 4192 1064 4254 actio
1082 4194 1121 4253 cle
1135 4173 1349 4254 distrahendis
1363 4196 1455 4254 ratia-

271 4388 300 4453 e)
322 4389 517 4455 Praeterquam
534 4387 559 4439 si
579 4387 645 4454 quid
663 4365 831 4454 contingeret
848 4389 876 4439 in
894 4387 1050 4454 municipio.
1075 4392 1154 4443 'l'unc
1171 4389 1243 4442 cuim
1261 4405 1294 4440 ea
1307 4389 1383 4455 juris
1400 4405 1456 4441 mu·

202 4469 325 4535 uicipalis
337 4471 406 4523 ratio
419 4479 486 4536 erat,
503 4478 534 4524 ut
551 4489 614 4524 rcus
627 4472 722 4524 mortis
737 4473 773 4523 ad
787 4473 944 4524 Praesidem
959 4475 1147 4527 remitteretur.
1164 4477 1199 4527 Et
1213 4475 1251 4527 ita
1270 4476 1362 4528 locum
1374 4477 1455 4527 loan-

202 4555 246 4608 uis
264 4557 454 4623 Evangelistac
472 4577 495 4611 c.
516 4563 556 4612 18.
574 4577 599 4610 u.
615 4562 658 4610 31.
676 4557 795 4624 explieat
813 4557 917 4612 Huber.
937 4556 1049 4613 Dissert.
1069 4559 1134 4620 1.,3.
1152 4577 1190 4629 sq.
1211 4559 1292 4613 Heln.
