3030 5160
381 393 436 460 Da
462 393 661 464 Vennonum
686 392 994 464 Osruosrromum.
1243 402 1311 469 bil

644 569 673 651 s.
695 568 724 632 1.

524 675 664 744 stipulatio
681 677 751 730 unde
769 677 856 730 dictu?

145 771 328 834 Commune
350 767 466 831 horum
494 777 720 832 contractuum
746 789 867 831 nomon
894 768 995 832 hodie
1025 776 1075 832 est
1101 785 1315 855 errautinm,

56 901 148 964 quae
161 878 248 941 unde
266 874 355 938 dicta
370 874 422 956 sit,
436 895 504 938 uon
529 875 615 938 adeo
639 875 831 958 expeditum
848 882 906 937 est,
934 874 1049 959 Vulgo
1064 875 1100 940 id
1118 878 1315 943 vocabulum

57 985 217 1048 derivant
232 1005 252 1046 a
267 981 373 1045 veteri
387 984 550 1062 stipulum,
564 981 656 1066 quod
670 982 759 1044 idem
776 981 828 1061 sit,
844 1003 882 1044 ac
893 982 1035 1046 firmum:
1050 981 1149 1046 Pauli
1161 983 1317 1050 Sententt.

56 1094 203 1171 Recepit.
220 1089 255 1149 V.
272 1088 301 1151 7.
317 1088 346 1150 1.
358 1092 460 1169 princ.
474 1090 551 1150 inst.
566 1090 606 1150 de
625 1088 715 1150 Verb.
731 1089 819 1170 oblig.
834 1090 1108 1172 quemadmodum
1126 1098 1161 1152 et
1175 1091 1210 1154 in
1224 1093 1317 1154 Glos-

55 1203 103 1260 sis
112 1199 244 1258 Basilio.
261 1195 424 1259 orrnoblor
445 1201 496 1256 est
513 1197 643 1278 ἰσχυρόν,
650 1199 795 1277 firmans.
810 1194 857 1258 At
869 1195 927 1258 alii
939 1219 958 1259 a
970 1202 1048 1278 stipe
1063 1197 1184 1262 dictam
1201 1197 1317 1262 existi·

57 1312 154 1368 mant
178 1302 435 1385 stipulationem,
460 1303 538 1386 quia
564 1301 607 1366 de
633 1301 730 1384 stipe,
753 1299 809 1363 vel
830 1322 867 1363 re
890 1302 1092 1384 pecuniaria,
1112 1303 1316 1386 potissimum

58 1409 216 1494 stipulari
229 1417 264 1472 et
274 1408 461 1491 restipulari
473 1408 705 1490 consueverint
715 1402 856 1472 veteres.
872 1410 925 1472 lta
936 1409 1024 1472 enim
1032 1409 1141 1472 Varro
1152 1411 1191 1471 de
1205 1411 1317 1492 lingrm

57 1521 117 1580 lat.
134 1518 158 1577 I
158 1517 192 1577 V.
208 1514 243 1600 [*
246 1537 278 1598 p.
294 1515 345 1576 49.
360 1536 405 1596 sq.
426 1507 472 1576 ex*
487 1517 559 1576 edit.
572 1513 717 1599 Bipont.]
730 1521 795 1578 Aes
811 1537 929 1598 quoque
948 1519 1057 1596 stipem
1066 1517 1216 1578 dicebant.
1231 1518 1317 1580 Nam

58 1625 147 1707 qnod
165 1643 252 1683 asses
271 1623 369 1683 librae
378 1623 483 1704 pondo
498 1631 591 1684 erant
598 1645 609 1694 ,·
632 1625 688 1704 qai
702 1632 888 1704 acceperant
902 1626 1052 1706 majorem
1066 1643 1240 1697 numeram,
1255 1645 1317 1686 nan

57 1737 91 1793 in
111 1751 191 1792 arca
204 1730 372 1809 ponebant,
387 1730 444 1790 sed
458 1732 490 1790 in
506 1731 612 1809 aliquo
626 1731 705 1790 cella
715 1730 882 1811 stipabant,
898 1732 931 1791 id
945 1739 1001 1804 est,
1017 1733 1247 1812 componebant,
1258 1753 1317 1813 qao

58 1843 165 1900 minas
183 1837 244 1896 loci
261 1843 443 1916 occuparet:
471 1856 492 1895 a
513 1837 658 1915 stipando
680 1839 791 1917 stipem
814 1837 916 1898 dicere
936 1847 1112 1918 coeperunt.
1130 1836 1258 1918 Sapore
1277 1840 1317 1899 ab

59 1949 196 2028 σιείβειν
206 1943 361 2020 sortasse,
381 1944 502 2004 Graeco
517 1943 671 2004 vocabulo.
684 1943 725 2004 la
738 1943 880 2025 adparet,
894 1945 978 2022 qaod
990 1953 1025 2006 at
1040 1948 1131 2017 alias,
1148 1953 1214 2006 turn
1228 1949 1317 2008 insti-

59 2059 164 2112 tutum
184 2053 277 2110 etiam
294 2069 387 2120 nanc,
402 2049 472 2109 Diis
491 2069 586 2130 quum
602 2050 778 2110 tbesaureis
801 2070 887 2110 asses
902 2051 991 2122 dant,
1013 2055 1121 2133 stipem
1138 2053 1261 2112 dicunt:
1276 2061 1317 2125 et,

61 2162 118 2240 qui
124 2159 291 2240 pecuariam
303 2156 434 2236 adligat,
446 2174 635 2215 srrruuuar
646 2163 678 2216 et
689 2175 931 2216 nnsrrruaurr.
946 2156 1074 2219 Eodem
1090 2159 1188 2222 modo
1199 2160 1317 2222 Festus

61 2266 121 2329 sub
137 2283 222 2326 voce
237 2265 347 2344 stipem
359 2283 393 2342 p.
409 2261 479 2323 527.
504 2260 621 2342 Strpern
637 2262 778 2322 dicebant
794 2261 964 2342 pecuariam
978 2247 1147 2342 signatura,
1165 2267 1248 2345 quod
1261 2270 1318 2329 sti-

56 2379 213 2454 paretur:
234 2369 303 2430 ideo
316 2386 506 2429 srrruuum
526 2369 690 2440 diritatis,
710 2372 766 2449 qui
776 2371 991 2447 interrogatus
1007 2370 1136 2449 spondet
1151 2375 1270 2451 stipem,
1285 2373 1319 2434 id

61 2487 119 2550 est,
136 2498 200 2539 aes.
221 2452 378 2559 Denique
395 2473 436 2538 ab
452 2472 502 2537 his
519 2473 668 2537 omnibus
690 2473 760 2538 abit
776 2474 922 2537 Isidorus
944 2477 1130 2557 Origian.
1139 2477 1189 2540 24.
1201 2477 1316 2560 p.930.

62 2585 118 2670 qui
131 2583 378 2668 stipulationem
394 2580 528 2678 deducit
546 2585 701 2663 artmano,
716 2582 800 2644 hanc
814 2581 973 2665 adjiciens
988 2581 1167 2646 rationem:
1189 2586 1317 2648 Veteres

62 2697 153 2764 enim,
172 2691 297 2773 quondo
314 2690 374 2751 sabi
392 2691 511 2772 aliquid
532 2691 764 2772 promittebant,
787 2691 933 2770 stipulam
955 2697 1096 2753 tenentes
1107 2693 1317 2775 frangebant,

63 2821 160 2881 quam
175 2801 289 2860 iterum
303 2799 477 2881 jungentes
492 2801 671 2879 sponsiones
687 2795 926 2877 adgnoscebnnt.
949 2793 1045 2873 Quae
1059 2798 1180 2861 Isidori
1203 2798 1318 2862 obser*

64 2906 167 2986 vatio,
184 2907 210 2967 si
224 2925 303 2968 vera
319 2911 417 2985 esset,
429 2903 524 2966 simul
539 2903 702 2987 insignem
714 2903 891 2985 stipulandi
903 2902 998 2966 ritum
1011 2925 1071 2967 nos
1087 2905 1233 2969 doceret.
1248 2907 1316 2970 Sed

65 3035 165 3100 quum
181 3032 338 3097 nusquam
355 3009 449 3094 hujus
464 3011 545 3075 ritus
561 3013 620 3074 fiat
642 3009 779 3089 mentio,
800 3009 863 3072 nisi
885 3009 948 3073 huc
971 3011 1097 3076 referre
1121 3011 1203 3076 velis
1218 3013 1317 3080 ritum

65 3121 271 3186 Germanicis
287 3118 442 3203 gentibus
458 3117 663 3198 sollemnem,
677 3115 857 3180 adhibendi
868 3117 902 3178 in
921 3115 1086 3181 firmandis
1099 3120 1317 3202 obligationi-

65 3231 123 3294 bus
130 3230 305 3308 festucam,
320 3229 466 3298 crclmarn,
491 3229 648 3308 stipulam,
664 3222 719 3288 vel
734 3222 839 3286 simile
859 3221 993 3308 aliquod
1014 3225 1206 3309 symbolum,
1226 3229 1315 3314 cujus

66 3335 253 3420 exemplum
272 3342 379 3397 exstat
396 3334 570 3416 Capitulor.
585 3333 652 3394 Lib.
670 3331 721 3393 Vl.
738 3331 766 3412 ἕ.
782 3329 852 3393 285.
866 3351 908 3392 ex
927 3330 1006 3395 edit.
1018 3331 1243 3418 Lindenbrog.
1254 3356 1316 3399 nee

67 3446 168 3510 etiam
185 3443 330 3506 Varroni
353 3450 387 3506 et
407 3442 509 3504 Festo
528 3439 626 3504 facile
649 3438 876 3520 concedamus,
897 3438 1126 3526 stipulationes
1141 3441 1221 3504 olim
1238 3443 1316 3508 solis

66 3551 266 3638 pecuniariis
291 3549 559 3634 promissionibus
586 3546 786 3610 adcessisse:
811 3548 928 3611 merito
954 3546 1051 3609 Pauli
1075 3557 1109 3610 et
1138 3549 1316 3614 iustiniani

68 3661 307 3725 derivationem
321 3651 458 3741 reliquis
468 3655 706 3738 anteponimus.
722 3655 847 3717 Eadem
865 3663 913 3718 est
925 3654 1090 3717 sententia
1102 3656 1188 3741 Aeg.
1198 3657 1317 3721 Mena-

69 3771 114 3854 gii
137 3768 342 3831 Amoenitatt.
362 3767 430 3846 jar.
449 3767 504 3825 cia.
530 3787 555 3826 c.
577 3763 628 3826 39.
645 3786 678 3846 p.
697 3761 768 3824 372.
796 3762 851 3826 ubi
876 3753 1180 3828 idem³sentientem
1203 3764 1318 3828 laudat

69 3876 276 3955 Salmasium,
293 3880 326 3935 ct
343 3870 576 3956 etymologiam
593 3870 687 3956 hujus
703 3870 857 3933 vocabuli
873 3870 919 3934 ita
935 3871 1173 3954 explicantem:
1192 3891 1317 3934 oraru·

69 4007 140 4046 auur
151 3993 282 4056 veteres,
297 3981 381 4061 quod
399 3988 469 4041 erat
475 3983 619 4060 firmam,
636 3980 754 4050 dobere,
776 3985 807 4040 et
819 3979 959 4050 solatium,
974 4000 1015 4039 ea
1033 3980 1154 4039 Graeco
1169 3977 1317 4059 στυφελὸν

69 4101 97 4153 et
112 4088 258 4171 στυφλόν,
271 4089 354 4171 quod
366 4084 493 4172 στερεόν,
508 4085 634 4169 crabbio
649 4094 681 4147 et
693 4082 821 4169 σκληρὸν
840 4085 1047 4146 Grammatici
1056 4081 1317 4166 supranominate

69 4219 265 4278 sraruuurr,
280 4203 310 4257 et
319 4205 430 4277 postea
452 4214 641 4265 arrestum,
657 4199 692 4253 ut
708 4187 836 4266 σικελός,
848 4191 982 4252 Sr‘oulns.
1004 4192 1054 4252 Ab
1070 4212 1104 4251 eo
1119 4210 1316 4265 srrruuuar,

64 4312 207 4389 firmare,
226 4299 255 4365 et
272 4322 490 4379 srrruuurro,
512 4322 592 4382 quoe
610 4301 818 4378 interponitur
837 4299 1085 4379 adfirmandum
1095 4307 1224 4379 pactum
1239 4303 1282 4379 ι).

138 4489 169 4554 a)
191 4483 337 4553 stipulatio
355 4499 454 4536 nomen
472 4481 560 4544 habet,
579 4486 609 4532 ut
627 4483 701 4544 puto,
720 4479 849 4547 astipulo
868 4481 945 4531 firmo
964 4480 1006 4530 vel
1023 4494 1039 4529 a
1056 4477 1160 4546 rapula.
1182 4477 1232 4528 Est
1244 4483 1316 4530 utra·

73 4591 122 4641 que
140 4589 197 4626 vox
216 4589 232 4625 a
250 4572 328 4640 stipes
347 4575 373 4621 et
391 4571 465 4638 stipa,
484 4567 592 4635 stipare,
611 4565 683 4617 unde
701 4569 727 4615 et
745 4562 868 4632 obstipus.
890 4562 1096 4635 &pulsantem
1115 4560 1220 4626 dicitur,
1239 4561 1317 4630 quasi
