3040 5164
341 363 475 448 Qumus
500 365 682 468 Ascensus
708 362 819 432 Lmen
844 354 921 432 Vsu
946 387 1024 436 nos.
1238 368 1312 442 tot

50 546 253 624 interrogato
271 541 494 622 'responderem
521 548 552 600 et
577 541 725 620 stipulati
744 545 955 622 promitteret,
981 549 1018 604 ut
1039 542 1086 605 sit
1107 542 1209 627 Gajus
1233 545 1309 607 [nst.
1379 611 1382 619 .

50 650 93 710 II.
117 649 152 710 9.
171 648 202 710 3.
222 647 422 731 Exemplum
447 645 608 730 ejusmodi
634 646 854 730 stipulationis
876 657 926 712 est
947 649 1035 732 apud
1059 649 1212 714 Plautum
1242 652 1310 714 tis·-

50 775 182 818 nnmmo
196 759 268 818 Act.
291 756 326 815 V.
345 775 439 817 sceno
454 752 484 815 2.
499 773 526 814 c.
541 752 592 814 34.
607 771 670 834 sqq.

136 877 200 941 ns.
224 877 379 960 Sponden’
401 897 477 959 ergo
499 887 585 939 tuom
605 885 737 958 gnatam
760 897 887 939 neonem
908 881 1006 941 milii?

140 975 248 1048 (inin.
272 985 424 1066 Spmzdem
446 994 478 1045 et
498 987 580 1046 mille
602 989 678 1046 ascri
697 985 875 1066 Ptitppum
897 987 984 1049 dolis.

275 1093 337 1155 ΙΝ.
358 1093 470 1152 Dotem
492 1094 539 1153 nil
558 1109 668 1152 moror.

140 1199 249 1260 Onne.
273 1197 313 1260 Si
330 1201 385 1260 illo
400 1181 456 1259 tili
469 1202 583 1281 placet,
596 1197 751 1279 placendo
770 1199 824 1259 dos
844 1219 963 1280 quoqne
984 1207 1038 1272 est,
1061 1221 1155 1282 qnam
1173 1199 1229 1261 dot
1249 1201 1313 1264 tibi.

134 1307 306 1368 Postremo
325 1307 389 1378 boc,
406 1307 490 1387 qnod
507 1310 562 1376 eis,
581 1325 642 1366 non
658 1305 761 1375 duces,
778 1307 944 1380 uisitauit,
964 1308 1046 1388 qnod
1062 1327 1131 1388 nonx
1144 1311 1200 1381 cis,
1209 1309 1312 1385 feres.

139 1415 218 1474 Oen.
241 1414 299 1476 Jus
321 1414 370 1473 bic
391 1421 470 1474 ornt.
491 1413 551 1474 Ins.
572 1411 753 1492 impetrabit
775 1419 805 1473 te
826 1413 976 1475 advocato
997 1423 1091 1495 nique
1112 1416 1238 1476 arbitro.

136 1523 226 1582 Istoc
247 1521 316 1602 lege
329 1523 435 1614 filiam
456 1530 543 1581 tuam
565 1515 711 1599 sponden'
732 1523 778 1580 mi
795 1541 921 1582 uxorem
943 1523 1041 1584 dari?

140 1628 249 1688 Cetae.
272 1627 421 1708 Spondeo.
446 1626 520 1688 Uni..
542 1627 589 1687 Et
608 1645 665 1707 ego
686 1628 820 1706 spondeo
842 1629 931 1691 idem.

61 1750 143 1812 Illud
167 1748 269 1824 addo,
285 1749 395 1812 dotem
411 1748 607 1833 promissum
630 1748 714 1812 solvi
731 1751 939 1815 consuevisse
961 1751 1065 1814 tribus
1088 1751 1313 1834 pensionibus,

65 1879 182 1937 annua,
203 1858 309 1936 bime,
331 1857 427 1920 trima
444 1856 514 1937 die,
531 1866 567 1918 ut
583 1855 705 1920 docent
727 1858 881 1941 exempla
896 1857 984 1941 apud
1000 1857 1194 1921 Ciceronem
1212 1859 1312 1940 Epist.

63 1966 102 2024 od
114 1969 212 2026 Attis.
230 1964 287 2025 XI.
301 1964 332 2026 4.
346 1964 398 2056 23.
413 1972 447 2026 et
465 1965 521 2026 ult.
539 1971 574 2026 et
592 1965 625 2025 in
646 1965 814 2046 Eneerplis
835 1967 1044 2028 Psiresm'onis
1058 1987 1091 2046 p.
1109 1965 1179 2028 157.
1196 1965 1252 2028 ubi
1279 1966 1315 2030 id

63 2072 128 2133 fieri
154 2070 342 2156 oportuisse
364 2071 410 2134 sit
428 2069 596 2154 Polybius
631 2070 708 2160 nesci
725 2069 796 2146 cosle
810 2075 969 2154 Ῥωμαίων
989 2075 1114 2154 νόμους,
1142 2074 1313 2136 secundnm

61 2179 272 2242 Romanorum
294 2181 388 2260 leges.
421 2177 529 2255 Quem
559 2177 667 2240 locum
694 2160 897 2244 eSalmasio
923 2179 1058 2242 mirifice
1087 2181 1312 2263 perturbatum

64 2286 198 2370 egregie
221 2286 366 2350 illustret
382 2284 459 2349 Ger.
475 2285 591 2350 Noodt
606 2287 741 2364 dejoco.
757 2297 786 2348 et
802 2304 892 2350 usur.
908 2288 967 2348 ΙΙΙ.
982 2285 1011 2350 6.

644 2469 672 2550 5.
695 2467 725 2528 o.

589 2584 635 2636 Vel
652 2583 795 2638 dicebatur.
887 2591 892 2601 '

144 2683 245 2746 Dotis
265 2682 410 2770 denique
434 2701 548 2748 memo
574 2685 676 2748 fiebat
692 2685 800 2758 verbis
825 2686 1018 2771 quibusdam
1042 2685 1255 2748 sollemnibus
1271 2685 1315 2765 d),

73 2799 101 2854 ut
112 2802 202 2855 recte
219 2800 376 2856 notarunt
393 2791 544 2876 Cujacius
561 2795 605 2854 nd
626 2794 752 2885 Ulpiani
761 2794 892 2876 Fragm.
906 2796 957 2856 VI.
970 2795 998 2856 1.
1016 2795 1114 2858 Barn.
1125 2791 1316 2854 Brisson.de

70 2899 166 2962 Form.
185 2901 239 2961 VI.
252 2899 363 2981 pets.
379 2899 427 2962 At
445 2899 543 2962 docet
560 2909 669 2963 tamen
686 2900 788 2986 Gejus
805 2902 907 2962 Instit.
923 2903 992 2964 ibid.
1006 2904 1221 2984 obligationem
1236 2902 1316 2962 banc

72 3015 96 3065 et
117 3011 206 3069 ssnllo
228 3009 436 3088 praecedente
459 3002 704 3089 interrogatione
726 3009 870 3069 contrabi
885 3014 1036 3088 potuisse.
1064 3008 1208 3072 Videtur
1234 3028 1315 3090 ergo

73 3109 145 3175 haec
161 3115 251 3177 dotis
276 3113 378 3178 dictio
400 3115 433 3177 in
458 3136 499 3177 eo
524 3117 726 3198 constitisse,
743 3116 832 3199 quod
857 3116 968 3178 dotem
992 3115 1136 3178 dicturus
1160 3111 1315 3178 summam

71 3223 260 3298 nominaret,
273 3244 408 3306 sponsus
421 3222 580 3304 eamdem,
595 3223 807 3308 stipulatione
820 3223 908 3286 haud
924 3223 1129 3306 interposita,
1142 3222 1316 3304 acciperet.

132 3429 166 3495 d)
187 3427 297 3494 Negent
319 3429 372 3480 hoc
390 3429 430 3481 Cl.
456 3429 569 3480 Salmas.
589 3428 619 3478 dc
644 3427 720 3478 modo
745 3445 818 3480 nsnr.
836 3446 858 3480 c.
879 3431 918 3480 16.
941 3434 968 3479 et
985 3427 1069 3480 Oisel.
1094 3427 1130 3478 nd
1151 3425 1215 3494 chi
1232 3426 1318 3480 Instit.

73 3509 86 3562 1.
97 3529 117 3564 e.
137 3513 194 3564 Sed
214 3527 269 3563 non
287 3512 419 3580 sequitur,
431 3519 461 3564 ut
479 3512 550 3574 ideo,
564 3509 639 3578 quod
657 3511 732 3563 nulla
749 3512 929 3565 intercesserit
947 3513 1094 3579 stipulatio,
1110 3512 1191 3564 verba
1209 3527 1319 3581 quoque

73 3595 209 3648 sollemnis
234 3598 355 3652 adbibita
379 3599 464 3652 luisse
489 3612 627 3663 negemus.
656 3598 743 3650 Erant
768 3599 848 3652 etiam
873 3604 979 3664 praeter
1004 3595 1193 3663 stipulationes
1217 3599 1319 3652 multse

73 3681 135 3732 alise
153 3683 289 3733 formulae
306 3687 460 3736 sollemnes.
478 3685 550 3735 Sene
564 3682 736 3735 sollemnium
754 3685 898 3736 verborum
916 3683 945 3734 in
962 3682 1034 3735 dotis
1044 3683 1161 3736 dictione
1174 3684 1318 3736 observan-

73 3766 166 3818 dorum
186 3766 309 3819 meminit
327 3769 358 3820 L.
376 3771 402 3820 3.
423 3767 450 3820 0.
468 3768 565 3828 ibeod.
584 3769 615 3818 de
634 3768 729 3819 incest.
747 3777 820 3835 nnpt.
838 3773 866 3826 et
883 3768 966 3820 dictio
981 3758 1053 3820 do'tis
1071 3784 1088 3819 a
1106 3751 1215 3820 datione
1228 3768 1319 3820 minus

75 3852 195 3904 sollemni
213 3851 390 3918 distinguitur
408 3852 435 3904 in
455 3855 486 3905 L.
504 3853 553 3906 nit.
567 3853 604 3924 ῚΟ.
627 3853 724 3906 noos.
743 3853 774 3904 de
793 3853 880 3904 Dolib.
900 3854 980 3904 Hein.
1003 3855 1040 3906 At
1057 3859 1194 3920 praeterea
1213 3853 1320 3921 quaeri·

76 3941 124 4002 tur,
142 3943 237 3990 utrum
260 3938 288 3989 in
314 3935 386 3990 dotis
410 3937 527 3989 dictione
551 3935 705 4003 acceptioa
730 3951 832 4002 sponso
855 3937 978 3992 iacienda
1001 3939 1154 3992 necessaria
1171 3937 1266 4001 fuerit,
1285 3953 1320 3990 en

79 4025 127 4074 sola
137 4023 231 4086 dictio,
240 4023 258 4075 i.
266 4040 289 4074 e.
302 4021 448 4088 promissio
460 4020 617 4074 solennibus
630 4021 719 4074 verbis
738 4023 815 4086 laets,
829 4022 964 4076 suffecerit
976 4025 1100 4090 negotio?
1119 4025 1189 4076 Cum
1205 4023 1321 4074 Auctore

76 4105 172 4159 iaciunt
191 4109 281 4160 Hassc
300 4109 317 4159 l.
337 4109 353 4160 l.
371 4110 392 4175 ξ.
410 4113 452 4160 82.
481 4106 571 4158 Gliick
589 4105 680 4158 Pand.
698 4107 795 4160 XXV.
815 4125 841 4174 p.
862 4113 919 4161 165.
937 4121 978 4176 sq.
998 4109 1088 4175 (num.
1110 4111 1157 4175 1.).
1184 4107 1321 4160 Zimmern

76 4191 108 4243 R.
129 4192 162 4246 G.
180 4193 201 4259 ξ.
219 4196 276 4245 158.
295 4209 321 4258 p.
339 4197 398 4246 578.
416 4207 490 4244 num
509 4197 533 4244 3.
561 4189 693 4258 schilling
709 4193 788 4244 Bem.
805 4192 847 4244 tib.
868 4195 904 4246 R.
926 4195 958 4246 9.
973 4210 999 4259 p.
1018 4199 1077 4246 225.
1097 4211 1156 4262 sqq.
1176 4192 1230 4246 alii.
1249 4193 1322 4246 Con-

77 4277 182 4330 nariam
201 4279 361 4330 sententiam
379 4277 572 4331 defenderunt:
588 4278 617 4330 C.
637 4278 670 4330 G.
688 4279 722 4328 de
740 4278 881 4330 Winckler
900 4281 953 4330 Pr.
966 4279 997 4330 de
1017 4279 1082 4330 dotis
1100 4280 1210 4332 dictione
1231 4277 1321 4345 (Lips.

79 4365 149 4415 1782.
168 4368 192 4414 4.
211 4362 283 4413 etin
302 4380 389 4432 opusc.
408 4364 470 4414 Vol.
489 4363 510 4413 1.
528 4377 555 4428 p.
567 4365 626 4414 372.
639 4363 714 4430 sqq.)
734 4380 759 4428 p.
778 4369 837 4417 371.
855 4379 914 4432 sqq.
933 4380 1020 4430 opnse.
1040 4362 1123 4426 Hugo
1144 4365 1191 4414 eie.
1211 4365 1322 4432 Mopse.

78 4445 97 4496 l.
112 4463 140 4512 p.
160 4451 218 4499 199.
240 4448 297 4514 (ed.
317 4445 356 4512 2.)
377 4451 404 4497 et
422 4446 457 4498 R.
480 4447 514 4502 G.
533 4462 559 4510 p.
580 4449 639 4499 625.
663 4463 689 4500 s.
708 4448 782 4500 Liihr
800 4449 829 4501 in
847 4448 872 4500 d.
891 4447 1019 4500 Zeitsclaer.
1034 4447 1063 4514 f.
1085 4445 1174 4498 Civilr.
1195 4465 1221 4499 n.
1241 4450 1323 4502 Proc.

79 4529 107 4582 s.
125 4533 146 4583 1.
165 4520 191 4597 ρ’.
209 4535 269 4586 227.
288 4547 348 4601 sqq.
367 4547 441 4584 num.
462 4537 485 4584 1.
503 4529 590 4582 nesi.
