3056 5168
198 373 274 442 Lm.
301 373 360 443 IV.
402 373 488 442 Tm.
513 370 911 449 vln.,1)cN0xa1.mcs
937 375 1159 486 Acrromnus.
1237 379 1309 448 099
1388 414 1398 428 ·

46 550 99 616 ris
114 549 298 617 immodicis
313 549 509 632 craterae).
531 549 634 614 Tales
657 551 886 616 foeneratores
906 511 1001 613 eraut
1016 548 1167 633 Scaptius
1183 559 1220 614 et
1234 550 1311 614 Ma-

46 659 166 736 tiniue,
182 659 224 722 de
248 658 365 742 quibus
381 657 499 722 Cicero
516 659 560 720 cd
573 661 669 722 Attic.
685 657 786 740 uper.
807 659 841 720 V.
859 658 910 720 21.
926 679 989 722 nec
1010 677 1078 722 non
1092 657 1249 741 Fufidius,
1266 659 1309 722 dc

45 789 122 850 quo
140 767 299 830 Horatius
315 767 456 829 Sermon.
470 777 531 855 ecl.
546 766 576 830 2.
591 787 620 829 c.
635 765 685 828 12.
701 787 765 848 sqq.

205 883 351 963 Perfidiae
372 903 492 964 vappae
505 883 632 960 famam
654 885 741 944 temet
761 903 799 943 ac
819 883 989 956 nebulonis,

205 991 301 1052 Dices
323 994 421 1073 agrae,
442 991 527 1052 debes
544 994 655 1071 positis
676 993 708 1050 ira
722 989 856 1066 foenore
877 995 991 1064 mamis,

208 1097 330 1172 Qm'rme
349 1077 397 1158 bio
419 1100 517 1177 capiti
534 1097 691 1160 mercedes
713 1103 857 1165 ecsecct:
879 1106 974 1178 atque

209 1203 334 1286 Quanto
350 1205 504 1284 perditior
526 1205 655 1286 quicque
676 1212 738 1278 eat,
760 1213 848 1265 tanto
869 1209 976 1267 ocriae
996 1215 1130 1288 arguett

204 1309 342 1372 Nomina
363 1319 512 1384 sectetur,
534 1311 622 1372 modo
642 1321 747 1380 sumta
766 1319 850 1373 veste
871 1311 962 1385 virili,
1068 1361 1074 1376 .

206 1415 271 1480 saa
290 1419 435 1500 patribus
458 1419 556 1492 dara'e,
578 1418 723 1480 tironum.
745 1419 891 1486 Maxime,
914 1423 982 1501 quio
1003 1440 1074 1493 nore,

205 1525 367 1606 Juppiter!
385 1526 547 1598 exclamat,
569 1527 663 1587 simol
683 1513 941 1606 ammoniaca?
954 1560 981 1572 -
1012 1561 1054 1574 -

45 1643 134 1708 Ger.
149 1641 268 1704 Noodt
282 1641 460 1718 deformare
475 1649 504 1704 et
517 1663 604 1706 asur.
617 1641 659 1702 II.
673 1641 721 1704 13.
734 1663 764 1723 p.
774 1641 845 1704 291.
862 1641 918 1724 qui
935 1649 1036 1704 totam
1054 1640 1138 1704 banc
1156 1640 1311 1704 foenera-

45 1761 161 1816 torum
178 1757 280 1813 artem
300 1749 437 1832 egregie
454 1749 617 1832 exposuit.
636 1749 793 1832 Ejusdem
809 1769 890 1832 ergo
908 1749 1039 1812 furfuris
1058 1758 1129 1813 erat
1153 1747 1310 1812 scelestus

46 1860 132 1940 ille,
150 1857 207 1941 qui
228 1857 303 1918 huic
319 1856 408 1920 soto
425 1857 630 1920 occasionem
655 1856 759 1938 dedit,
782 1857 977 1937 Macedoni,
1000 1868 1165 1942 tamquam
1180 1849 1310 1920 incerto

48 1966 198 2045 nomini,
225 1967 282 2029 sub
309 1966 411 2028 usuris
442 1965 691 2028 mordacissimis
721 1962 898 2028 credendo.
928 1965 1149 2047 Inscriptioner
1176 1964 1310 2028 Gruteri

52 2052 498 2160 [*p.DO0XXX11.n.‘13.]
521 2073 700 2135 meminere
723 2092 750 2135 c.
770 2081 932 2136 Monusrn
955 2089 1166 2154 MACEDONIS,
1189 2073 1246 2155 qui
1268 2094 1327 2134 an·

52 2177 205 2266 ejusdem
221 2201 290 2244 cum
307 2189 420 2244 nostro
437 2179 584 2244 familiae
600 2179 710 2262 suerit,
734 2179 791 2242 alii
808 2179 952 2243 videant.

570 2350 790 2364 ——d-——n—

482 2480 567 2545 LIB.
590 2479 650 2545 IV.
672 2480 764 2544 TIT.
786 2477 885 2544 Vlll.
981 2579 983 2584 Α

663 2645 698 2683 DE

324 2743 633 2841 uoxxmous
659 2761 982 2838 aorloulous
997 2764 1067 2856 ι).

137 2931 192 2992 Ex
209 2928 338 2991 delictis
362 2948 493 3008 eorum,
510 2920 565 3010 qui
587 2927 621 2990 in
645 2932 810 3011 potestate
835 2931 945 3004 erant,
962 2923 1125 2986 dabantur
1144 2932 1311 2982 ecmonus

47 3053 216 3104 Noxauus
232 3037 277 3120 ¹³),
297 3057 432 3122 quarum
450 3036 544 3119 origo
562 3035 626 3097 erit
640 3035 754 3119 paullo
771 3033 868 3101 altius
883 3031 1077 3115 repetenda.

646 3188 675 3270 a.
696 3188 726 3251 1.

293 3285 296 3295 ’
395 3302 520 3358 xenones
537 3305 646 3356 accolet
664 3323 678 3355 e
699 3305 767 3358 XII
784 3301 891 3356 Tabulis
908 3307 976 3353 runt.
1194 3373 1196 3376 Ι

139 3406 216 3470 Jam
231 3405 307 3469 XII
322 3405 460 3471 Tabulis
481 3414 610 3471 cautum
634 3406 742 3470 fuerat
765 3406 807 3468 de
828 3423 937 3469 noxae
954 3401 1089 3464 datione
1113 3398 1156 3460 ob
1179 3393 1311 3475 furtum,

46 3526 88 3582 ut
115 3514 217 3578 docet
236 3514 399 3608 Ulpianus
420 3516 458 3578 L.
475 3513 505 3578 2.
521 3517 550 3598 §.
565 3516 594 3578 1.
609 3517 650 3577 D.
673 3517 712 3578 de
731 3515 847 3576 Noeal.
864 3521 922 3574 act.
950 3511 1002 3574 Ex
1025 3529 1091 3592 quo
1114 3503 1310 3588 colligimus,

126 3721 159 3788 e)
179 3722 293 3774 Incertis
303 3719 448 3774 nominibus
460 3723 569 3773 credere
587 3721 654 3789 quid
664 3718 803 3787 significet,
822 3717 962 3784 disputant
972 3715 1067 3768 acriter
1081 3713 1134 3767 viri
1150 3712 1230 3776 docti,
1243 3726 1312 3780 quo·

47 3823 117 3862 rum
144 3805 313 3871 conjecturas
334 3796 449 3858 'exhibet
474 3805 625 3858 Reinoldus
656 3805 685 3858 in
710 3803 943 3858 Dissertationibuc
968 3801 1130 3854 academicis.
1156 3799 1206 3851 Me
1225 3794 1310 3862 magia

47 3903 163 3948 torsere
180 3883 227 3943 illa
244 3894 343 3945 verba:
361 3910 394 3944 ae
413 3891 477 3962 quid
490 3891 601 3958 amplius
616 3893 764 3944 diceretur:
784 3889 813 3941 in
831 3889 882 3952 his,
901 3904 971 3957 quae
983 3885 1071 3938 facilia
1084 3885 1141 3936 visa
1154 3888 1217 3934 sunt
1228 3882 1311 3934 intera

47 3975 191 4050 pretibus,
209 3975 350 4029 commode
368 3976 539 4043 exponendis
566 3978 686 4046 aestuari
713 3975 830 4042 saepius.
848 3975 953 4026 Vellem
977 3979 1067 4024 tamen
1092 3969 1169 4031 scire,
1188 3967 1235 4034 qui
1253 3981 1311 4018 vcr-

48 4068 158 4118 borum
176 4061 284 4114 illorum
303 4077 400 4115 sensus
418 4063 470 4114 sit:
490 4077 540 4126 ego
559 4071 685 4128 corrupta
705 4062 829 4114 arbitror.
857 4061 939 4114 Cena.
958 4059 998 4111 cf.
1018 4054 1166 4119 Schulting.
1184 4057 1211 4103 et
1223 4051 1311 4103 Smal-

48 4150 176 4214 lemburg
193 4156 246 4200 mot.
264 4151 300 4202 od
317 4149 378 4218 Dap.
397 4152 427 4202 T.
441 4149 491 4200 111.
508 4163 534 4212 p.
546 4150 605 4206 228.
617 4152 676 4199 229.
696 4149 782 4201 Mitti.

130 4235 162 4298 a)
184 4234 240 4284 Due
265 4235 366 4302 Spatem
394 4236 442 4286 der
469 4226 628 4286 Rb'mr‘selmrs
653 4233 871 4302 Noxal-Klupers
891 4245 946 4283 von
970 4228 998 4280 S.
1023 4224 1167 4277 Zimmeru.
1187 4217 1311 4272 Heidelb.

50 4323 137 4376 1818.
157 4321 182 4370 8.
200 4316 288 4371 Haut.
891 4309 893 4314 ’

130 4401 165 4467 b)
187 4401 247 4467 GaJ'·
265 4403 313 4456 IV·
331 4403 351 4471 ἐ.
365 4403 541 4475 75-81.-§.
554 4405 596 4456 76.
612 4400 804 4464 „Constimtee
822 4405 885 4453 sunt
903 4404 992 4451 autem
1009 4395 1122 4448 noxales
1135 4390 1253 4444 actiones
1265 4393 1312 4441 aut

51 4490 177 4558 legibus,
196 4495 243 4539 aut
261 4488 363 4550 edict0;
382 4487 500 4556 legibus:
519 4489 593 4538 volut
609 4485 746 4552 sortilega
764 4487 822 4538 XII
841 4485 1002 4547 tabularum,
1020 4479 1110 4532 damni
1128 4476 1243 4544 injuriae
1254 4477 1312 4540 lege

51 4572 188 4643 Aquilia3
207 4573 296 4626 edicto
315 4572 472 4638 Praetoris:
492 4573 564 4625 velut
580 4567 742 4638 irfiuriarum
758 4577 786 4622 et
803 4571 830 4624 vi
851 4571 983 4622 bonorum
1001 4563 1166 4634 raptorumr’
1186 4561 1271 4615 ltsrill.

1015 4731 1040 4768 fi
