3040 5164
222 370 295 436 372
686 361 760 428 laris
786 359 830 426 tl.
855 359 933 427 Tm.
961 358 1021 425 tlt.

223 541 345 622 Mansio.
356 540 415 600 IIL
426 559 462 620 p.
475 538 527 599 70.
540 541 586 618 s).
608 536 816 620 Quamquam
832 556 895 598 nec
911 535 945 596 id
964 533 1067 598 dubio
1083 539 1184 614 caret,
1202 530 1230 594 si
1243 528 1328 594 illud
1340 527 1458 614 ineptior

224 647 280 710 vel
302 645 514 710 coenaculum
539 652 671 707 maneat
688 643 902 706 aedificantis.
932 643 1018 705 Nam
1039 649 1119 704 tunc
1140 660 1208 702 nou
1239 639 1371 707 differet
1389 638 1458 701 baec

226 755 364 818 servitus
380 778 400 820 a
415 753 574 816 servitute
589 753 699 816 oneris
718 750 861 831 ferendi,
883 750 932 814 uti
948 758 1040 812 recte
1054 749 1140 811 vidit
1157 748 1242 810 Sam.
1258 747 1366 829 Strylr.
1384 746 1458 826 ὁμα-

225 872 348 946 καρίτης
372 863 424 924 Ur.
444 862 566 942 Digest.
593 861 680 922 VIH.
699 860 731 922 2.
754 861 784 922 7.
814 857 931 923 Fusius
955 879 996 920 ea
1020 856 1063 919 de
1089 877 1126 920 re
1151 855 1234 919 alibi
1258 853 1323 916 erit
1345 853 1459 916 dicendi

224 968 327 1034 locus.

812 1112 842 1190 b·
863 1109 894 1171 8.
999 1113 1002 1118 ’

512 1226 631 1279 Servitus
648 1225 784 1285 lominum,
799 1233 826 1276 et
842 1244 876 1277 ne
894 1224 1034 1278 lwninilm
1051 1223 1194 1292 officiatur.

308 1327 449 1392 Multum
465 1349 565 1410 porro
586 1328 746 1389 interesse
762 1326 939 1390 videbatur
958 1334 1126 1404 veterum,
1144 1323 1188 1384 ita
1210 1321 1337 1385 clausas
1355 1319 1457 1382 babere

231 1457 335 1516 areas,
348 1443 387 1498 ut
402 1434 538 1498 remotis
550 1435 680 1497 arbitris
693 1435 815 1496 versari
829 1435 864 1496 in
879 1434 919 1496 iis
931 1440 1043 1517 posset
1058 1430 1193 1494 familia.
1205 1427 1304 1492 Unde
1321 1434 1355 1490 et
1369 1427 1458 1489 Druso

225 1543 442 1627 promittebat
465 1541 678 1621 architectus,
702 1541 750 1604 ita
771 1561 805 1602 se
829 1543 1076 1605 aedificaturum
1102 1538 1253 1619 domum,
1276 1546 1313 1601 ut
1333 1535 1456 1599 liberas

228 1660 407 1736 conspectu
423 1650 641 1734 immunisque
658 1650 699 1712 ab
716 1650 866 1713 omnibus
884 1650 1015 1712 arbitris
1031 1657 1132 1712 esset:
1147 1646 1301 1730 Vellejus
1314 1642 1459 1707 Patercul.

224 1761 309 1822 Ηίεΐ.
332 1761 373 1820 ΙΙ.
391 1758 442 1819 14.
470 1757 610 1820 Licebat
633 1757 719 1819 enim
745 1758 865 1840 cuivis,
892 1759 927 1820 in
956 1758 1086 1842 pariete
1110 1777 1169 1818 suo
1191 1754 1371 1834 fenestras,
1394 1759 1458 1836 quot

227 1867 332 1930 vellet
348 1867 496 1950 aperire,
512 1865 570 1927 sed
587 1873 621 1927 et
637 1865 735 1928 alteri
757 1865 882 1930 licebat
903 1866 1056 1929 fenestris
1079 1864 1181 1927 vicini
1203 1865 1236 1925 in
1260 1883 1365 1926 aream
1385 1880 1457 1920 suam

227 1975 350 2058 apertis
372 1974 553 2071 obstruepe.
582 1972 684 2051 Quod
711 1974 738 2036 si
762 1974 875 2060 itaque
899 1973 1018 2058 aliquis
1046 1973 1205 2035 fenestras
1228 1973 1263 2035 in
1287 1967 1386 2032 alieno
1409 1965 1457 2027 vei

226 2081 388 2144 communi
410 2082 538 2164 pariete
560 2089 690 2166 apertas
715 2082 842 2145 habere
865 2081 986 2163 vellet,
1009 2104 1092 2166 opus
1116 2090 1188 2144 erat
1202 2079 1358 2143 servitute
1373 2092 1459 2139 nuut-

223 2207 299 2254 NUM
313 2188 360 2270 h).
376 2189 434 2252 Sin
449 2189 611 2272 impedire
627 2188 732 2253 vellet
748 2190 843 2271 alter,
853 2211 895 2252 ne
907 2189 1033 2252 ricinus
1049 2189 1209 2251 fenestras
1224 2188 1260 2250 in
1276 2208 1335 2250 suo
1349 2183 1458 2269 pariete

226 2303 355 2379 apertas
381 2297 583 2379 obstrueret,
604 2296 822 2380 stipulabatur
837 2321 856 2360 a
878 2299 1156 2361 vicinaremur
1182 2313 1241 2360 urr
1266 2311 1359 2358 nunc
1378 2309 1458 2372 sorr,

225 2421 284 2468 ΠΛ
303 2422 396 2469 slus:
415 2405 561 2469 Brisson.
577 2408 683 2485 Antiq.
701 2406 792 2467 Rom.
813 2408 837 2466 Ι.
854 2405 905 2466 19.
927 2405 1040 2488 thue
1061 2405 1140 2466 inde
1164 2401 1361 2467 nascebatur
1376 2400 1459 2463 servi·

225 2522 276 2576 tus
295 2531 341 2576 nn
359 2528 546 2576 nonnosus
570 2529 788 2576 orrrcmrtmz·
819 2533 1063 2597 nonnumquam
1090 2513 1190 2575 etiam
1220 2510 1459 2595 paciscebantur,

295 2761 328 2826 g)
349 2759 414 2812 Mos
432 2758 483 2811 iste
501 2759 612 2812 alterius
624 2760 737 2813 aedibus
756 2759 996 2827 superimponendi
1013 2761 1161 2812 coenacula
1172 2767 1199 2811 et
1214 2753 1324 2826 ὑπερῷα
1335 2775 1390 2811 non
1401 2757 1459 2822 iguo

226 2852 271 2899 tus
289 2845 340 2897 fnit
357 2843 485 2912 antiquis,
503 2864 565 2900 cum
583 2846 644 2899 aliis
664 2846 800 2911 gentibus,
818 2851 877 2897 tum
895 2843 1014 2896 maxime
1032 2843 1176 2896 Romanis:
1196 2845 1333 2910 Pompon.
1350 2841 1460 2896 Melalt.

225 2951 248 2985 ε.
262 2937 287 2986 ⁷.
307 2930 413 2984 Arados
435 2929 512 3008 etiam
529 2931 558 2984 in
576 2931 710 2984 Phoenice
728 2941 767 2982 est
779 2949 880 3000 poree,
899 2937 924 2980 et
942 2935 1068 2996 quantam
1081 2937 1172 2998 patet,
1192 2938 1246 2982 tota
1264 2929 1404 2996 oppidum:
1412 2928 1461 2995 sre-

226 3033 306 3085 qnene
323 3023 426 3078 tomen,
444 3017 505 3084 qnia
523 3015 601 3069 etiam
618 3034 699 3084 snper
717 3016 805 3067 atiena
822 3024 890 3068 tecta
908 3015 995 3066 sedem
1008 3030 1111 3082 ponere
1130 3014 1204 3066 licet:
1226 3013 1275 3066 ubi
1293 3016 1421 3082 legendus
1434 3014 1460 3066 Is

225 3101 342 3154 Vossius
365 3119 393 3169 p.
418 3103 477 3153 203.
508 3101 550 3152 De
574 3101 707 3154 Romanis
731 3116 815 3166 porro
834 3101 930 3151 urbem
955 3117 991 3151 ex
1014 3099 1101 3151 urinis
1123 3099 1340 3152 instaurantibus
1362 3101 1460 3163 Dionys.

225 3185 314 3240 Helie.
331 3184 389 3237 Lib.
410 3185 508 3238 X.'32.
527 3187 621 3250 refert,
640 3189 699 3252 lege
717 3187 820 3251 perlata
839 3185 961 3251 plebejos
979 3183 1138 3237 convenisse
1155 3189 1182 3235 et
1199 3184 1237 3236 ibi
1256 3185 1399 3239 aedificare
1414 3200 1461 3236 coe·

224 3271 305 3338 pisse,
317 3273 415 3333 locum,
428 3274 559 3337 quantum
572 3269 689 3340 quisque
701 3271 828 3337 potuerit,
841 3275 1012 3336 occupantes.
1025 3269 1098 3324 Hinc
1111 3285 1192 3336 porro
1205 3269 1299 3322 addit:
1313 3269 1378 3320 Εἰσὶ
1389 3271 1414 3318 δὲ
1422 3265 1458 3316 sai

225 3356 322 3406 σύνδυο
341 3357 387 3406 καὶ
407 3353 522 3422 σύντρεις
538 3358 583 3406 καὶ
601 3357 640 3406 ἔτι
658 3355 788 3417 πλείονες,
801 3357 933 3414 ουνιόντες
948 3351 1036 3407 οἰκίαν
1048 3353 1273 3414 κατεσκευάζοντο
1286 3355 1363 3418 μίαν,
1380 3353 1458 3417 ἑτέρων

225 3445 276 3506 μὲν
295 3439 327 3492 roi
344 3441 474 3506 κατάγειοι
488 3438 693 3506 λαγχανόντων,
711 3439 808 3507 ἑτέρων
825 3443 855 3492 δὲ
874 3439 906 3491 τοὶ
925 3433 1042 3508 ὑπερῷα.
1069 3441 1198 3494 Nonnulli
1221 3442 1299 3492 etiam
1324 3442 1374 3492 duo
1391 3435 1459 3498 anst,

225 3526 266 3578 nel
277 3534 338 3584 tres,
352 3524 486 3594 pluresve,
496 3543 563 3598 tonas
581 3526 658 3578 aedes
673 3527 774 3578 collatis
791 3527 928 3596 impendiis
946 3533 1143 3594 restruxerunt,
1161 3525 1219 3577 aliis
1230 3526 1374 3592 inferiores
1385 3539 1460 3576 eamn

223 3619 327 3679 partes,
346 3611 404 3662 aliis
422 3612 572 3678 superiores
589 3609 638 3662 sibi
661 3599 829 3679 capientibus.
854 3613 891 3664 At
908 3612 942 3662 de
960 3626 1010 3662 sua
1028 3615 1116 3661 aetate
1135 3610 1305 3676 Pomponius
1325 3611 1357 3662 L.
1375 3615 1416 3662 25.
1429 3623 1460 3674 pr·

224 3697 260 3748 D.
279 3696 310 3746 de
330 3695 405 3747 Sero.
422 3713 465 3764 pr.
483 3694 577 3747 urban.
604 3695 676 3756 Hoc,
695 3695 795 3764 inquit,
814 3697 886 3766 qnod
902 3697 998 3748 dictum
1022 3695 1109 3747 eride
1133 3695 1266 3754 immissis,
1291 3695 1377 3748 locum
1401 3693 1460 3746 natet

224 3799 257 3833 es
276 3781 394 3850 aedt'Jt'eio
412 3781 464 3833 alio
481 3782 509 3832 in
527 3780 608 3833 aliud.
633 3781 721 3832 Aliter
739 3784 807 3834 enim
829 3799 911 3849 supro
935 3781 1050 3832 alienum
1074 3781 1220 3848 aedffieiam
1238 3781 1361 3846 superius
1382 3777 1461 3830 dobere

224 3883 299 3918 nemo
312 3875 409 3935 potest.
426 3866 507 3918 Hein.
525 3866 566 3941 Cf.
582 3864 713 3932 Schilling
730 3868 809 3918 Bem.
828 3865 894 3918 iiber
912 3868 948 3918 R.
965 3867 998 3918 G.
1011 3882 1038 3932 p.
1053 3869 1206 3916 itt-lor.
1225 3869 1252 3916 et
1268 3863 1368 3918 Lelsrb.
1384 3867 1405 3934 ς.
1418 3865 1461 3916 190.

223 3957 279 4004 not.
297 3968 323 4019 y.
342 3954 375 4004 de
395 3953 545 4016 Vangerow
564 3951 644 4018 Leitf.
654 3949 711 4018 fn'r
729 3952 819 4004 Pand.
845 3951 942 4003 Vorles.
960 3953 981 4002 Ι.
1000 3967 1027 4016 p.
1046 3954 1107 4002 666.
1126 3966 1186 4017 sqq.
1205 3948 1292 4001 Miitl.

291 4036 324 4102 h)
345 4037 388 4088 De
412 4035 543 4088 luminum
568 4035 697 4088 servitute
719 4037 887 4102 disputatum
911 4043 952 4088 est
974 4041 1067 4088 nostra
1091 4040 1178 4087 aetate
1202 4034 1272 4086 inter
1290 4036 1408 4086 Paulum
1428 4032 1461 4083 Jo.

224 4123 382 4175 Ansetmum
401 4120 623 4185 Fenerbaohium,
641 4121 669 4174 in
687 4124 793 4174 Dessen
811 4121 911 4174 sivilat.
935 4121 1081 4173 Versnclren
1098 4123 1129 4172 Τ.
1145 4121 1166 4172 Ι.
1181 4137 1257 4174 num.
1278 4107 1301 4172 i.
1320 4135 1347 4184 p.
1365 4117 1461 4171 3-48.

224 4207 293 4258 Lud.
313 4207 385 4259 Frid.
404 4207 619 4274 Griesingerum:
638 4205 696 4258 Lib.
708 4207 773 4273 sino.
792 4207 823 4258 de
841 4210 965 4260 servitute
983 4208 1110 4260 luminum
1128 4213 1154 4256 et
1167 4223 1200 4256 ne
1219 4202 1360 4256 luminibus
1373 4202 1461 4271 officis·

224 4302 276 4346 tur.
295 4292 369 4358 lips.
387 4295 461 4344 1819.
481 4296 505 4344 8.
524 4296 606 4362 atque
624 4293 709 4343 chr.
728 4291 789 4343 Car.
808 4292 873 4344 Abr.
893 4291 1092 4344 Eichstadium:
1112 4293 1157 4343 Pr.
1170 4292 1191 4343 1.
1206 4296 1233 4342 et
1248 4290 1284 4341 11.
1303 4288 1335 4340 dc
1353 4288 1460 4338 servitute

223 4377 350 4428 lutrinum
369 4383 395 4425 et
411 4394 444 4427 ne
462 4376 602 4429 luminibus
627 4377 774 4446 officiatum
802 4377 837 4427 nd
855 4376 1008 4442 explicanti.
1030 4375 1168 4428 Ciceronis
1193 4376 1284 4426 locum
1304 4374 1335 4424 de
1358 4373 1430 4424 Orat.
1446 4368 1459 4417 l·

223 4465 265 4513 39.
282 4463 343 4514 den.
364 4465 437 4515 1820.
455 4465 480 4512 4.
498 4466 526 4512 ct
543 4462 560 4512 f.
579 4461 668 4513 Hand.
694 4462 831 4524 Aliorum,
851 4461 898 4528 qui
918 4467 981 4526 post
998 4461 1059 4513 iilos
1077 4461 1222 4527 scripsere,
1241 4460 1275 4511 de
1293 4459 1376 4509 lrocce
1393 4469 1459 4519 argu·

224 4553 313 4598 mento
332 4545 478 4598 sententias
498 4552 632 4598 recenset:
650 4546 684 4596 de
705 4549 854 4612 Vangerow
873 4547 954 4612 Leith
972 4547 993 4612 t.
1013 4552 1072 4600 342.
1092 4563 1117 4612 p.
1135 4551 1194 4600 666.
1214 4561 1273 4614 sqq.
1302 4543 1388 4595 Militi.
