3080 5154
557 340 611 408 Du
636 339 788 408 Nuerus.
1228 348 1297 414 125

63 529 92 584 ut
110 519 256 584 nonnulli
279 518 501 582 recentiorum
521 515 728 580 existimant:
745 515 865 580 Boetb.
882 518 927 580 ad
947 516 1008 578 iiia
1030 516 1128 600 Ibpic.
1142 517 1173 580 3.
1198 517 1298 581 Alex.

64 630 95 691 ab
106 627 199 690 Alex.
216 628 339 688 Gaural.
358 625 436 686 dr’er.
452 624 495 686 II.
509 623 539 684 5.
555 620 771 707 Dalecbamp.
781 625 826 685 ad
844 625 927 686 Plirr.
943 624 1026 686 Hrirt.
1041 625 1118 686 Nat.
1130 625 1254 688 XVIII.
1267 625 1298 688 3.

64 737 110 800 sed
130 735 253 798 civibus
278 731 439 795 Romanis
468 729 619 793 omnibus
649 730 847 812 communis,
874 730 1021 814 quamvis
1042 731 1077 795 in
1098 731 1297 796 Pontificum

65 850 91 906 et
107 841 288 906 Flamiuum
309 837 523 904 matrimoniis
546 839 750 902 necessarius
772 837 957 914 videretur,
986 859 1025 902 ac
1049 838 1191 923 proinde
1210 841 1298 906 inter

64 950 123 1013 illos
136 948 316 1011 diutissime
332 953 526 1010 servaretur.
546 945 784 1030 Praeterquam
801 945 904 1028 enim,
920 945 1061 1030 quodid
1077 946 1207 1012 disertis
1222 969 1298 1012 ver-

65 1059 102 1122 bis
114 1063 250 1120 testatur
270 1054 409 1136 Dionys.
430 1052 541 1116 Halic.
558 1054 578 1114 1.
596 1073 621 1114 c.
642 1054 715 1135 ipso
737 1073 816 1117 saue
838 1053 914 1116 loco
941 1053 1052 1116 Taciti
1069 1057 1155 1118 Ana.
1171 1057 1229 1118 IV.
1246 1054 1297 1118 16.

65 1185 116 1248 quo
129 1172 238 1228 tamen
256 1163 290 1224 in
309 1161 420 1244 primis
432 1159 580 1224 nituntur
596 1159 841 1242 dissentientes,
857 1160 892 1224 id
908 1182 975 1225 non
990 1161 1129 1225 obscure
1142 1163 1297 1226 firmatur.

64 1270 140 1334 Nihil
153 1271 241 1334 enim
258 1271 323 1332 rari
343 1275 400 1332 aut
421 1267 567 1332 inusitati
581 1267 750 1331 habuisset
771 1267 830 1332 illa
845 1269 1058 1353 patrimorum
1081 1275 1116 1332 et
1130 1270 1297 1334 matrimo-

63 1399 117 1440 mm
131 1378 254 1461 inopia,
273 1377 316 1440 de
333 1397 398 1461 qua
413 1376 629 1461 conqueritur
646 1375 794 1457 Tacitus,
814 1375 840 1439 si
858 1375 922 1441 soli
942 1375 1110 1440 Flamines
1126 1399 1164 1440 ac
1179 1377 1298 1442 Ponti·

64 1487 124 1549 fices
136 1487 197 1550 hoc
212 1485 281 1550 ritu
297 1483 704 1548 iniissent‘nratrimonium
720 1483 764 1564 ¹¹).

630 1635 660 1717 p.
681 1636 712 1698 4.

388 1751 455 1821 Ejus
473 1749 569 1820 affecta
579 1747 591 1802 .·'
606 1751 630 1804 Ι.
645 1766 783 1804 rumonim
801 1751 954 1804 communio.

127 1855 256 1920 Effecta
282 1851 555 1917 confarreationis
581 1858 675 1915 erant
696 1852 722 1915 Ι.
743 1851 906 1915 sacrorum
931 1853 1136 1918 communio:
1159 1853 1298 1939 Dionys.

65 1963 125 2026 Hal.
145 1965 184 2026 Π.
199 1963 254 2026 25.
277 1973 405 2045 γυναῖκα
431 1961 563 2046 γαμετὴν
590 1959 667 2027 κατὰ
686 1963 797 2044 νόμους
819 1958 935 2043 ἱεροὺς,
958 1961 1175 2028 συνελθοῦσαν
1202 1962 1298 2047 ἀνδρὶ,

65 2071 187 2138 κοινωνὸν
201 2060 349 2136 animm
363 2067 441 2134 sirm
454 2065 617 2154 χρημάτων
634 2096 666 2134 τε
690 2071 740 2133 aui
754 2071 848 2150 ἱερῶν.
872 2069 1038 2132 Mulierem
1056 2078 1201 2152 nuptam,
1217 2092 1299 2153 quae

60 2180 137 2259 justa
150 2181 237 2262 teges
251 2197 363 2241 sacras
377 2187 562 2238 converrerat
577 2197 648 2240 cum
663 2180 739 2252 orba,
754 2177 908 2238 Romulus
920 2180 1107 2258 participem
1123 2198 1191 2240 cose
1205 2181 1298 2240 noluit

65 2290 178 2349 omnium
202 2288 354 2348 banorum
378 2294 410 2346 et
427 2304 599 2346 sacrorum.
622 2282 723 2346 Unde
750 2281 958 2346 Modestinus
984 2283 1074 2344 1..1.
1099 2285 1141 2344 D.
1163 2285 1201 2346 de
1221 2286 1298 2346 Ititu

64 2402 133 2474 nupt.
147 2393 288 2474 Nuptiae
305 2401 381 2454 suut
394 2393 571 2473 conjunctio
584 2394 683 2453 maris
697 2393 887 2469 arseminae,
900 2395 1088 2452 consortium
1099 2393 1197 2452 omnib
1209 2394 1299 2469 citae,

64 2517 152 2564 nrum
172 2509 204 2563 et
229 2491 363 2562 tamam·
374 2501 460 2580 juris
486 2501 719 2561 communicatio
735 2497 783 2578 *).
816 2496 951 2561 Scilicet
980 2497 1014 2560 in
1042 2497 1121 2582 ipsis
1149 2505 1299 2561 veterum

65 2607 181 2672 aedibus
202 2616 299 2671 erant
316 2605 376 2670 Dii
392 2606 538 2669 Penates
554 2604 633 2669 civis
652 2605 798 2669 familiae
816 2605 958 2690 proprii,
981 2626 1048 2691 quo
1073 2605 1145 2690 ipso
1165 2605 1299 2670 differe-

65 2716 132 2778 bant
146 2739 163 2780 a
179 2716 337 2797 Laribus,
354 2715 477 2799 quippe
501 2714 556 2798 qui
574 2721 669 2778 erant
683 2734 871 2778 communes
894 2713 1054 2778 omnibus.
1076 2713 1133 2780 llli
1156 2715 1190 2777 in
1206 2715 1299 2778 cubi-

66 2822 142 2904 culo,
159 2823 305 2908 porticu,
332 2830 431 2906 atque
457 2821 559 2896 atri03
580 2820 615 2883 hi
638 2821 737 2886 etiam
761 2821 795 2883 in
819 2821 988 2906 compitis,
1016 2821 1093 2904 viis,
1117 2821 1183 2886 imo
1207 2823 1297 2886 etin

66 2932 169 3013 castris,
184 2939 219 2994 et
234 2930 373 2994 navibus
392 2925 603 2992 colebanturr
624 2929 712 2993 unde
728 2931 830 2994 Lares
848 2930 1021 3009 domestici,
1036 2933 1224 3014 compitalcs,
1242 2936 1298 2993 mi·

64 3039 155 3102 litores
171 3048 204 3103 et
221 3041 342 3101 marini
350 3039 406 3121 **)
415 3062 424 3113 ;
438 3039 540 3100 Lares
556 3038 635 3100 item
652 3043 769 3101 comitio
778 3045 938 3120 potentes,
953 3037 1083 3116 publici,
1099 3041 1206 3111 orales,
1225 3043 1298 3101 oriri-

66 3241 170 3298 inrcntus
188 3245 297 3298 dicitur.
316 3244 371 3297 Sed
384 3244 483 3296 salsum
501 3241 528 3296 id
545 3259 619 3308 esse,
637 3261 672 3296 cx
688 3243 801 3314 Catonis
818 3243 967 3309 fragmento
985 3245 1059 3306 patet
1079 3240 1153 3306 apud
1170 3243 1244 3295 Serv.
1264 3243 1301 3296 ad
1364 3279 1370 3290 .

72 3325 126 3396 Virp.
134 3327 239 3383 Arusini.
252 3331 291 3382 X.
303 3347 326 3380 o.
335 3333 407 3393 541„
420 3327 468 3397 qui
480 3329 572 3393 refert,
585 3329 676 3382 Latini
687 3327 762 3381 boner
773 3343 937 3391 inuasuros,
947 3326 1102 3395 priusquam
1117 3329 1300 3392 caederentur,

64 3412 193 3481 prosapta
209 3418 238 3468 in
254 3415 355 3467 siloam.
381 3413 473 3476 Quum
491 3426 556 3464 vero
574 3412 711 3465 immolare
733 3413 806 3466 idem
830 3412 866 3466 sit
888 3430 920 3466 sc
944 3413 1016 3466 mola
1034 3411 1106 3466 salsa
1118 3429 1134 3464 e
1146 3413 1216 3466 larrc
1233 3429 1299 3466 oon-

66 3496 122 3550 sucta
143 3499 308 3566 inspergere:
329 3502 404 3553 Serv.
423 3499 459 3551 ad
477 3499 586 3550 Aeneid.
608 3499 645 3550 X.
664 3516 687 3548 v.
705 3502 764 3550 541.
784 3497 880 3550 Heins.
907 3499 980 3568 epist.
999 3499 1035 3550 ad
1054 3497 1170 3552 Batauo.
1191 3518 1221 3568 p.
1244 3503 1298 3552 186.

66 3580 129 3635 locilc
148 3590 236 3651 patet,
251 3584 311 3652 jam
329 3591 391 3637 ante
408 3583 519 3637 Romuli
545 3588 668 3648 tempora
689 3582 768 3635 furris
786 3599 866 3636 usum
885 3583 914 3637 iu
932 3582 1012 3636 Latio
1037 3583 1123 3636 tuisse
1145 3583 1299 3652 receptissi-

66 3679 135 3719 mum.
150 3669 227 3723 Ilein.
247 3671 289 3722 ci.
307 3656 428 3721 Dirksen
454 3667 525 3720 Vera
542 3685 569 3736 p.
587 3672 749 3722 293-295.
769 3666 856 3722 Mriirt.

123 3753 150 3820 d)
168 3755 286 3808 Diversa
304 3761 345 3806 est
368 3753 506 3821 quaestio:
524 3759 651 3806 utrumne
675 3753 787 3821 propris
809 3752 911 3806 tuerint
927 3752 1109 3806 Patriciorum
1132 3752 1301 3804 confermata

67 3837 226 3903 matimonio,
244 3856 280 3892 an
298 3841 380 3893 mam
397 3855 459 3894 cum
477 3837 597 3904 Plebcjis
615 3839 833 3892 communicata?
849 3838 893 3889 De
911 3853 966 3906 qua
984 3838 1143 3906 quaestione
1162 3835 1215 3888 vid.
1234 3836 1300 3889 scri·

66 3927 141 3984 ptores
156 3941 237 3991 supra
257 3926 294 3993 (ξ.
312 3929 335 3975 l.
353 3929 411 3976 not.
429 3923 462 3991 b)
478 3924 556 3990 alleg.
562 3961 570 3987 ,
589 3921 636 3990 qui
654 3923 764 3992 quidem
783 3922 894 3991 propria
917 3925 984 3975 baec
1008 3923 1092 3976 fuisse
1118 3920 1300 3974 Patriciorum

67 4007 222 4070 probabiliter
241 4010 397 4080 defenduut
416 4009 480 4060 Vid.
498 4015 588 4061 tamen
601 4014 628 4060 ct
647 4008 737 4060 Haase
755 4010 772 4059 1.
791 4009 807 4059 l.
827 4023 854 4075 p.
872 3997 989 4062 ttsnot.
1009 4011 1066 4061 109.
1085 4005 1111 4059 b.
1130 4005 1217 4058 MiiIrl.

124 4094 150 4162 ⁸)
167 4095 296 4149 Dubitari
313 4099 421 4161 posset,
439 4110 508 4148 anne
526 4109 559 4147 ea
579 4093 608 4146 iu
626 4094 657 4146 1..
675 4093 710 4146 de
728 4092 941 4146 confarreationc
963 4098 1026 4158 agat
1043 4091 1145 4154 Jcmr,
1164 4105 1235 4159 quse
1252 4090 1300 4144 illo

67 4179 169 4243 tempore
186 4196 241 4232 non
258 4180 375 4246 amplius
394 4179 507 4232 usitata:
526 4193 615 4245 neque
632 4181 660 4228 et
677 4194 710 4230 eo
725 4177 874 4244 respiciunt
892 4177 974 4229 verba
989 4174 1123 4228 Gordiani
1140 4175 1169 4228 in
1182 4177 1215 4228 L.
1231 4181 1256 4230 4.
1272 4178 1300 4231 Ο.

67 4261 93 4311 de
106 4263 177 4318 Crim.
194 4266 273 4335 capit.
291 4265 381 4317 bered.
398 4263 447 4316 ubi
461 4278 532 4316 uxor
550 4262 620 4316 rocio
638 4264 680 4314 rcr'
697 4264 798 4316 dr'ur'nac
817 4272 841 4314 et
862 4262 991 4314 humanae
1010 4261 1106 4312 domur.
1119 4260 1221 4326 suscipi
1234 4260 1302 4314 dici·

68 4349 110 4398 lut.
126 4349 276 4417 Legendum
294 4350 332 4403 ibi
350 4349 481 4402 arbitror:
500 4357 524 4400 et
544 4349 673 4400 damonae
691 4357 716 4400 et
734 4350 833 4418 domur,
854 4347 937 4399 Caua.

125 4432 168 4502 ⁰)
188 4435 321 4502 Respicit,
341 4436 431 4500 credo,
450 4427 721 4492 Heineeoius'locum
740 4433 828 4486 Servii
846 4433 882 4484 ad
905 4426 993 4496 Virpil.
1006 4427 1073 4480 Aen.
1086 4431 1118 4482 L.
1133 4429 1188 4482 III.
1203 4431 1224 4498 t.
1243 4435 1301 4485 1³4.

69 4519 273 4585 urdiorimoruar,
288 4522 316 4572 id
333 4529 383 4584 est,
401 4521 580 4572 murinorum:
599 4519 646 4570 scd
665 4523 735 4569 recte
754 4518 822 4569 uidit
840 4514 980 4569 d'Arnsud
1000 4513 1028 4566 in
1055 4514 1116 4566 Var.
1138 4515 1211 4585 Couj.
1224 4517 1256 4568 L.
1276 4516 1300 4568 Ι.
1352 4523 1354 4533 ⁴
