3062 5164
264 385 319 454 lln
345 385 436 454 Rnn.
463 385 574 456 llrvrs.
602 383 657 454 Er
682 331 832 472 Ancum.
859 388 973 456 lusan.
998 387 1092 458 Dour.
1234 393 1305 462 087

44 571 182 648 postem
202 580 301 625 mauu
319 570 438 626 tenens
451 561 483 642 ¹¹)
496 587 504 625 :
519 562 591 628 Liv.
608 565 651 627 II.
659 563 690 627 8.
710 563 779 628 Cic.
792 585 853 647 pro
868 565 956 628 dorso
971 587 997 627 o.
1012 565 1063 628 47.
1086 563 1199 630 Valer.
1213 567 1305 632 Max.

50 673 86 734 V.
101 671 159 734 10.
175 669 311 735 Gruteri
331 674 489 754 Insarr'ptt.
500 693 535 754 p.
549 672 673 736 XXIII.
691 693 723 734 n.
738 670 789 734 12.
811 673 993 757 Formulas,
1011 683 1048 738 ut
1060 671 1164 755 solet,
1182 693 1304 759 magno

43 777 161 842 studio
179 779 322 864 collegit
339 781 438 844 Barn.
448 779 593 844 Brissnn.
608 782 647 844 de
661 781 800 844 Formnl.
819 783 888 865 lp.
906 781 978 845 124.
1000 781 1047 846 Ut
1062 782 1118 846 vel
1133 803 1229 848 unam
1246 803 1304 848 ex·

47 887 154 971 empli
176 907 292 952 caussa
312 887 533 973 proferamus,
552 888 631 953 Iovi
647 888 801 952 Feretrio
824 889 981 974 templum
1007 890 1058 954 lris
1078 890 1189 954 verbis
1210 891 1307 954 dedi-

47 993 138 1058 oavit
158 993 341 1060 Romulus:
361 1013 502 1060 rnrrrnn
526 1013 688 1079 rnnrrm,
707 1013 796 1060 nanc
819 1015 889 1062 rnu
909 1013 1033 1061 moron
1051 1015 1215 1064 nouuuus
1235 1012 1307 1063 anx

48 1120 152 1168 nram
175 1120 275 1167 Anna
295 1121 392 1185 rnna,
414 1119 648 1180 rnuruumqnn
669 1119 713 1168 ns
732 1121 948 1194 eustominus,
968 1121 1057 1182 QUAS
1080 1123 1176 1170 nono
1196 1123 1306 1172 ammo

50 1227 217 1276 nnrnrus
236 1227 322 1294 sust,
342 1229 477 1293 neenec,
496 1227 608 1276 sensns
629 1227 743 1276 oritus
761 1227 907 1294 sromrs,
918 1229 1030 1296 >Quum
1051 1229 1194 1280 nnarsus
1209 1231 1305 1280 nuor-

53 1335 187 1396 unsQurs
210 1297 364 1384 frosmunt
380 1335 507 1400 canem,
528 1337 576 1384 mn
591 1335 776 1384 mucronum
791 1335 986 1396 snsnmtrns
1005 1337 1146 1386 rosrnnr
1161 1337 1308 1386 rnnanr:

52 1429 120 1490 Liv.
139 1429 168 1490 Ι.
186 1427 239 1489 10.
259 1425 421 1492 solebant
437 1427 583 1511 denique
607 1407 810 1492 dedicationi
825 1429 884 1490 IV.
901 1431 989 1511 leges
1010 1429 1172 1515 quaedam
1197 1428 1306 1516 adjici,

54 1536 171 1621 quales
199 1533 276 1597 hinc
302 1535 380 1598 inde
401 1535 436 1598 in
454 1535 598 1622 yetustis
623 1535 836 1599 marmoribus
860 1535 1035 1621 leguntur,
1055 1539 1241 1603 recensitae
1265 1538 1307 1602 ab

58 1644 175 1706 eodem
199 1640 344 1706 Briason.
361 1644 400 1706 ds
416 1643 522 1705 Mirm.
539 1643 565 1706 1.
582 1665 615 1725 p.
633 1641 703 1706 rso
732 1641 956 1708 Adcedebant
976 1644 1105 1710 demum
1129 1645 1249 1732 epulae
1274 1656 1309 1710 et

59 1751 275 1835 sportularum
287 1750 546 1833 distributiones,
561 1750 616 1815 vel
631 1750 766 1834 publico
777 1753 923 1834 nomine,
938 1752 993 1816 vel
1004 1776 1025 1818 a
1036 1754 1173 1839 privatis
1187 1755 1307 1836 iactae,
1373 1799 1380 1806 -

63 1881 190 1944 quarum
207 1859 358 1922 meminit
375 1879 517 1922 marmor
536 1857 622 1942 apud
640 1856 834 1924 Reinesium
853 1861 952 1922 crass.
971 1861 996 1922 Ι.
1006 1883 1041 1944 p.
1056 1861 1128 1926 131.
1144 1884 1175 1926 n.
1191 1864 1309 1926 XCIX.

59 1967 185 2045 Quibus
206 1967 359 2031 omnibus
377 1967 441 2031 rite
464 1967 622 2051 peractis,
645 1968 693 2030 ita
708 1987 885 2052 occupasse
903 1967 1012 2032 locum
1036 1969 1234 2034 credebatur
1255 1991 1309 2034 re·

57 2075 155 2159 ligio,
185 2083 223 2139 ut
239 2094 418 2160 numquam
438 2095 510 2139 esse
533 2083 646 2160 posset
667 2074 702 2137 in
721 2075 869 2139 dominio
892 2067 1031 2161 priuati,
1056 2079 1183 2144 etiamsi
1207 2079 1308 2144 aedes

58 2194 168 2248 essent
184 2184 313 2248 dirutae
330 2191 387 2248 sut
402 2191 566 2250 vetustate
589 2180 774 2265 collapsae:
789 2183 877 2247 Plin.
895 2185 998 2265 Epist.
1015 2186 1055 2246 X.
1069 2185 1121 2248 76.
1139 2187 1177 2248 Ι..
1196 2186 1227 2250 6.
1239 2189 1268 2270 §.
1278 2186 1310 2250 0.

57 2294 95 2354 J).
115 2296 146 2355 n.
168 2303 190 2355 t.
207 2292 245 2354 11.
261 2290 312 2354 73.
327 2291 368 2353 D.
385 2292 425 2352 dc
447 2292 596 2354 Contraln
615 2299 686 2352 emt.
716 2289 816 2353 Unde
836 2291 1027 2355 Macrobius
1044 2293 1176 2358 Solum.
1198 2294 1259 2354 III.
1278 2293 1309 2356 6.

57 2421 153 2462 sacra
171 2399 309 2462 Deorum
324 2400 446 2472 baberi,
468 2398 503 2461 id
523 2408 590 2480 est,
609 2398 644 2460 in
659 2386 809 2460 Debrum
830 2396 978 2462 dominio
999 2400 1168 2481 esse‚'ait.
1190 2399 1311 2464 Sacrae

58 2517 171 2570 tamen
193 2527 244 2569 res
263 2527 334 2569 esse
358 2506 555 2570 desinebant
575 2504 857 2590 exauguratioue,
879 2527 964 2590 quae
989 2507 1091 2572 tiebat
1113 2527 1174 2591 per
1191 2529 1313 2572 evoca-

61 2617 183 2680 tionem
201 2633 379 2702 sacrorum:
393 2613 592 2678 Ι..9.1).1ι.ι.
605 2635 671 2699 quo
687 2613 729 2678 de
745 2613 809 2676 ritu
825 2613 962 2678 videndi
973 2614 1164 2682 Macrobius
1180 2617 1313 2679 Satura.

67 2725 119 2786 III.
129 2723 159 2788 9.
179 2724 205 2788 J
207 2745 255 2786 ac.
273 2721 439 2788 Raevard.
457 2721 752 2804 conjectatum.
771 2719 916 2786 Brisson.
930 2724 970 2785 de
984 2725 1089 2788 Form.
1108 2726 1133 2788 I.
1146 2747 1180 2808 p.
1195 2725 1246 2789 54.
1260 2723 1312 2790 63.

70 2829 111 2892 tt
130 2831 209 2918 [Io.
229 2830 319 2896 Guil.
343 2833 386 2898 de
407 2831 536 2914 Berger
558 2838 593 2894 et
613 2830 717 2894 chr.
739 2828 781 2893 de
802 2829 937 2916 Cocceji
957 2830 992 2894 in
1014 2831 1313 2902 Dissertationibus

67 2940 100 3000 de
114 2944 291 3003 cumcuim:
309 2935 498 3024 camorana]
531 2937 658 3022 Captae
675 2958 808 3024 quoquc
825 2940 867 3001 ab
879 2937 1031 3002 hostibus
1046 2961 1098 3004 res
1115 2962 1224 3006 sacrae
1241 2961 1313 3006 esse

69 3046 276 3132 desinebant,
297 3046 461 3112 liberatae
475 3054 604 3127 tamen,
621 3045 713 3132 quasi
732 3045 928 3132 postliminii
936 3047 1014 3130 jure
1031 3049 1201 3134 pristinam
1218 3071 1313 3114 recu·

69 3155 223 3238 parabant
240 3154 505 3219 sanctimoniam:
520 3155 557 3216 L.
568 3152 620 3217 36.
633 3155 674 3214 D.
687 3155 726 3216 de
741 3155 842 3236 Rslr'g.
854 3162 887 3216 et
899 3163 991 3216 sumt.
998 3156 1076 3234 sun.
1099 3156 1198 3222 Unde
1214 3157 1313 3225 facile
1353 3182 1364 3257 ’ἡ

66 3273 168 3346 patet,
188 3285 248 3328 cur
263 3263 407 3329 Romani
431 3261 543 3328 hostes
567 3277 686 3328 n1vrrta
707 3276 923 3370 munandans
942 3262 1052 3328 onmia
1073 3263 1197 3328 dedere
1212 3261 1314 3348 jube·

66 3383 149 3436 rent:
166 3372 243 3436 Liv.
260 3372 285 3433 Ι.
301 3369 353 3434 38.

558 3489 559 3492 ¹
650 3529 679 3609 §-
699 3525 730 3590 a.

554 3644 612 3696 Res
627 3643 764 3712 reliyiosoc
779 3643 819 3710 l).

142 3763 358 3828 thurnlostls
373 3783 424 3824 res
440 3783 507 3826 non
526 3761 646 3844 minus,
668 3784 706 3826 ac
722 3781 852 3843 sacrae,
862 3761 947 3847 juris
962 3761 1132 3827 Pontificii
1155 3771 1266 3843 erant,
1280 3769 1316 3824 ut
1343 3779 1348 3784 ·

129 3981 163 4048 b)
183 3978 268 4032 Unde
289 3984 316 4031 et
337 3996 419 4032 manu
442 3979 649 4031 consecrationes
664 3977 734 4048 fieri
753 3976 927 4030 dicebantur:
953 3975 1049 4030 Cicero
1068 3977 1100 4028 ds
1118 3976 1198 4043 chq.
1216 3971 1257 4026 ΙΙ.
1276 3979 1316 4028 ll.

72 4063 291 4130 scortulum.
310 4065 452 4118 Lasos
1312 4086 1314 4096 ν

218 4167 219 4172 ’
265 4147 351 4202 Sacra
369 4157 463 4204 uocant
479 4157 590 4218 asprata
603 4157 712 4218 patras:
728 4155 839 4217 superte
854 4155 983 4200 tucantur

267 4233 377 4304 Templa
394 4237 560 4290 sacerdotum
577 4236 627 4288 ra:
646 4235 734 4287 dicata
750 4251 839 4286 manu.
900 4232 980 4284 Heln.

70 4319 194 4374 Pontifex
212 4324 420 4384 postem-manu
437 4322 561 4374 tenebat:
579 4321 682 4376 Seneca
700 4317 732 4372 ds
752 4316 884 4372 Consolat.
902 4315 1177 4371 amenitatem.
1199 4311 1281 4366 Cana.
1344 4345 1346 4352 ›

133 4405 159 4473 a)
180 4406 231 4458 ae.
249 4403 336 4470 cnon
355 4407 434 4460 Pau
450 4406 526 4460 nm.
548 4407 580 4458 a
601 4405 733 4473 nespas
750 4402 941 4472 :aporema
968 4402 1043 4468 rapa
1063 4387 1138 4454 tras.
1155 4404 1181 4454 4.
1210 4397 1317 4454 mersu

71 4491 102 4541 sd
118 4490 257 4544 Brissenis'
273 4491 412 4560 Antipus'tt.
429 4492 465 4544 11.
485 4496 554 4544 14-
567 4495 606 4544 tc.
624 4491 696 4555 opp.
714 4489 780 4543 min.
797 4503 823 4555 p.
842 4493 876 4542 54
885 4517 915 4528 -
926 4493 967 4542 68.
995 4490 1032 4541 Is.
1051 4485 1219 4537 Valckenaer
1244 4483 1318 4537 Diss.

72 4575 176 4644 dejure
196 4575 439 4644 erescqtcs'mmm.'li.
457 4579 490 4630 B.
511 4581 585 4630 1781.
603 4583 627 4630 4.
647 4574 735 4628 Haud.

992 4644 1126 4750 [22
