2968 5154
193 349 264 414 108
295 375 297 378 ·
608 375 612 382 ·
650 340 727 406 Lus.
753 337 781 404 1.
809 335 891 403 Tru.
917 335 977 403 vl.

192 535 316 581 nnuur.
346 533 413 579 urr.
443 531 599 590 cursone.
635 527 769 576 paruus.
801 524 971 574 sensurus.
1006 525 1095 570 eurr.
1125 527 1225 575 meme
1258 527 1302 572 nr
1333 523 1456 572 nunes.

192 642 278 690 esre
301 628 344 706 ⁰).

728 769 809 824 CAP.
829 771 868 824 Χ.
884 770 914 836 r)

191 895 255 958 DE
272 891 423 956 SERVO
439 890 490 955 IN
512 886 742 951 FRAUDEM
759 883 1149 950 FOENERATORUM
1164 883 1458 947 MANUMISSO.

276 1036 315 1096 Ire
329 1031 482 1112 fraudem
494 1029 734 1107 foeneratorum
757 1028 979 1098 manumissus,
996 1029 1126 1087 tametsi
1137 1029 1170 1087 iu
1186 1026 1333 1087 libertate
1355 1043 1458 1083 more-

194 1152 257 1215 tur,
280 1141 452 1202 libertatem
469 1146 574 1198 tomen
584 1135 707 1215 justum
722 1151 763 1192 ue
778 1135 974 1213 consequitor
993 1136 1037 1213 u).

721 1347 918 1416 CAP.X1.1)

357 1501 359 1508 ·
465 1469 530 1531 DE
552 1465 776 1529 MERCEDE
799 1464 1179 1528 MANUMISSIONIS.

281 1612 320 1672 Si
338 1613 406 1693 quis
428 1631 499 1670 eum
528 1627 649 1681 eamve,
673 1625 915 1690 quemquamne
944 1609 1194 1668 manumissurus
1221 1614 1285 1679 est,
1309 1605 1357 1666 ud
1375 1627 1460 1666 mer-

197 1721 301 1780 cedem
322 1718 573 1778 mauumieeiouis
593 1715 826 1796 praestandum
855 1714 1037 1794 obligaverit
1057 1719 1099 1794 ⁸),
1114 1714 1245 1797 juribus
1262 1721 1462 1795 patronatus

194 1831 348 1908 privator.

723 1936 804 1989 cnr.
822 1937 889 1990 x11.
905 1939 936 2005 t)

243 2063 306 2126 nn
329 2061 672 2128 ruanrumuno
693 2029 1005 2126 emendorum
1026 2062 1089 2125 nu
1111 2059 1294 2124 eremus
1316 2059 1423 2126 Nou

642 2195 646 2208 ·
693 2168 966 2234 nonneunrs.

287 2313 351 2390 Qui
376 2299 535 2384 libertum,
557 2319 595 2372 ut
620 2307 659 2372 uc
682 2330 813 2373 umorem
839 2311 937 2372 ducet
956 2314 1010 2391 ¹¹),
1032 2311 1082 2372 uel
1103 2310 1262 2381 libertum,
1284 2328 1324 2368 ue
1353 2308 1465 2379 urebat,

272 2577 305 2643 ο)
326 2573 401 2638 Quid
418 2572 443 2626 si
461 2573 517 2625 duo
535 2571 675 2636 Apollonii
693 2570 827 2624 institutit
845 2575 877 2625 L.
895 2577 938 2626 42.
957 2575 992 2629 D.
1011 2575 1164 2626 eod.·Paui.
1182 2571 1241 2626 Lib.
1258 2572 1283 2624 Ι.
1295 2573 1328 2623 1.
1345 2575 1389 2624 ta
1406 2572 1466 2622 eod.

203 2659 278 2724 Qaid
297 2659 321 2712 si
338 2658 427 2724 primo
451 2658 512 2708 loco
530 2670 639 2707 servum
662 2671 724 2708 cum
749 2657 873 2709 libertate
895 2656 1054 2724 instituerit,
1073 2665 1100 2712 et
1122 2675 1185 2711 eum
1210 2656 1400 2720 substituerit,
1420 2656 1467 2708 cni

203 2744 313 2798 libertas
332 2741 482 2795 debebatur
499 2758 536 2792 ex
553 2739 781 2795 fideicommissot
798 2743 878 2796 Paul.
895 2741 954 2795 Lib.
972 2741 996 2794 1.
1014 2745 1047 2796 L.
1065 2749 1108 2798 55.
1129 2744 1165 2796 D.
1184 2745 1240 2795 eod.
1259 2744 1339 2796 Hecu.

272 2831 306 2897 p)
327 2828 420 2895 Hujus
432 2825 529 2893 capitis
541 2827 617 2878 solus
629 2825 752 2878 meminit
769 2829 872 2882 Auctor
884 2829 993 2896 Frcpm.
1002 2829 1063 2897 jur.
1076 2829 1179 2881 Duritia.
1191 2829 1212 2896 §s
1225 2833 1265 2881 18.
1277 2825 1353 2894 (16).
1369 2825 1469 2880 Obstat

204 2914 272 2966 euim
290 2912 406 2964 libertati
421 2911 465 2964 lec
476 2913 555 2964 Aeliu
574 2912 678 2975 Senum
691 2929 759 2980 puae
775 2920 846 2965 vetet
858 2930 977 2976 sucum,
987 2913 1194 2980 foeneratorum
1210 2931 1301 2967 cerusa
1314 2913 1467 2964 manumis-

204 3017 271 3060 sum,
289 2999 370 3051 ciuem
379 2999 459 3050 Rom.
468 2997 550 3065 fieri,
568 2996 616 3047 red
625 2997 759 3048 Lotiuum.
777 2995 838 3050 Nisi
855 2998 949 3064 itaque
967 2996 1057 3051 dicere
1068 2999 1203 3064 malimus,
1222 3004 1361 3050 auctorem
1380 2996 1469 3062 hujus

205 3082 349 3148 fragmenti
362 3082 410 3148 jus
421 3080 549 3135 omnibus
560 3087 655 3133 notum
675 3083 755 3147 plane
770 3083 929 3148 ignorasse:
947 3081 1091 3135 dicendum
1104 3099 1170 3136 sane
1187 3083 1247 3148 erit,
1259 3086 1344 3149 legem
1357 3083 1470 3135 Aeliam

181 3203 184 3208 ·
206 3169 327 3224 Sentium
345 3167 521 3230 distinxisse,
538 3166 568 3218 iu
585 3166 744 3218 creditorum
759 3168 882 3220 fraudem
897 3167 959 3236 quis
977 3167 1160 3222 manumissus
1179 3170 1226 3232 sit,
1244 3185 1280 3220 en
1297 3168 1326 3220 in
1338 3168 1470 3219 fraudem

197 3255 423 3323 ,succursurum
441 3253 469 3305 in
483 3269 600 3320 quorum
612 3250 707 3303 odium
725 3253 771 3303 lex
785 3267 868 3319 passa
884 3257 926 3304 est
943 3267 1068 3318 servum,
1079 3253 1108 3306 in
1125 3269 1220 3306 eorum
1231 3253 1355 3306 ireudem
1367 3268 1471 3304 manu-

207 3341 335 3402 missum,
354 3341 382 3392 in
399 3340 524 3392 libertate
540 3335 650 3388 morari.
677 3337 757 3389 Heia.

278 3425 311 3492 q)
331 3424 416 3492 Atqui
433 3423 563 3475 Latinum
579 3423 682 3474 iactum
699 3435 774 3481 esse,
792 3419 831 3472 ait
847 3423 950 3475 Auctor
973 3423 1126 3488 fragmenti.
1153 3425 1252 3476 Factus
1271 3421 1398 3486 omnino,
1417 3422 1472 3473 sed

100 3547 103 3553 -
208 3511 318 3562 demum
337 3527 371 3560 ex
389 3510 422 3561 L.
438 3508 524 3559 Juuic
538 3505 679 3564 Norbano,
692 3520 763 3572 quae
780 3494 875 3558 ornnes
886 3506 999 3559 Latinos
1017 3509 1093 3573 iecit,
1105 3525 1176 3578 quos
1191 3513 1295 3576 justam
1313 3507 1472 3559 libertatem

209 3591 339 3660 consequi
352 3607 407 3645 non
427 3591 579 3658 patiebatur
594 3592 626 3643 L.
638 3589 718 3642 Aeliu
732 3590 831 3642 Sentio.
844 3590 1004 3655 videantur,
1014 3609 1084 3660 quae
1095 3594 1251 3646 notavimus
1262 3595 1299 3646 ad
1310 3611 1334 3645 c.
1346 3597 1372 3646 3.
1385 3592 1473 3643 Heiu.

278 3680 306 3746 r>
326 3679 466 3730 Hactenus
479 3679 513 3729 de
529 3675 750 3732 manumittendis
763 3682 790 3728 ct
801 3677 1069 3730 manumissionibus.
1086 3679 1149 3731 Jum
1165 3679 1198 3730 de
1211 3673 1356 3745 prohibitis
1370 3691 1475 3728 manu·

210 3763 336 3818 mittendi
353 3760 571 3825 conditionibus,
590 3761 624 3812 de
648 3760 748 3829 quibus
766 3763 883 3812 Psunuu
900 3760 983 3813 Libro
1001 3763 1037 3814 cd
1054 3765 1118 3832 Lep.
1136 3765 1197 3817 Au.
1217 3765 1290 3818 Seut.
1308 3763 1350 3820 ΙΙ.
1367 3760 1474 3826 egisse,

210 3856 286 3917 patet
309 3866 346 3902 ex
362 3849 395 3899 L.
412 3851 437 3900 6.
455 3848 492 3899 D.
510 3849 542 3898 de
560 3845 623 3901 Jur.
640 3856 714 3915 potr.
740 3847 866 3899 Ceterum
890 3848 1051 3902 sententiam
1073 3847 1170 3913 capide
1193 3853 1283 3901 servat
1296 3831 1342 3900 ἴ..
1362 3847 1411 3900 ult.
1432 3847 1476 3899 D.

216 3936 271 3994 Qui
287 3943 313 3986 et
329 3950 346 3985 u
364 3930 432 4002 quib.
450 3948 565 3983 manum.
584 3932 664 3984 Hecu.

282 4020 311 4086 s)
330 4019 394 4071 Non
412 4031 477 4082 ergo
499 4015 625 4081 prohibet
642 4019 703 4070 Lex
724 4019 875 4070 mercedem
894 4033 911 4068 a
929 4017 1025 4070 liberto
1044 4033 1154 4084 cepere,
1172 4021 1222 4072 sed
1245 4035 1308 4072 eum
1330 4016 1477 4084 obligare:

213 4108 245 4159 L.
256 4106 305 4158 alt.
319 4105 340 4172 ξ.
356 4110 380 4156 1.
402 4102 457 4160 Qui
474 4109 500 4152 et
517 4100 616 4170 cudi.
634 4120 749 4155 mnam.
774 4103 834 4154 Nec
850 4104 918 4154 haec
935 4102 1083 4168 prohibitio
1107 4105 1222 4170 pertinet
1240 4105 1275 4157 ad
1293 4102 1428 4169 speciem
1446 4101 1478 4152 si

212 4196 343 4256 patronus
361 4187 414 4240 sibi
431 4202 529 4253 operas
547 4193 667 4250 centum,
680 4193 727 4240 ent
745 4187 773 4240 in
791 4188 913 4255 singulas
925 4189 1024 4257 quinos
1042 4204 1140 4242 eureos
1159 4189 1305 4256 stipulatus
1323 4188 1376 4240 sit:
1394 4201 1480 4241 esur„

214 4273 273 4326 Lu.
290 4275 332 4327 ΙΙ.
350 4274 383 4325 1,.
400 4277 426 4326 6.
443 4272 465 4338 ἓ.
485 4277 508 4324 l.
526 4273 561 4323 D.
580 4272 612 4323 dc
630 4271 693 4325 Jur.
706 4282 779 4341 patr.
798 4275 878 4326 Heus.

284 4360 309 4427 t)
329 4360 373 4410 De
397 4360 450 4411 hoc
473 4371 584 4426 quoque
612 4357 700 4423 capite
721 4358 778 4425 egit
794 4373 870 4412 reue.
894 4358 1005 4412 mall.
1019 4361 1052 4411 L.
1067 4362 1094 4412 6.
1113 4360 1149 4412 D.
1166 4360 1199 4412 de
1222 4358 1284 4410 Jer.
1298 4365 1374 4424 petr.
1402 4357 1478 4422 Ejus

215 4447 306 4496 autem
324 4442 486 4496 senteutiam
504 4444 588 4496 habes
606 4441 635 4496 in
652 4445 686 4496 L.
706 4449 746 4496 15.
765 4444 801 4496 D.
820 4445 877 4496 eod.
894 4445 974 4496 Heius.

237 4569 242 4581 .
286 4529 319 4592 u)
339 4528 397 4580 Nec
413 4534 503 4580 tamen
521 4528 616 4582 incidit
626 4527 654 4580 in
667 4531 752 4594 legem
764 4534 908 4595 patronus,
919 4529 970 4598 qni
980 4533 1127 4583 castretum
1141 4528 1236 4593 jnrare
1248 4527 1338 4593 coegit
1355 4541 1480 4580 uxorem
