3130 5148
190 367 252 423 XII
603 346 821 418 Pnuarurro.
836 347 1032 431 Hapnonnr.
1124 393 1128 398 -

189 547 264 598 aas,
281 527 320 588 ab
341 528 525 588 acceleretis
542 524 722 588 lectionibus
742 527 893 606 micenis
915 545 986 589 oum
1006 523 1185 589 suasorem
1205 537 1320 589 corono
1341 529 1448 608 spten-

190 635 264 695 dida
279 637 530 694 communicatae.
553 633 675 694 Earum
691 639 809 714 copiam
824 636 1049 715 gratiosissime
1062 635 1143 712 feeit
1158 644 1367 716 paternarum
1381 637 1447 695 os‘r-

170 749 292 802 'ratam
307 761 354 800 oc
378 741 538 802 doctrinae
559 741 650 801 lieres
672 741 889 820 dignissimas,
911 745 961 800 air
983 733 1133 814 s'tlastm's,
1149 741 1194 802 Jo.
1217 741 1330 804 Christ.
1348 741 1447 802 east.
1547 721 1550 726 ¹

190 849 387 920 transactas,
404 847 572 908 Potentiae.
588 847 722 908 Borass.
737 848 835 928 Regis
846 869 866 908 a
880 849 985 908 consil.
1002 849 1066 909 aot.
1079 855 1109 908 et
1122 851 1155 908 in
1172 849 1447 928 Academiaeque

190 959 253 1018 stri
269 955 450 1036 Ligniceosi
470 955 661 1014 Antecessor
681 955 871 1036 primariis,
897 958 953 1038 qui
972 956 1147 1034 exemplum
1170 965 1306 1036 quoque,
1331 957 1364 1016 in
1386 973 1447 1036 quo

182 1061 294 1140 scisne
312 1063 526 1143 adlegationes
541 1065 710 1141 marimum
728 1069 853 1141 partem
873 1070 969 1122 erant
987 1063 1184 1135 emendatae,
1200 1040 1447 1122 criticicastros

190 1173 348 1230 mucescit.
369 1169 479 1230 Novas
495 1165 692 1229 adsessiones
714 1169 870 1229 uncinatis
890 1165 906 1252 [
947 1165 1171 1252 ]ioclasimos,
1189 1185 1268 1250 qaus
1287 1167 1365 1228 odeo
1380 1169 1446 1228 sin·

190 1277 275 1359 guis‘s
292 1278 420 1357 paginis
432 1274 532 1355 saecli
548 1277 689 1336 inuenire
705 1279 824 1356 poteris
845 1295 961 1356 opera,¹
978 1280 1010 1337 si
1026 1278 1065 1336 de
1075 1277 1146 1357 fida
1167 1285 1278 1337 nostra
1297 1271 1446 1336 dubites?

190 1381 362 1446 Nonnulla
376 1391 487 1444 tamen
504 1366 547 1443 ex
561 1381 622 1460 his,
638 1399 723 1466 quae
737 1381 813 1444 huic
830 1382 1208 1477 editioni'adcesserunt,
1228 1401 1294 1444 non
1310 1387 1448 1465 possunt

192 1512 262 1554 esse
286 1493 327 1554 ab
348 1491 511 1552 Heincccii
528 1509 626 1552 manu
647 1489 816 1572 profecta,
844 1497 900 1552 aut
923 1508 966 1551 ex
991 1490 1059 1574 ejus
1082 1488 1363 1574 praelectionibus
1386 1507 1449 1549 ex-

192 1607 307 1681 cepta,
329 1596 388 1659 sed
411 1597 592 1678 editorem,
615 1596 685 1659 sive
711 1597 821 1660 [illios
841 1595 901 1659 ille
917 1597 1033 1679 fisarit,
1056 1597 1126 1661 sive
1142 1597 1332 1662 Heineccios
1348 1594 1447 1675 filius,

83 1766 86 1776 ,
191 1711 358 1770 auctorem
374 1703 568 1784 habuerint,
585 1690 720 1766 neccsse
744 1705 856 1786 est*);
877 1711 924 1786 ut,
941 1726 1026 1790 quae
1044 1706 1086 1769 ad
1103 1707 1128 1766 I.
1142 1705 1192 1767 26.
1209 1705 1236 1786 ς.
1251 1703 1302 1766 19.
1318 1723 1337 1766 e
1358 1723 1448 1764 nova

191 1811 393 1881 Brissoniani
415 1813 525 1896 operIs
547 1812 589 1875 de
605 1811 647 1874 V.
669 1811 701 1874 S.
725 1810 891 1894 editione,
915 1820 971 1875 aut
993 1813 1035 1875 ad
1051 1814 1196 1894 Adpend.
1217 1812 1283 1873 Lib.
1306 1813 1330 1872 Ι.
1352 1811 1381 1892 5.
1395 1809 1447 1872 23.

192 1921 235 1984 dc
252 1923 369 1983 Masso.
387 1921 459 1981 Gar.
475 1910 626 1981 Coarodii
638 1898 882 1983 Dissertatione
905 1917 1108 1984 adferuntur.
1131 1919 1218 2001 *10)
1238 1911 1342 1982 uduo
1356 1935 1448 1992 noca,

192 2031 232 2091 ab
260 2036 389 2095 auctore
414 2031 481 2109 span
506 2029 701 2108 paniosate
729 2027 843 2089 aditam
869 2007 972 2090 revisa
996 2035 1051 2090 etc.
1077 2029 1136 2108 (ut
1158 2045 1243 2090 num.
1266 2026 1321 2106 6.)
1349 2021 1449 2087 Basi-

192 2140 277 2210 leus,
295 2135 468 2198 emendabat
489 2134 648 2194 monast
668 2137 877 2208 Therasiam,
893 2134 986 2197 1752.
999 2135 1031 2197 8.
1048 2136 1087 2198 P.
1103 2137 1129 2198 I.
1146 2155 1246 2224 pagg.
1261 2132 1332 2195 674.
1349 2133 1388 2194 P.
1404 2133 1447 2192 II.

187 2265 290 2327 pagg.
308 2241 380 2306 408.
403 2241 518 2304 Editio
540 2241 590 2323 ei,
614 2261 710 2325 quam
732 2263 817 2304 num.
833 2243 863 2305 6.
886 2243 1130 2327 descripsimus,
1151 2263 1281 2326 prorsus
1304 2239 1448 2326 gemina,

193 2359 324 2414 servato
341 2349 426 2412 adeo
440 2350 630 2414 Erratoruns
647 2350 770 2432 iudice,
786 2349 829 2413 ad
844 2352 967 2415 calcem
986 2351 1104 2433 prioris
1118 2342 1319 2412 Basileensis
1336 2347 1449 2410 obvio.

195 2459 278 2540 *11)
306 2459 412 2519 Editio
435 2477 518 2518 nova
541 2458 699 2539 prioribus
724 2459 916 2520 emendatior
937 2469 968 2520 et
992 2460 1216 2538 locupletatior.
1240 2457 1452 2538 Argentorati

141 2605 155 2648 ¹.
193 2567 346 2630 sumtibus
357 2566 403 2626 Jo.
412 2566 556 2626 Danielis
567 2563 756 2626 Dotseckeri
763 2565 853 2627 1755.
866 2565 895 2627 8.
907 2567 946 2626 Ρ.
955 2565 980 2626 Ι.
987 2585 1085 2646 pagg.
1093 2562 1213 2626 576.J’.
1222 2566 1263 2626 II.
1273 2585 1367 2646 pagg.
1375 2561 1448 2625 408.

194 2677 232 2740 In
249 2674 315 2736 fine
336 2671 414 2734 libri
431 2671 514 2733 haec
536 2670 710 2753 legunturs
732 2670 859 2752 Lipsiae
874 2677 1028 2754 impressit
1042 2671 1131 2733 eard.
1150 2673 1254 2733 Gottb.
1270 2671 1458 2749 Jacotaeer„
1504 2668 1507 2677 “

194 2781 309 2847 Editio
332 2787 513 2842 memoratu
537 2777 636 2872 digna
653 2787 791 2862 propter
813 2778 944 2842 notulas
966 2778 1142 2842 nonnullas
1159 2779 1297 2864 primum
1312 2777 1449 2860 adsper-

113 2948 116 2954 .
195 2891 335 2970 aas**),
351 2908 437 2971 quae
461 2885 584 2949 deinde
606 2886 640 2947 in
665 2885 741 2950 edd.
764 2885 892 2970 aliquot
913 2871 1117 2950 recentiores
1137 2893 1238 2968 (num.
1254 2887 1304 2949 16.
1327 2894 1361 2949 ct
1375 2884 1444 2966 16.)
1496 2893 1501 2897 “

194 2997 401 3075 transierunt.
431 2994 634 3078 Cujus‘sint,
657 2994 819 3078 expiscari
848 2993 993 3057 nondum
1016 2995 1119 3079 potui.
1149 2983 1316 3058 Videntur
1336 3001 1447 3057 tamen

196 3125 267 3168 esse
284 3125 326 3166 ex
349 3103 461 3188 aliquo
478 3123 591 3166 eorum
605 3103 832 3186 exemplorum
850 3103 1054 3186 depromtae,
1072 3123 1158 3187 quae
1173 3101 1360 3164 Herbesoius
1376 3101 1448 3184 ipse

195 3211 325 3276 futurae
344 3211 486 3275 editioni
503 3207 698 3293 recognitae
711 3217 895 3293 paraverat,
918 3211 1073 3274 Ceterum
1090 3209 1305 3272 fundamento
1317 3207 1380 3271 fuit
1395 3207 1449 3270 cd.

195 3319 414 3400 Basileensis,
436 3320 527 3404 cujus
549 3317 648 3380 etiam
671 3337 817 3401 errores,
840 3317 932 3382 velut
948 3320 1004 3379 IV.
1021 3319 1070 3380 18.
1089 3319 1118 3398 §.
1137 3317 1188 3380 17.
1211 3316 1449 3399 ineptissimum

195 3428 289 3492 illum
310 3426 432 3491 hiatum
449 3435 524 3511 post
548 3425 666 3488 verba:
687 3428 841 3500 ‚absente
860 3447 914 3489 reo
927 3431 1010 3508 fleri
1023 3425 1183 3507 poterat,''
1202 3423 1349 3487 fideliter
1369 3423 1451 3485 reti·
1556 3409 1557 3414 ἵ

196 3535 277 3611 nuit.
298 3534 357 3614 12)
376 3535 409 3598 in
434 3535 723 3616 Operum'omniom
745 3532 895 3596 editione
910 3534 1139 3614 Neapolitana,
1155 3534 1246 3617 cujus
1261 3531 1360 3594 Tomi
1376 3529 1451 3594 XII
1556 3587 1557 3602 ,

197 3663 226 3706 a.
250 3641 342 3704 1759.
356 3641 386 3704 4.
408 3640 495 3724 typis
517 3649 592 3704 sunt
615 3640 782 3726 descripti.
803 3641 861 3721 13)
887 3641 922 3704 in
944 3641 1121 3702 eorumdem
1148 3641 1286 3720 Operam
1307 3639 1452 3721 repetita

199 3742 355 3813 editione¹
378 3750 514 3821 Veneta,
546 3749 661 3812 Tomis
689 3747 816 3812 XVIII
842 3747 1093 3830 comprehensa,
1123 3767 1207 3831 quae
1227 3745 1337 3807 lucem
1367 3743 1452 3806 vidit

197 3855 353 3919 1761.12.
374 3855 538 3933 (Cinum.
553 3856 599 3937 8.)
625 3857 682 3937 14)
702 3856 736 3919 in
757 3858 893 3938 Operam
912 3856 956 3916 ad
971 3859 1150 3916 unibersam
1165 3854 1452 3935 jun’sprudentiam

199 3945 255 4026 etc.
268 3950 494 4061 pertinentiam
515 3963 651 4045 iterata,
671 3965 729 4028 vel
749 3964 875 4046 potius,
899 3963 925 4024 si
949 3960 1173 4044 gravissimum
1196 3959 1245 4021 rei
1267 3959 1450 4023 litterariae

199 4199 210 4216 c
250 4173 282 4242 *)
305 4176 389 4238 Quod
407 4175 498 4241 ipsum
515 4179 675 4244 confirmare
699 4175 807 4229 videtur
826 4139 896 4228 Deo..
916 4172 1136 4227 Ruhnkenius'iu
1151 4173 1244 4224 litteris
1268 4175 1304 4226 ad
1319 4173 1364 4252 Jo.
1381 4173 1453 4227 Dan.

200 4262 335 4314 Ritterum
354 4261 434 4322 dabs3
454 4259 482 4311 in
503 4262 578 4314 Gart.
597 4263 718 4330 Hupom's
738 4261 811 4312 Oioil.
833 4260 938 4326 Mopse.
960 4257 1033 4311 Tam.
1059 4259 1086 4310 V.
1103 4275 1174 4310 aum.
1194 4262 1234 4310 13.
1252 4275 1280 4326 p.
1299 4262 1359 4312 356.

235 4341 284 4409 **)
299 4346 342 4394 Eu
353 4344 590 4418 iudicemyesram:
603 4347 638 4397 ad
653 4347 723 4413 Adp.
737 4342 849 4396 LibriI.
863 4344 884 4410 ξ.
896 4347 939 4396 45.
958 4351 1011 4399 not,
1026 4361 1050 4396 r.
1071 4344 1095 4410 -ξ,
1108 4346 1151 4396 60.
1162 4351 1216 4396 not.
1227 4361 1254 4395 a.
1278 4345 1299 4410 ᾗ.
1317 4347 1358 4395 68.
1370 4351 1418 4394 not
1429 4344 1454 4396 d.
1556 4325 1557 4330 ¹

200 4429 221 4496 ἓ.
239 4433 351 4482 701101.
370 4447 392 4479 e.
419 4431 439 4496 ξ.
454 4435 511 4482 124.
531 4439 584 4481 not.
603 4447 625 4480 e.
651 4431 743 4496 §.13st
760 4437 814 4480 not.
832 4445 866 4480 m.
881 4445 920 4480 ‘ns
936 4427 971 4478 ad
989 4426 1040 4480 IV.
1058 4431 1083 4480 6.
1098 4429 1121 4494 ἦ.
1139 4433 1179 4480 ll.
1197 4436 1250 4479 not.
1266 4445 1292 4495 9.
1307 4426 1419 4495 subjici.
1437 4444 1455 4481 a
1543 4447 1545 4452 ·

200 4511 306 4565 verbis:
324 4513 499 4574 ‚,Generarim
517 4523 605 4566 tamen
622 4513 693 4566 etc.''
712 4515 733 4580 ξ.
747 4518 787 4566 la.
804 4522 857 4567 not.
869 4514 887 4564 i.
905 4512 1024 4582 denique
1036 4513 1072 4564 sd
1087 4511 1107 4564 1
1112 4513 1138 4564 V.
1160 4516 1200 4565 18.
1218 4513 1238 4578 ξ.
1256 4513 1301 4564 52.
1320 4520 1375 4563 nat.
1395 4529 1418 4562 o.
1475 4507 1478 4512 ’
