3040 5164
380 393 436 462 Da
462 392 665 462 namnum
690 393 942 463 lssrrruasors.
1214 399 1285 466 tal

38 577 202 636 stamentu
217 569 297 634 civis
311 566 659 652 Romanicapicbants
675 566 744 630 Cic.
755 587 816 649 pro
832 572 873 631 A.
891 570 1026 634 Caecina
1038 592 1064 632 a.
1074 568 1125 633 85.
1143 569 1235 655 (Gaj.
1245 571 1289 634 ll.

36 682 62 763 §.
75 679 170 760 285.)
190 697 254 742 nec
268 677 314 742 ΙΙ.
327 679 473 749 sectatu,
487 675 672 758 perlegam
686 675 825 758 Papiam
840 676 1033 760 Poppaeam
1049 679 1094 758 b):
1115 678 1184 740 Dio
1200 678 1289 742 Cass.

36 787 118 850 LIV.
134 784 189 848 16.
211 784 344 848 Sonam.
358 787 441 848 Hist.
462 785 534 846 auct.
550 785 575 844 Ι.
590 782 621 844 9.
643 781 739 860 Quae
762 782 944 862 caelibatus
965 805 1075 868 poena
1091 807 1110 849 a
1126 785 1290 850 Constan-

36 894 101 957 tino
119 893 255 956 demum
269 892 317 955 M.
332 891 461 956 sublata
477 900 544 954 est:
560 890 692 956 Sozam.
708 891 779 952 stru.
801 891 839 952 J..
860 913 914 954 ura.
930 893 963 955 0.
986 893 1095 956 meod.
1110 895 1149 954 de
1169 895 1289 975 Infirm.

33 1023 118 1084 poam
140 1002 251 1062 caelat.
268 1021 329 1062 nec
344 999 408 1064 111.
423 1001 499 1071 ordi,
520 999 555 1063 id
571 1008 621 1062 est
636 1005 808 1082 parentes,
832 998 889 1083 qui
912 1000 1025 1062 sterile
1048 1001 1288 1064 matrimonium
1352 1041 1354 1046 .

39 1110 169 1172 fuerant
194 1107 334 1191 experti.
353 1105 401 1168 Hi
424 1107 511 1169 enim
534 1107 622 1169 inter
643 1126 677 1167 se
701 1104 861 1167 decimam
886 1113 1028 1190 tantum,
1051 1129 1117 1171 non
1138 1108 1289 1190 solidum,

40 1216 216 1298 capiebant
230 1220 273 1296 ⁶).
295 1215 354 1277 Sin
370 1235 449 1278 vero
466 1233 509 1276 ex
524 1212 635 1296 priore
651 1213 859 1276 matrimonio
880 1223 1090 1300 superessent
1103 1215 1220 1297 liberi,
1237 1227 1290 1281 to-

40 1323 133 1386 tidem
151 1323 300 1388 decimas
323 1342 443 1406 capere
459 1328 633 1406 poterant,
657 1321 745 1405 quod
769 1321 967 1384 sustulerant
988 1322 1129 1386 liberos:
1151 1323 1290 1408 Ulpiani

39 1434 168 1513 Fragor.
183 1433 276 1494 XIII.
292 1430 334 1518 1.ι
355 1430 407 1492 Ex
431 1436 630 1493 testamento
657 1428 809 1492 extranei
831 1429 962 1491 nonnisi
984 1431 1147 1494 semissem
1169 1453 1289 1515 capere

42 1546 209 1623 poterant=
232 1537 299 1602 vid.
318 1538 429 1599 Comm.
449 1547 547 1600 nostr,
568 1539 612 1598 od
628 1541 662 1599 L.
682 1538 745 1598 Jut.
762 1546 796 1597 et
810 1537 892 1618 Pap.
909 1538 951 1599 ΙΙ.
970 1537 1021 1600 21.
1039 1560 1073 1621 p.
1094 1538 1167 1602 343.
1190 1540 1291 1602 Exci-

44 1647 215 1730 piebantur
229 1667 332 1730 porro
344 1645 406 1708 IV.
421 1647 642 1707 universitates
657 1643 701 1725 ἃ),
717 1665 797 1728 quas
813 1642 991 1727 quidquam
1009 1666 1128 1729 capere
1145 1647 1290 1730 potuisse

45 1770 160 1839 negant
184 1753 311 1817 Plinius
332 1753 446 1835 Epastt.
471 1752 505 1814 V.
523 1752 552 1813 7.
575 1750 738 1834 Ulpianus
759 1753 891 1834 Fbagm.
911 1753 1018 1818 XXII.
1036 1755 1065 1817 5.
1088 1753 1188 1831 Quod
1211 1754 1290 1819 ideo

47 1871 207 1946 receptum
223 1861 366 1943 videtur,
389 1858 544 1945 quoniam
564 1857 794 1921 universitates
817 1857 1038 1922 hereditatem
1062 1883 1199 1927 cernere
1223 1883 1290 1926 non

45 1979 200 2054 poteraut.
225 1969 354 2052 Capere
371 1976 480 2030 tamen
498 1966 538 2029 iis
559 1966 684 2030 licebat
699 1957 966 2030 fideicommissa:
981 1967 1144 2052 Ulpianus
1162 1973 1182 2032 l.
1197 1993 1222 2033 a.
1240 1969 1290 2036 id-

47 2099 99 2161 que
118 2085 330 2141 concesserat
349 2077 466 2138 SOtum
481 2076 709 2156 Apronianum,
727 2074 817 2158 cujus
833 2073 994 2157 originem
1011 2097 1076 2139 non
1099 2099 1170 2140 cum
1191 2077 1291 2163 Cuja·

46 2187 89 2248 cio
107 2189 154 2248 od
173 2187 341 2268 Ulpianum
359 2183 430 2246 ibid.
447 2181 487 2246 ad
504 2191 655 2264 tempora
667 2180 710 2242 D.
721 2181 837 2262 Marci,
851 2181 908 2264 sed
926 2203 996 2245 cum
1013 2183 1091 2246 Ant.
1102 2184 1290 2267 Augustino

44 2294 229 2375 denegatus
248 2304 280 2355 et
291 2292 383 2353 SOtis
401 2292 443 2353 ad
457 2289 620 2353 Hadriani
636 2289 807 2372 imperium
823 2290 1005 2372 referimus,
1022 2291 1080 2352 sub
1092 2313 1159 2376 quo
1176 2313 1292 2355 oecur-

44 2401 84 2462 rit
94 2401 215 2464 Consul
229 2399 399 2483 Apronius
408 2398 450 2460 A.
464 2397 619 2461 Uaxvu.
637 2404 671 2457 et
685 2413 803 2458 cxxul.
823 2396 901 2460 Vid.
913 2397 1096 2483 Schulting.
1108 2401 1152 2459 ud
1167 2399 1295 2481 Ulpiani

44 2510 172 2590 dtagm.
196 2507 301 2570 XXII.
323 2508 352 2570 5.
369 2527 404 2588 p.
420 2503 492 2568 635.
508 2508 551 2585 θ).
573 2504 719 2568 Videtur
746 2509 855 2566 tamen
880 2513 1030 2590 tempore
1053 2506 1095 2568 D.
1117 2505 1221 2570 Marci
1244 2505 1290 2588 id,

47 2616 128 2700 quod
144 2615 332 2679 civitatibus
348 2633 537 2677 concessum
558 2611 667 2675 fuerat
682 2611 770 2674 SCto
787 2613 994 2696 Aproniano,
1012 2615 1111 2677 etiam
1128 2615 1170 2678 ad
1187 2614 1291 2678 colle-

50 2725 95 2806 gia
108 2723 209 2787 fuisse
226 2721 441 2808 productum,
462 2719 564 2804 idque
580 2718 718 2802 adparet
733 2740 776 2781 ex
792 2723 826 2782 L.
844 2720 895 2783 20.
917 2724 957 2785 Ι).
976 2724 1014 2784 da
1029 2723 1105 2785 aas.
1124 2723 1193 2783 dub.
1218 2723 1290 2785 Imo

56 2875 335 2888 ——a—

106 2962 138 3029 b)
159 2960 310 3013 Contundit
328 2961 380 3013 hoc
397 2959 426 3012 in
443 2960 506 3012 loco
524 2960 627 3011 Auctor
644 2972 706 3010 oum
721 2958 991 3012 testamentitaotione
1001 2961 1119 3027 passiva,
1140 2970 1171 3015 ut
1184 2969 1290 3030 vocam,

46 3045 84 3110 jus
100 3045 224 3113 capiendi
248 3061 283 3096 ex
300 3043 467 3098 testamentis
492 3050 697 3104 extraneorum,
716 3041 792 3110 quod
810 3041 845 3093 ad
869 3044 1033 3098 caducorum
1051 3046 1291 3116 areptitiorumque

48 3129 248 3183 vindicationem
264 3130 383 3182 maxime
394 3129 551 3194 spectabat;
571 3126 619 3196 qui
631 3141 664 3179 eo
679 3134 784 3179 tantum
802 3128 918 3191 urebat,
930 3134 1020 3182 tamen
1038 3136 1199 3183 testamento
1213 3133 1290 3185 hores

48 3213 143 3267 institui
160 3220 283 3281 poterat.¹
301 3214 364 3266 vid.
383 3213 586 3267 Miiblenbruoh
610 3213 639 3264 in
662 3213 757 3264 contin.
781 3221 916 3265 comment.
936 3214 1074 3269 Gliiclsiun.
1092 3217 1123 3267 Τ.
1141 3215 1290 3269 XXXIX.

48 3314 69 3363 p.
87 3304 176 3354 1⁷2—-
188 3303 246 3352 179.
274 3299 337 3352 Jam
354 3315 449 3352 eorum
467 3297 496 3348 in
513 3311 641 3359 numero,
661 3297 708 3363 qui
727 3315 762 3349 ex
780 3303 940 3350 testamento
957 3312 1053 3363 capere
1070 3299 1290 3366 prohibebantur,

49 3384 119 3438 stiam
137 3391 214 3436 erant
224 3383 314 3440 Latini
323 3383 341 3434 J
343 3383 444 3448 uniani,
455 3383 516 3450 Gaj.
530 3383 552 3434 Ι.
567 3383 588 3449 ξ.
597 3385 639 3434 23.
649 3382 712 3446 Ulp.
722 3383 819 3436 XXII.
832 3382 853 3449 ἓ.
863 3389 888 3438 3.
902 3412 934 3424 -
948 3383 1084 3448 „Latinus
1096 3384 1113 3435 J
1116 3384 1240 3451 anianus,
1254 3385 1291 3438 si·

49 3469 149 3534 quidem
172 3468 268 3520 mortis
286 3468 423 3543 testatoris
448 3473 584 3533 tempore,
603 3468 645 3518 vel
663 3465 734 3516 iutra
754 3466 825 3519 diem
844 3468 970 3521 cretionis
995 3468 1062 3520 civis
1081 3471 1221 3523 Romanus
1246 3470 1290 3536 sit,

49 3553 116 3605 heres
134 3569 195 3606 esse
213 3553 331 3619 potcst''
350 3555 391 3606 Gt.
408 3551 470 3606 ibid.
486 3553 580 3604 XVII.
596 3557 617 3602 1.
637 3557 664 3602 st
678 3550 739 3616 Gaj.
755 3553 788 3602 ll.
806 3552 826 3619 t.
838 3557 897 3608 275.
916 3556 958 3606 Ι)ε
976 3554 1109 3606 caelibum
1127 3560 1217 3606 autem
1228 3555 1291 3622 jurc

50 3637 95 3690 vid.
114 3639 176 3704 Gaj.
194 3639 231 3691 11.
248 3638 269 3704 t.
287 3643 343 3692 111.
362 3641 422 3690 286.
442 3637 504 3702 Ulp.
524 3637 618 3688 XVII.
636 3636 656 3703 ξ.
677 3642 699 3688 1.
721 3635 807 3688 Mitti.

108 3726 138 3789 a)
158 3721 278 3774 Bachius
297 3722 328 3772 de
347 3720 444 3792 lapibus
468 3722 581 3790 timont
592 3739 623 3790 p.
643 3709 699 3775 137.
722 3721 756 3773 de
774 3736 807 3772 eo
825 3721 980 3774 adcuratius
999 3723 1134 3791 disquirit.
1156 3724 1238 3778 Canu.

110 3809 141 3874 a)
163 3806 342 3860 caraunus
360 3804 434 3858 orsa.
450 3790 651 3876 maeatarum
670 3806 751 3860 eom
769 3807 848 3860 nm.
861 3807 893 3858 a
908 3806 1147 3874 personantem.
1161 3827 1194 3877 aa
1212 3819 1290 3864 serra-

50 3901 125 3944 nnuo
141 3889 289 3946 heredibus.
307 3890 383 3954 lips.
399 3893 473 3946 1784.
487 3895 514 3946 4.
533 3889 622 3944 Haut.
642 3891 801 3960 (Caeterum
818 3889 847 3944 iu
864 3905 1042 3956 personarum
1059 3891 1223 3947 incertarum
1240 3912 1291 3949 nu·

49 3989 115 4028 mero
132 3991 187 4028 non
209 3975 293 4028 modo
310 3980 387 4029 eraut
410 3975 614 4040 universitates,
632 3975 798 4042 omninoque
822 3976 900 4028 fictae
925 3991 1071 4040 maronae,
1091 3993 1184 4029 verum
1209 3979 1290 4034 etiam

49 4061 169 4124 postumi,
186 4062 221 4112 de
239 4059 339 4129 quibus
357 4061 411 4116 vid.
424 4061 485 4127 Gai.
499 4063 533 4116 11.
545 4062 566 4127 ἱ.
578 4065 638 4116 stu.
652 4061 728 4127 287.)
741 4087 772 4096 -
781 4060 818 4112 Η.
840 4061 872 4114 Ε.
889 4059 1009 4116 Dirltsen
1025 4059 1092 4114 tter
1109 4060 1160 4112 den
1172 4061 1292 4116 Zustsnd

50 4143 93 4194 dar
100 4147 194 4215 jurist.
213 4148 355 4200 Personcn
373 4145 441 4200 nacta
455 4145 522 4200 rim.
541 4146 579 4200 R.
598 4145 714 4212 (civitat.
727 4143 795 4199 Ata.
808 4145 843 4198 11.
861 4159 934 4200 num·
952 4147 988 4214 1.)
1003 4161 1029 4212 p.
1048 4149 1190 4200 tto—14³.
1204 4146 1290 4200 matt.

110 4232 139 4297 a)
159 4233 213 4286 Per
230 4233 317 4297 legem
336 4231 450 4297 Papiam
469 4232 635 4296 Poppaeam,
647 4230 726 4296 cujus
744 4237 827 4296 caput
844 4246 876 4286 ea
893 4231 928 4285 de
945 4248 975 4285 re
992 4247 1075 4297 egeus
1093 4230 1223 4297 singulari
1241 4247 1290 4283 uo·

48 4312 115 4366 mine
126 4315 277 4376 (licitantes
290 4317 489 4370 decimariatl..
498 4319 523 4368 2
536 4314 565 4369 0.
582 4313 801 4368 irradiatura
813 4314 919 4370 liberor.
933 4317 1044 4368 Praeter
1057 4317 1188 4370 decimam
1201 4323 1290 4370 tamen

49 4398 123 4452 ctiam
145 4403 344 4458 usumfructum
362 4400 457 4455 arsiae
473 4400 559 4466 partis
577 4401 723 4463 bonorum,
742 4408 769 4452 et
787 4401 879 4454 dotem
896 4401 1086 4465 praelegatum.
1105 4408 1132 4454 et
1149 4403 1173 4456 si
1191 4403 1290 4455 liberos

50 4481 188 4547 trabebant,
207 4485 330 4552 ejusdem
354 4485 440 4551 partis
464 4484 657 4549 proprietatem
681 4500 777 4551 capere
799 4489 939 4552 poteram:
964 4484 1075 4551 Ulpiani
1093 4488 1202 4555 stupas.
1224 4488 1290 4541 XV.

50 4566 112 4618 ,tud
128 4570 225 4622 Conana.
238 4577 320 4621 nostr.
332 4571 367 4620 ad
377 4571 406 4622 L.
419 4569 475 4622 sut.
488 4578 513 4622 at
524 4571 594 4637 Pup.
606 4571 693 4638 Pupp.
704 4569 744 4620 11.
752 4574 831 4637 imp.
842 4573 901 4622 259.
915 4568 1005 4637 [Tarm
1023 4570 1100 4624 VIII.
1119 4571 1198 4639 0pp.]
1212 4573 1290 4648 Heio.
