3040 5164
305 415 383 486 Lns.
407 413 454 484 11.
479 411 561 484 Tm.
584 409 666 485 vlt.
689 415 745 485 nn
769 377 1041 489 Dossrrorunus.
1229 423 1300 492 889

52 609 117 654 non
132 588 269 654 solutam
285 590 420 674 publice
435 589 659 667 venditorum
678 592 735 677 qui
750 602 904 677 quaestus
919 554 1064 658 faciendi
1079 615 1175 658 eausa
1188 593 1302 680 bujus-

51 698 140 762 modi
158 698 296 782 praedia
316 721 426 762 emere
453 699 623 783 solebant,
645 701 871 786 praediatores
893 703 973 769 dieti
989 711 1079 784 sunt,
1095 703 1183 766 unde
1199 705 1306 792 etiam

45 811 104 890 jus
111 809 359 890 praediatus-siem
374 807 576 893 appellatum
592 818 643 873 est
656 809 701 893 f).
719 810 820 874 Mum.

487 1108 574 1176 LIB.
595 1110 640 1176 Π.
662 1110 754 1174 ΤΙΤ.
777 1109 856 1176 VII.

589 1277 691 1315 sn!

304 1395 1041 1496 nonsrrournusq.
1128 1393 1132 1402 ·

132 1565 224 1628 Inter
238 1563 355 1626 modos
370 1563 568 1648 adquirendi
580 1564 665 1649 juris
680 1564 830 1648 gentium
846 1565 945 1628 stiam
961 1581 1113 1630 Dortdrto
1129 1575 1189 1643 est,
1204 1587 1300 1652 quam

61 1678 159 1735 umen
189 1671 296 1738 modis
322 1669 519 1755 adquirendi
548 1673 700 1738 civilibus
725 1671 896 1738 adcensuit
923 1673 1026 1758 Gajus
1040 1675 1091 1756 ¹t),
1122 1675 1200 1760 quia
1230 1674 1302 1758 ejus

61 1779 253 1863 temporibus
268 1801 311 1842 ex
331 1780 409 1863 lege
425 1779 541 1843 Cineia
560 1801 627 1844 non
642 1779 778 1845 valebat
797 1781 946 1862 donatio,
962 1781 1025 1844 nisi
1046 1781 1252 1846 sollemniter
1267 1789 1302 1845 et

61 1908 117 1969 per
128 1887 401 1972 mancipationem
418 1887 522 1953 facta:
536 1891 627 1954 Frid.
641 1892 822 1953 Brummer.
837 1891 881 1952 od
892 1890 970 1972 Log.
992 1890 1074 1952 aaa.
1087 1911 1112 1954 e.
1128 1889 1178 1953 13.
1200 1887 1302 1967 Quod

60 1997 196 2080 quamvis
209 2005 369 2060 mutatum
386 2005 472 2060 esset
487 2005 639 2083 tempore
654 1997 849 2062 Justiniani:
870 1997 978 2061 noluit
997 2005 1107 2062 tamen
1123 1997 1303 2063 Tribunis-

59 2125 110 2166 nus
125 2105 201 2190 Gaji
217 2104 368 2167 ordinem
384 2105 527 2170 turbare.
549 2105 652 2172 Plura
669 2105 752 2169 hano
767 2105 801 2169 in
826 2125 893 2168 rem
915 2106 1055 2170 diximus
1076 2106 1110 2169 in
1127 2107 1303 2170 Additum·-

58 2213 109 2274 tus
130 2214 173 2274 ud
195 2213 287 2277 Vina.
305 2235 337 2296 p.
359 2212 430 2276 253.
463 2212 571 2293 Quum
597 2235 678 2300 ergo
704 2213 786 2277 ritus
808 2212 960 2277 nonnulli
987 2213 1154 2278 observati
1177 2214 1242 2276 sint
1267 2213 1301 2276 in

59 2319 299 2386 donationibus:
314 2320 339 2385 ii
353 2320 468 2407 paullo
484 2322 670 2387 adcuratius
687 2321 841 2385 videntur
855 2341 898 2382 ex
913 2319 1166 2404 antiquitatibus
1176 2319 1301 2384 Roma-

58 2430 107 2490 nis
124 2429 317 2514 explicandi.
753 2507 756 2514 ἱ

632 2546 661 2628 §.
683 2546 713 2608 1.

503 2663 666 2716 Donationes
684 2661 853 2734 quotupliees.

131 2761 361 2854 Doris'rronus
380 2763 488 2828 veteri
505 2765 581 2849 jure
605 2765 638 2828 in
654 2765 745 2830 varia
761 2785 885 2850 genera
902 2763 1181 2848 dispescebantur.
1202 2759 1302 2826 Aliae

66 2881 143 2938 erant
167 2890 360 2950 slusmossr,
389 2872 476 2936 aliae
504 2889 826 2938 nuuunsnsronmu.
859 2871 945 2936 Illae
972 2873 1090 2936 iterum
1112 2870 1167 2935 vel
1196 2875 1303 2934 mortu

63 3002 174 3056 caussa,
189 2980 245 3045 vel
266 2985 348 3046 inter
368 2986 452 3044 orbos
474 2981 614 3061 fiebant;
628 2981 669 3046 ad
684 2981 847 3066 posterius
866 3000 969 3066 genus
992 2981 1090 3044 etiam
1107 2979 1303 3046 donationes
1328 3038 1330 3042 .

63 3101 175 3172 propter
189 3096 319 3174 nuptuire
334 3089 540 3156 referendae.

637 3224 667 3306 §-
687 3223 718 3286 a.

464 3339 628 3411 Differentiae
642 3341 705 3392 doni
721 3349 747 3392 et
763 3341 889 3410 muneris.

131 3441 374 3521 Dorsennus,
393 3461 478 3525 quae
494 3442 539 3505 ob
554 3461 698 3504 caussam
712 3441 848 3522 fiebant,
864 3455 1018 3522 mortuns,
1034 3436 1184 3522 reliquae
1201 3457 1306 3523 gene-

63 3548 142 3612 ratim
159 3565 254 3613 noNA
268 3554 298 3630 e)
314 3549 504 3633 adpellatae
516 3557 605 3614 sunt:
622 3548 720 3612 Corn.
734 3549 862 3612 Fronto
877 3550 917 3611 do
931 3549 1044 3632 Differ.
1057 3549 1139 3610 verb.
1149 3568 1183 3629 p.
1199 3545 1305 3612 lsai:

62 3679 338 3700 *uu——

121 3758 213 3826 Oct.
232 3757 342 3809 Ernesti
364 3756 403 3809 Gi.
424 3755 477 3809 Oia.
494 3773 520 3808 r.
535 3756 693 3824 praedicator
709 3763 737 3810 et
750 3755 971 3825 praedictor-istm·
988 3753 1015 3806 J.
1035 3755 1067 3806 Α.
1088 3753 1162 3806 Baoh
1181 3751 1256 3806 Diss.
1275 3753 1306 3805 de
1378 3741 1382 3750 ’

59 3839 113 3907 jure
125 3843 320 3912 praediatorio.
336 3841 412 3907 Lips.
427 3845 501 3896 1762
518 3843 560 3908 (et
577 3841 608 3893 iu
618 3856 711 3907 opusc.
723 3857 798 3894 num.
811 3841 859 3892 IV.
872 3857 899 3908 p.
914 3844 971 3894 113.
984 3840 1060 3908 sqq.)
1077 3839 1124 3909 qui
1144 3839 1259 3891 muitum
1271 3855 1305 3890 ex

67 3929 127 3981 omni
143 3927 309 3996 antiquitate
326 3929 377 3979 hae
395 3928 429 3980 de
447 3945 476 3980 re
494 3925 617 3979 eontulit.
637 3925 723 3978 Most.
742 3956 747 3971 ι

124 4017 151 4083 a)
173 4015 218 4067 Cf.
244 4013 299 4065 Vnt.
318 4013 427 4080 Fropm.
439 4014 460 4079 ξ.
472 4015 662 4065 248-316.·-
678 4011 709 4062 F.
721 4009 769 4062 W.
785 4009 817 4062 L.
835 4023 890 4061 son
908 4009 1076 4077 Meyerfeid:
1095 4010 1136 4061 die
1152 4008 1241 4061 Ledre
1258 4027 1308 4061 uon

69 4093 319 4166 dissimultatum
336 4099 405 4150 need
424 4097 504 4150 Riim.
525 4097 561 4150 R.
579 4098 611 4149 T.
630 4097 704 4148 1.11.
723 4095 813 4149 Marb.
834 4098 908 4147 1885.
929 4098 1004 4148 1837.
1024 4093 1111 4146 Mttt.

124 4185 155 4252 b)
177 4185 211 4236 ld
230 4199 312 4251 quam
329 4184 428 4235 falsum
446 4181 494 4248 sit,
508 4183 567 4250 jam
585 4197 664 4236 nemo
689 4179 796 4250 estqui
814 4181 927 4246 ignoret.
954 4181 995 4233 Cf.
1014 4179 1148 4233 Marezolt
1166 4195 1257 4232 comm.
1276 4181 1308 4230 de

16 4291 20 4296 -
67 4268 147 4320 ordine
164 4271 226 4322 inat.
244 4269 593 4337 (Goett1815.4.)p.28.
611 4271 654 4320 29.
672 4268 705 4319 In
723 4283 756 4320 eo
774 4273 878 4331 umen,
895 4267 972 4334 quod
990 4264 1098 4332 scripsit
1116 4264 1309 4319 Marezottius:

65 4350 142 4416 legem
160 4353 286 4408 Cinciam
303 4353 331 4405 in
350 4370 439 4406 rerum
457 4370 567 4422 quoque
585 4369 634 4405 neo
652 4351 770 4416 mancipi
788 4350 990 4416 donationibus,
1008 4351 1160 4420 iisdemque
1177 4349 1309 4418 gravioris

67 4440 201 4501 momenti,
227 4438 381 4492 necessario
404 4439 562 4508 requisiisse
586 4437 830 4504 mancipationem,
848 4437 929 4490 etiam
954 4438 1139 4490 emendandus
1155 4444 1228 4490 este
1254 4437 1308 4490 Vot.
1375 4438 1378 4445 “

67 4518 167 4592 Fraym.
185 4525 206 4592 t.
224 4529 285 4577 293.
302 4529 362 4576 an.
379 4529 440 4577 ma.
459 4524 545 4576 11111.

129 4612 158 4676 c)
178 4610 235 4663 Vix
256 4625 320 4676 ergo
346 4611 437 4662 locum
462 4611 543 4663 habet
567 4607 722 4662 observatio
740 4608 860 4673 Agroetii
878 4607 953 4674 apud
974 4607 1088 4674 Dionys.
1108 4611 1233 4662 Gotboir.
1258 4609 1312 4662 Vet.
