3062 5164
175 366 181 378 ’
238 372 310 442 304
591 367 774 436 Annum
798 367 877 438 las.
902 368 933 439 Ι.
957 367 1047 439 Car.
1069 369 1130 438 w.

238 553 481 610 antecemornm
499 541 620 606 edictis
638 543 882 610 transferebant
898 547 933 608 in
951 567 1024 628 sua,
1042 567 1150 630 eaque
1167 565 1246 630 pars
1262 547 1396 612 edictum
1408 558 1459 612 trs·

237 655 374 716 lotitiam
390 651 585 715 vocabatur:
608 651 733 715 deinde
752 652 855 716 multa
874 675 961 717 nova
975 655 1145 718 addebant
1157 653 1243 738 ipsi,
1264 675 1347 738 quae
1362 656 1400 719 ad
1416 657 1459 720 ad

238 761 510 823 ministrationem
526 761 739 843 provinciae,
759 769 882 823 sumtus
895 770 931 823 et
946 763 1093 826 rationes
1112 763 1304 844 civitatum,
1318 763 1459 845 pactiones

230 846 310 931 ‘cunr
329 866 530 950 publicanis,
547 890 670 949 usuras,
687 868 900 952 syngraphas,
917 869 1137 934 hereditatum
1156 870 1387 954 possessiones,
1397 871 1459 934 alia-

237 995 303 1060 que
318 975 413 1059 bujus
431 977 563 1059 generis
582 977 812 1060 pertinebant:
825 985 993 1061 postremo
1015 978 1115 1041 ctiam
1131 978 1296 1063 pleraque
1312 977 1459 1040 transiere·

238 1085 359 1146 bantur
380 1104 424 1145 ex
449 1083 567 1147 edictis
595 1084 747 1166 urbanis,
767 1105 995 1170 quaecumque
1016 1087 1145 1150 scilicet
1164 1086 1209 1148 de
1228 1087 1308 1170 jure
1332 1085 1457 1166 dicundo,

237 1211 295 1254 seu
311 1190 355 1253 dc
376 1191 502 1255 usitatis
523 1193 725 1275 privatorum
745 1193 881 1272 caussis,
902 1203 936 1257 ct
956 1195 1191 1260 controversiis
1210 1195 1370 1278 agebant,
1384 1191 1455 1254 modo

238 1299 400 1362 concinna
418 1307 528 1363 essent
542 1299 728 1364 conditioni
748 1301 1010 1384 provincialium.
1031 1303 1132 1367 Unde
1149 1304 1289 1364 edictum
1304 1303 1457 1362 &donnum

236 1415 273 1470 et
301 1429 342 1470 ea
367 1429 442 1492 pars
469 1417 608 1472 vocatur
631 1408 719 1492 apud
742 1407 894 1472 Ciceron.
917 1412 962 1472 ad
984 1414 1054 1473 An.
1077 1413 1112 1473 V.
1128 1411 1181 1473 21.
1216 1408 1376 1473 Discimus
1398 1405 1456 1468 haec

237 1516 347 1579 omnia
372 1535 415 1578 ex
435 1516 544 1580 Cicer.
563 1518 666 1599 Epist.
687 1517 732 1577 nd
749 1517 822 1578 Dto.
846 1520 906 1579 III.
929 1518 960 1581 8.
983 1520 1041 1603 qni
1064 1517 1254 1581 Proconsul
1279 1516 1313 1579 in
1340 1515 1453 1578 Ciliciam
1496 1515 1497 1522 ’

236 1623 356 1688 iturus:
374 1626 503 1698 limnas,
524 1623 643 1708 inquit,
659 1630 818 1706 composui
826 1627 981 1688 edietum.-
991 1630 1070 1689 nitri
1087 1627 1206 1698 addidi,
1220 1628 1286 1686 misi
1297 1625 1374 1705 quod
1382 1623 1454 1704 potti-

236 1738 313 1794 cani
332 1753 381 1794 me
402 1741 574 1814 rogarunt,
594 1753 690 1814 quum
707 1734 837 1794 Samum
860 1734 905 1795 od
927 1755 977 1798 me
996 1739 1168 1806 sensissent,
1191 1742 1230 1794 ut
1253 1733 1294 1794 de
1316 1742 1366 1792 tuo
1386 1730 1454 1790 eden

237 1840 363 1902 totitem
377 1841 476 1902 verbu
493 1840 702 1916 transferrem
720 1845 753 1902 ἔτι
765 1863 877 1902 meum.
897 1842 1034 1921 (Habes
1050 1861 1134 1924 ergo
1156 1847 1286 1923 partem
1298 1837 1394 1901 edicti
1408 1845 1454 1898 m

202 1997 209 2018 .
236 1945 409 2025 letitiam).
430 1947 678 2029 Diligents'ssr'me
693 1953 846 2030 scriptum
862 1960 957 2030 caput
973 1961 1030 2023 est,
1044 1951 1128 2032 quod
1138 1953 1282 2030 pertinet
1294 1948 1337 2008 nd
1350 1949 1452 2006 nmuen

237 2055 292 2141 dos
320 2063 442 2116 sumtus
465 2058 643 2126 civitatum,
666 2077 726 2138 quo
750 2061 783 2118 tn
806 2061 908 2138 cupite
927 2067 1002 2120 sunt
1028 2058 1182 2138 quaedam
1213 2077 1312 2128 nouo,
1335 2051 1453 2114 subluit

236 2164 427 2236 orbitatibus,
453 2162 565 2245 quibus
582 2183 639 2244 ego
659 2175 849 2246 magnopere
866 2166 1008 2227 delector.
1039 2167 1111 2244 (En
1134 2163 1275 2228 alteram
1298 2156 1388 2224 edicti
1401 2172 1453 2238 par·

237 2278 315 2348 tem,
335 2270 452 2354 inqua
465 2291 553 2334 nova
570 2269 733 2354 quaedam
752 2271 928 2335 addiderat
943 2272 1092 2353 Cicero).
1116 2273 1157 2335 In
1178 2273 1281 2335 tertia
1295 2274 1381 2352 parte
1393 2280 1452 2346 quae
1499 2274 1500 2292 ³

236 2379 361 2443 brerint
383 2378 522 2462 scripta,
542 2379 613 2462 ipse
639 2399 774 2464 quoque
799 2380 946 2443 ostendit
965 2383 1066 2464 Epist.
1088 2382 1244 2443 adAttr'c.
1262 2374 1355 2464 Vsus.
1372 2369 1453 2434 ubist

237 2487 279 2551 de
307 2485 443 2571 reliquis
468 2486 630 2571 capitibus
658 2487 728 2572 ugit
751 2487 949 2551 distinctius:
970 2491 1075 2550 Breve
1096 2495 1203 2548 antem
1226 2486 1354 2547 edictum
1366 2484 1392 2559 t)
1415 2485 1453 2545 ub

231 2605 362 2678 prepter
377 2596 459 2656 bunc
471 2616 570 2656 meam
586 2594 742 2675 διαίρεσιν,
757 2596 842 2676 quod
854 2597 972 2656 duodus
985 2595 1150 2677 generibus
1164 2591 1344 2654 edicendum
1355 2585 1452 2669 putori:

237 2723 368 2785 quorum
393 2723 490 2763 unum
512 2711 560 2766 est
578 2706 782 2783 provinciale,
804 2707 837 2764 tn
859 2723 921 2783 quo
938 2712 987 2765 est
1004 2703 1044 2764 de
1062 2701 1238 2763 ronbns’dus
1255 2689 1451 2764 amtotumiit

236 2832 312 2872 uere
329 2812 445 2882 alieno,
464 2811 502 2870 de
522 2831 637 2884 usuro,
659 2812 698 2872 de
712 2812 921 2892 syngraphis:
941 2814 973 2871 in
994 2810 1099 2870 eodem
1118 2811 1222 2868 omnio
1241 2808 1280 2867 de
1295 2800 1452 2885 publicani:

236 2919 386 2988 aiterum,
404 2918 487 2998 quod
500 2922 567 2980 sine
585 2920 684 2980 edicto
703 2921 782 2980 setes
804 2918 959 2979 commode
975 2918 1115 2996 transigi
1131 2934 1193 2975 non
1205 2921 1326 2996 potest,
1341 2910 1375 2970 de
1388 2907 1452 2966 tert·

236 3026 372 3088 ditatum
385 3026 645 3106 possessionibus,
668 3026 707 3086 de
721 3026 806 3087 donas
815 3024 1025 3106 possidendus,
1039 3025 1198 3104 mngsstrs's
1213 3019 1388 3099 suduodis,
1400 3031 1451 3073 uet-

237 3132 363 3204 dendu,
382 3153 462 3213 quoe
481 3154 520 3193 es
537 3134 634 3194 edicto
652 3142 685 3194 et
703 3135 860 3213 postulari
878 3138 907 3192 et
918 3131 1002 3207 sieri
1019 3131 1126 3192 solent.
1153 3130 1292 3191 Tertium
1311 3127 1348 3188 de
1365 3123 1452 3198 relt‘qtt

231 3243 310 3324 jure
327 3241 459 3303 dicundo
477 3237 615 3322 ἄγραφον
636 3241 756 3321 reliqui.
781 3241 873 3311 Diei,
891 3258 939 3298 mc
957 3237 995 3298 dc
1018 3258 1052 3298 eo
1072 3257 1190 3318 genere
1210 3257 1281 3298 meo
1298 3235 1409 3295 decretu
1422 3220 1452 3282 td

237 3350 339 3412 educta
360 3350 484 3410 urbana
504 3348 823 3409 adcommodatumm.
851 3346 904 3408 Ex
920 3345 1038 3428 quibus
1057 3325 1167 3429 patet,
1195 3344 1286 3435 quod
1306 3331 1449 3424 suprajau

237 3455 499 3536 observavimus,
523 3454 689 3518 simillima
711 3454 844 3538 quidem
865 3453 954 3516 inter
981 3474 1015 3516 se
1041 3452 1140 3514 fuisse
1164 3452 1278 3516 edicta
1303 3450 1413 3512 urbana
1429 3443 1452 3496 0

235 3563 471 3650 provincialia:
498 3563 555 3626 sed
579 3571 687 3625 tamen
712 3579 778 3623 non
803 3561 911 3624 statim
933 3560 1020 3622 idem
1043 3560 1226 3624 obtinuisse
1250 3561 1285 3624 in
1304 3543 1452 3641 provincias

307 3796 339 3864 q)
359 3797 450 3848 Breve
468 3798 580 3848 edictum
600 3794 694 3862 (cujus
711 3794 793 3847 ctiam
810 3794 912 3848 mentio
931 3797 961 3847 tit
978 3794 1051 3860 apud
1062 3793 1183 3847 Plinium
1202 3795 1275 3862 epist.
1294 3789 1327 3842 V.
1342 3782 1392 3848 2l·)
1405 3769 1452 3868 qnid

237 3877 334 3935 tuerit?
350 3881 472 3934 nondum
489 3883 596 3931 constat
613 3875 681 3931 inter
705 3881 835 3934 eruditos.
859 3879 924 3931 Vin
941 3878 1080 3932 Haubold.
1098 3896 1186 3932 exerc.
1211 3881 1243 3931 de
1261 3872 1347 3927 edictas
1363 3856 1453 3956 tremit}

237 3975 263 4018 et
282 3968 434 4018 monitoriis.
447 3965 522 4029 Lips.
543 3965 617 4016 1804.
633 3965 675 4030 (et
694 3961 723 4016 in
735 3979 830 4032 opusc.
842 3965 905 4016 Vol.
917 3965 953 4016 11.
964 3978 991 4029 p.
1006 3967 1066 4016 201.
1078 3964 1164 4032 sqq.)‚
1177 3962 1226 4030 qui
1237 3957 1343 4030 quidem
1354 3951 1384 4005 sd
1394 3945 1453 3998 edwi

236 4050 266 4104 in
282 4054 380 4117 vulgus
399 4050 458 4104 noti
474 4054 555 4118 atque
573 4049 673 4114 recepti
684 4052 872 4116 supplements
889 4051 970 4104 refert
983 4049 1146 4102 vocobulum
1165 4047 1248 4114 (Cap.
1265 4046 1300 4100 11.
1317 4039 1453 4108 000100

237 4138 335 4203 laud).
354 4137 456 4188 Contra
472 4150 537 4188 vero
555 4133 707 4188 Wenckius
722 4134 839 4200 conjicit,
854 4136 946 4190 brevis
963 4135 1052 4188 edicta
1069 4149 1130 4186 esse
1147 4133 1290 4199 appellate,
1309 4122 1398 4193 quibus
1412 4123 1452 4164 ΙΝ·

236 4223 366 4290 gisbotus
384 4222 456 4286 leges
475 4226 522 4272 aut
538 4219 642 4272 noviter
660 4221 728 4273 latas
746 4221 855 4287 publice
877 4223 1060 4287 proponerent
1077 4217 1293 4284 cognoscendas,
1315 4213 1359 4262 sut
1374 4198 1453 4254 dudum

237 4307 360 4360 conditas
378 4305 544 4359 inculcarent
560 4306 758 4370 observandas,
777 4312 859 4374 etque
877 4321 937 4357 eam
953 4305 997 4357 vel
1013 4301 1132 4354 maxime
1150 4317 1260 4354 causam
1277 4296 1368 4353 fnisse,
1388 4291 1453 4380 pum

237 4391 354 4446 trevium
371 4390 607 4458 libros-scripserit
624 4392 737 4455 Paulus,
755 4393 830 4460 quod
846 4393 897 4444 huo
915 4388 1057 4443 occasione
1081 4387 1116 4438 ad
1143 4392 1252 4440 mutuas
1264 4381 1332 4451 juris
1349 4363 1453 4466 sintne

238 4475 376 4530 honorarii
393 4475 512 4528 rationes
535 4476 708 4529 illustrandas
731 4476 771 4528 uti
789 4476 920 4543 potuerit;
938 4475 965 4528 in
984 4474 1067 4540 precs.
1085 4472 1121 4526 ad
1138 4487 1233 4537 opusc.
1254 4466 1338 4522 Hsub·
1363 4441 1452 4508 101·Ῑο

237 4577 265 4630 p.
285 4561 405 4614 xxxn
421 4589 450 4601 -
464 4562 634 4614 xxxvln.
654 4559 739 4613 Mtte.
