3062 5156
205 325 280 392 250
587 316 769 382 Anmsmx
795 315 871 382 lan
898 315 925 382 t
949 314 1037 383 Car.
1062 316 1089 382 l.

204 495 370 558 uariorum
390 499 426 554 et
439 491 795 576 quinquagenariamm
813 491 952 574 nuptiae
965 512 1035 554 non
1055 491 1170 553 irritae
1186 489 1321 574 quidem
1340 497 1461 568 essent,

205 601 267 664 sed
292 600 376 664 nilril
399 607 510 664 tamen
533 599 578 662 ad
600 599 808 682 effugiendas
830 599 1012 662 caelibatus
1035 619 1160 680 poenas
1184 598 1394 680 proficerent
1423 597 1462 660 ld

206 708 296 792 quod
319 708 477 777 sancitum
501 716 552 770 est
568 706 659 770 scto
683 721 899 787 menterno,
921 705 992 786 rel,
1010 713 1047 768 ut
1065 705 1115 768 ct
1132 705 1330 768 Perizonius
1343 727 1377 785 p.
1391 704 1462 766 156.
1516 717 1517 786 t

205 815 345 896 mavult,
371 832 588 894 rsustornuo,
606 814 655 876 ita
679 813 770 876 dicto
794 837 814 876 a
833 814 956 876 Paullo
976 813 1086 876 Fabio
1106 813 1262 892 Persico,
1281 813 1341 897 qui
1362 812 1461 874 tertio

205 932 283 986 ante
301 943 471 988 excessum
490 922 621 984 Tiberii
642 942 730 984 anno
747 919 874 984 Consul
895 921 960 984 tirit
980 941 1053 982 curn
1072 920 1111 982 L.
1126 918 1269 984 Vitellio
1284 920 1331 998 ¹).
1354 919 1462 982 Disci-
1516 979 1517 1006 ἶ

207 1052 276 1094 mus
297 1031 362 1094 111.
383 1053 449 1114 qua
469 1029 503 1090 in
526 1049 563 1089 re
590 1045 760 1092 susumus
783 1028 913 1090 Tiberii
935 1027 1008 1109 legi
1028 1027 1254 1110 obrogaverit.
1283 1026 1460 1110 Perpetuis
1516 1007 1517 1078 i

207 1138 295 1202 enim
314 1137 432 1220 poenis
457 1136 523 1198 illis
549 1137 675 1198 exemit
698 1135 952 1218 sexagenarios,
968 1133 1147 1198 dummodo
1169 1135 1461 1219 quinquagenariis

205 1246 378 1308 duxissent
396 1245 556 1326 minores,
579 1242 849 1326 quandoquidem
867 1263 911 1306 ex
932 1243 1097 1328 ejusmodi
1117 1244 1330 1306 matrimonio
1351 1243 1460 1327 proles
1516 1245 1517 1322 f

156 1387 162 1400 ¹
206 1352 313 1418 adhuc
329 1353 455 1436 sperari
469 1361 614 1436 poterat.
635 1350 793 1433 Denique
808 1358 844 1413 et
860 1350 925 1414 lroc
940 1351 1002 1415 lv.
1016 1350 1096 1414 inde
1113 1351 1277 1431 discimus,
1292 1359 1460 1434 postremo
1516 1335 1517 1340 ἵ

206 1461 385 1526 adcessisse
403 1460 466 1524 SC.
489 1475 743 1538 cmrsmauuu,
764 1458 838 1537 vel,
856 1467 893 1520 ut
910 1458 1108 1522 Perizonius
1129 1459 1267 1538 mavult,
1289 1474 1459 1522 ostvtsrs-
1516 1471 1517 1544 j

205 1587 280 1633 Nun
293 1575 348 1649 1Ι),
367 1589 434 1651 quo
455 1577 606 1645 cautum,
630 1574 667 1630 ut
693 1565 784 1649 quod
806 1566 878 1628 seni
900 1566 1063 1647 masurio,
1085 1567 1220 1630 ducenti
1235 1565 1459 1650 juvenculam,
1516 1583 1517 1650 J

206 1676 352 1739 dedisset
364 1675 487 1738 SCtum
501 1672 731 1754 Claudianum,
740 1693 807 1736 non
821 1675 902 1738 item
912 1673 1041 1738 valeret
1050 1674 1095 1736 de
1108 1674 1231 1757 nuptiis
1243 1673 1458 1738 vetulaecum

206 1785 279 1848 viro
290 1785 430 1867 juvene,
443 1782 569 1865 quippe
584 1780 709 1844 nullam
725 1803 816 1864 spem
831 1781 934 1865 prolis
950 1781 1083 1844 facturis
1097 1786 1143 1861 ¹).
1159 1782 1227 1844 Sed
1243 1791 1278 1846 et
1293 1782 1378 1846 haec
1386 1784 1459 1866 jura

206 1913 273 1954 una
286 1889 386 1952 litura
402 1888 531 1952 delevit
543 1887 748 1951 Justinianus
761 1888 862 1950 1127.
879 1893 913 1953 0.
923 1891 965 1952 de
977 1891 1078 1972 Nupt.
1089 1890 1167 1954 Vid.
1181 1891 1350 1953 Gummi.
1364 1898 1457 1952 nostr.

206 1999 294 2060 adh.
303 1995 545 2078 Jza.u1’ap.n.
556 1994 675 2058 11..0.3.

720 2081 728 2100 ·
782 2097 812 2176 §-
832 2095 884 2158 as.

692 2201 884 2256 amatim
901 2205 984 2272 oripo.

290 2299 326 2362 Si
349 2319 429 2384 quas
450 2318 608 2382 personas
634 2317 755 2359 uxores
775 2295 898 2358 ducere
922 2294 1010 2358 haud
1035 2305 1171 2378 possent
1195 2297 1282 2359 cives
1303 2297 1460 2362 Romani:

208 2429 264 2471 eas
286 2416 397 2470 tamen
419 2420 631 2470 consuamus
650 2402 774 2465 habere
794 2411 967 2486 poterant:
986 2404 1025 2465 L.
1042 2404 1072 2465 1.
1089 2405 1118 2486 §.
1137 2404 1168 2466 2.
1184 2407 1224 2465 D.
1240 2407 1279 2466 de
1299 2405 1460 2468 Gonoussa

207 2515 454 2578 concubinatus
482 2512 570 2574 enim
596 2532 658 2594 per
682 2511 777 2596 leges
804 2532 926 2574 nomen
950 2510 1168 2576 adsumserat:
1191 2513 1230 2573 L.
1247 2511 1278 2574 3.
1299 2514 1329 2594 §.
1347 2513 1378 2574 l.
1398 2514 1460 2574 eod.
1516 2531 1517 2570 t

207 2621 301 2703 νόμος
316 2626 442 2704 ἐγένετο,
460 2639 523 2702 pro
543 2620 614 2700 lege
628 2621 811 2694 tradebatur,
830 2626 916 2682 teste
933 2618 1109 2682 Clemente
1128 2619 1361 2682 Alexandrino
1379 2621 1459 2680 Pae

207 2730 321 2810 dagog.
339 2729 399 2790 III.
412 2725 444 2788 3.
469 2725 568 2789 Illum
590 2731 619 2790 oi
639 2730 731 2806 σοφοὶ
752 2731 813 2792 τῶν
833 2725 933 2810 νόμων
950 2730 1177 2808 ἐπιτρέπουσιν,
1200 2733 1358 2809 suprentes
1379 2730 1460 2810 leges
1516 2771 1517 2832 3

276 2885 300 2952 1)
322 2886 377 2938 Iste
395 2899 461 2936 sane
477 2883 580 2935 Fabius
598 2885 759 2953 plerumque
782 2886 918 2948 Persicus,
936 2899 992 2936 nou
1010 2883 1104 2936 addito
1121 2882 1233 2936 nomine
1249 2881 1353 2950 gentili,
1371 2884 1459 2950 adpel-

207 2973 287 3024 lawr.
302 2970 371 3034 ¹Vid.
390 2969 496 3024 Seneca
514 2969 545 3019 de
563 2968 663 3036 Renes.
681 2969 723 3020 Π.
740 2973 783 3020 21.
807 2974 836 3020 et
852 2969 923 3034 lapis
944 2969 1021 3034 apud
1042 2970 1191 3020 Gruterum
1208 2967 1345 3038 Inserrptt.
1359 2988 1389 3038 p.
1410 2985 1458 3020 nu.
1516 3001 1517 3032 ,

405 3091 494 3107 .....
510 3090 518 3104 .
537 3068 601 3106 nou.
618 3069 706 3106 uxore.
725 3068 803 3105 suus.
821 3067 991 3106 raeurrsunr.
1516 3049 1517 3104 l

405 3153 563 3192 scurronss.
587 3153 672 3195 uuas.
695 3151 833 3190 ιιιιιτιτ.
851 3151 991 3188 Persicon.
1009 3151 1207 3191 nosrtrssruuu.
1516 3127 1517 3160 l

406 3238 499 3276 visun.
517 3230 630 3276 ιιιισυιι.
648 3235 734 3276 nanu.
752 3233 840 3273 rursu.
858 3235 992 3274 runcinus.
1011 3237 1148 3276 ιιιιοιιυιι.
1167 3237 1286 3276 suonuu.

404 3323 587 3362 atmsaoorcr.
605 3321 707 3360 noster.
725 3321 833 3359 tensas.
845 3343 1017 3360 .........
1516 3365 1517 3376 ¹

278 3396 321 3461 m)
341 3395 441 3448 Nullus
459 3393 488 3446 in
505 3394 584 3448 fastis
602 3398 666 3458 post
683 3391 793 3444 Claudii
807 3377 933 3456 'tempora
951 3392 1069 3444 occurrit
1081 3391 1228 3446 Calvitius:
1246 3399 1275 3444 at
1293 3394 1344 3444 sub
1357 3395 1459 3448 Nerone

208 3485 236 3534 ct
260 3479 437 3547 sequentibus
458 3477 671 3544 Imperatoribns
695 3475 773 3528 multi
790 3478 937 3531 laudantur
956 3477 1076 3530 Calvisii,
1094 3477 1175 3530 Heia.
1198 3481 1270 3530 Ante
1288 3479 1458 3533 Perizonium
1516 3499 1517 3528 ι

211 3565 396 3623 Caluisianam,
415 3576 470 3614 nou
492 3563 674 3626 θαὶυίιίαιιιιιιι,
693 3561 838 3613 dicendum
857 3577 916 3612 esse
931 3562 1033 3614 SCtum
1051 3561 1127 3626 illud,
1146 3563 1238 3615 docuit
1250 3565 1283 3616 A.
1295 3567 1458 3631 Augustinus

209 3649 240 3702 de
260 3649 338 3702 sotis
351 3667 380 3717 p.
400 3651 475 3700 1³29.
487 3647 536 3698 ed.
554 3648 652 3700 Graes.
670 3649 776 3698 Incerta
794 3652 836 3699 est
859 3647 941 3713 hujus
960 3648 1025 3700 scti
1045 3653 1134 3712 aetas,
1161 3645 1225 3698 licet
1247 3647 1412 3703 Heiueooins
1434 3649 1458 3701 iu
1516 3643 1517 3728 l

211 3735 382 3788 commentat.
400 3734 443 3786 cit.
461 3732 497 3784 ad
515 3737 638 3796 tempora
658 3731 775 3785 Neronis
793 3731 822 3784 id
839 3732 946 3784 referat.
969 3732 1052 3786 Canu.

277 3821 310 3885 n)
330 3819 428 3887 Neque
439 3818 495 3868 ullo
508 3814 590 3882 igitur
603 3821 725 3881 tempore
737 3819 785 3883 jus
798 3815 924 3879 obtinuit,
935 3822 966 3867 ut
977 3817 1071 3868 irritae
1083 3825 1168 3868 essent
1185 3815 1423 3882 sexagenariornm
1433 3820 1457 3867 et

209 3902 502 3973 quinquagenariarum
516 3900 635 3968 nuptiae,
650 3903 880 3969 quemadmodum
895 3919 957 3953 cum
969 3901 1030 3954 aliis
1046 3901 1262 3969 quamplurimis,
1274 3903 1322 3970 qui
1341 3907 1457 3955 nutante
1516 3933 1517 3952 .

209 3989 387 4046 Perizonium
406 3987 580 4053 scripserunt,
600 3993 647 4039 aut
664 3986 919 4040 excellentissimam
941 3989 1023 4055 hujus
1042 3987 1093 4040 viri
1111 3986 1324 4051 disputationem
1342 4003 1398 4040 non
1414 3986 1456 4038 ad·

208 4076 361 4138 tenderunt,
379 4072 462 4126 etiam
480 4073 614 4126 Glirckius
632 4073 778 4134 existimat,
795 4072 824 4123 iu
842 4080 1017 4126 commentar.
1035 4074 1067 4126 de
1087 4073 1218 4128 Pendeat.
1235 4090 1287 4124 cer.
1302 4075 1334 4124 Τ.
1351 4073 1456 4126 ΧΧΠΙ.
1516 4101 1517 4110 ι

182 4223 184 4232 γ
209 4160 230 4226 ξ.
253 4164 325 4212 1208.
344 4175 370 4222 ρ.
391 4162 448 4212 150.
467 4159 515 4212 Νι.
534 4160 582 4210 111.
601 4157 703 4210 Fraudi
721 4159 830 4210 fuerunt
846 4158 911 4210 viris
929 4158 1028 4221 doctis,
1048 4154 1164 4224 quaein
1182 4157 1457 4224 constitutioneque·
1516 4181 1517 4184 ¹

211 4242 273 4296 dam
291 4241 441 4296 Justiniani
461 4244 508 4309 (L.
526 4247 567 4296 27.
583 4241 614 4294 C.
634 4243 665 4294 ds
683 4243 772 4309 nupt.)
790 4243 915 4308 leguntur
933 4243 984 4296 ·his
1008 4241 1110 4296 verbis:
1136 4240 1317 4306 „Sanctarum
1343 4242 1456 4308 nuptias,

211 4343 281 4394 quae
299 4328 369 4380 inter
386 4331 522 4382 masculos
537 4333 564 4380 et
581 4327 713 4380 foeminas
731 4325 849 4393 majores
867 4331 909 4381 vel
927 4329 1046 4382 minores
1063 4325 1249 4392 sexagenariis
1266 4329 1308 4380 vul
1328 4326 1456 4395 quinque-

210 4409 330 4476 gcnariis
348 4412 406 4480 lege
423 4413 497 4469 Julia
518 4415 562 4466 vel
580 4412 668 4477 Papia
691 4409 829 4476 prohibita
853 4417 918 4464 sunt
936 4440 968 4454 -
982 4443 1014 4453 —
1027 4413 1105 4464 nullo
1121 4411 1206 4464 modo
1219 4439 1249 4450 ·-
1264 4439 1297 4448 —
1308 4410 1456 4479 impediris
1516 4403 1517 4426 ³

212 4495 299 4562 Quae,
314 4498 452 4565 quomodo
470 4497 644 4562 intelligenda
662 4496 730 4549 sint?
747 4495 802 4549 vid.
820 4496 983 4550 Perizonius
1005 4497 1072 4551 diss.
1090 4497 1163 4550 laud.
1184 4497 1227 4563 (iu
1245 4498 1349 4551 dasem.
1366 4494 1456 4550 ibide
1516 4527 1517 4566 ;
