3062 5156
373 367 514 450 Quibus·
530 365 649 434 Morus
674 364 822 437 Turnus
845 365 1011 458 Fratrum·
1245 373 1313 440 tat
1376 395 1384 412 ·

70 567 146 622 esse,
164 547 222 626 qus·
233 564 287 604 aa
308 561 444 604 aestro
461 559 618 602 coneonrs
632 541 831 622 pubertatem
852 543 1015 616 ostendat,
1031 552 1062 606 et
1078 562 1236 625 generare
1245 545 1317 624 jam

68 657 168 735 possut.
192 652 234 714 In
262 657 356 714 tanta
377 669 458 731 ergo
482 647 790 714 iureconsultorum
817 647 1055 714 incertitudine
1082 669 1126 712 ex
1152 650 1318 715 sententia

71 761 131 822 Em.
146 757 289 820 Merillii
313 757 386 818 Oba.
412 757 447 818 V.
464 755 515 820 16.
536 777 636 840 saepe
659 763 815 838 parentes
837 756 1042 822 testamentis
1065 756 1221 824 solebant
1235 757 1318 820 deti-

72 867 131 928 nire
150 885 290 946 annum,
312 885 377 947 quo
397 865 540 947 puberes
552 863 669 928 baberi
686 863 850 927 deberent
866 863 983 944 liberi,
998 863 1098 928 modo
1115 885 1234 930 annum
1258 865 1317 929 ds-
1357 939 1360 945 ¹

72 975 175 1038 cimam
200 980 372 1060 quartum,
389 979 424 1034 ut
443 973 481 1034 Ι..
497 971 549 1036 49.
567 974 608 1032 D.
625 973 664 1032 de
677 970 790 1050 Legat.
808 970 838 1032 1.
855 970 955 1036 modo
971 971 1136 1036 decimum
1153 979 1317 1055 octavum,

72 1089 101 1144 ut
118 1081 152 1142 L.
172 1079 247 1142 101.
269 1081 297 1160 ἓ.
317 1079 347 1140 1.
368 1081 410 1140 D.
433 1080 473 1142 da
499 1080 594 1142 cond.
614 1087 644 1140 ct
665 1080 849 1152 demonstr„
868 1078 968 1142 modo
992 1078 1154 1145 decimum
1177 1090 1317 1162 sextum,

72 1198 101 1251 ut
115 1190 150 1250 L.
164 1187 217 1252 34.
234 1187 267 1267 §.
284 1184 315 1247 2.
336 1187 378 1248 1).
396 1188 435 1248 de
453 1187 568 1268 Legat.
581 1185 614 1250 3.
638 1185 738 1250 Unde
760 1185 820 1248 lux
841 1184 993 1269 adfulget
1014 1186 1092 1250 loco
1110 1187 1222 1250 Paulli
1243 1186 1317 1252 Gal.

73 1295 124 1360 lV.
136 1295 164 1358 2.
171 1342 181 1378 ,
200 1293 263 1358 ubi
281 1292 378 1356 heres
402 1294 566 1356 tutoribus
586 1293 719 1358 subesse
743 1290 863 1356 dicitur
884 1291 953 1378 ἄχρι
971 1297 1028 1378 τῆς
1045 1299 1243 1376 προθεσμίας
1264 1299 1319 1364 τοῦ

73 1401 184 1486 πατρός.
209 1401 325 1480 Quum
342 1419 422 1464 vero
438 1401 652 1478 lastinianus,
666 1408 724 1464 aut
737 1400 961 1468 Tribonianus
975 1402 1097 1485 potius,
1110 1401 1319 1466 animadver.

74 1520 156 1592 teret,
171 1511 387 1593 pubertatem
401 1509 579 1574 nonnullos
597 1525 726 1576 unsrun
742 1524 906 1574 consutus
921 1509 1088 1575 aestimari
1099 1507 1204 1574 velle:
1220 1508 1318 1574 facile

74 1618 126 1682 tibi
148 1617 331 1702 persuasit,
350 1616 451 1685 ctiam
474 1635 533 1683 usu
557 1625 727 1700 receptam
749 1617 828 1681 olim
853 1617 953 1680 iniisse
978 1616 1063 1682 banc
1089 1617 1318 1682 Cassianorum

75 1727 119 1789 vel
132 1726 237 1790 Prisci
260 1722 476 1805 sententiam,
493 1745 591 1809 quum
608 1731 718 1788 tamen
740 1724 843 1788 multa
863 1725 957 1808 hujus
971 1705 1103 1807 generis
1123 1723 1321 1808 disputarint

75 1842 190 1897 veteres
205 1833 302 1912 JCti,
320 1853 404 1915 quae
423 1832 456 1894 in
477 1831 583 1895 iorum
600 1851 775 1914 numquam
796 1832 934 1895 admissa
954 1840 1092 1909 constat,
1106 1852 1259 1915 quaeque
1277 1831 1319 1894 ad
1430 1899 1432 1904 ,

71 1943 115 2024 jus
132 1936 400 2004 constituendum
422 1939 541 2023 magis,
564 1960 661 2023 quam
687 1939 916 2021 constitutum,
934 1941 1174 2023 pertinuerunt.
1195 1941 1319 2025 Finga-

77 2071 133 2112 mus
146 2049 274 2133 itaque‚
291 2047 464 2111 Cassianos
482 2046 646 2109 censuisse
662 2049 872 2129 pubertatem
887 2048 1123 2112 aestimandam
1139 2069 1210 2110 esse
1228 2075 1320 2128 poos-

76 2163 134 2230 κῶς,
150 2179 190 2219 ex
209 2155 423 2238 inspectione
439 2158 500 2217 τῶν
514 2155 648 2230 αἰδοίων,
667 2175 765 2236 quum
783 2162 896 2217 tamen
913 2157 1036 2217 babitus
1052 2160 1189 2236 corporis
1203 2163 1236 2217 et
1252 2154 1319 2217 alio

77 2265 161 2326 modo
180 2263 370 2326 naturalem
388 2261 571 2347 generandi
588 2261 780 2324 facultatem
798 2261 937 2344 prodat:
953 2282 1021 2326 non
1041 2269 1151 2324 tamen
1174 2261 1244 2324 ullo
1260 2283 1320 2324 ve·
1413 2307 1417 2315 «
1451 2303 1454 2314 ,

76 2381 166 2434 terum
184 2370 381 2434 testimonio
399 2376 539 2450 constat,
564 2369 599 2432 id
617 2369 652 2430 in
672 2369 747 2431 foro
767 2390 838 2432 esse
860 2369 1122 2452 frequentatum,
1143 2366 1197 2429 vel
1216 2366 1318 2430 ullum

50 2541 53 2548 ,
73 2479 202 2562 judicem
221 2496 378 2560 umquam
394 2475 493 2540 fuisse
512 2485 577 2539 tam
602 2476 725 2559 Cassii,
744 2476 802 2539 vel
819 2476 924 2539 Prisci
939 2475 1125 2538 sententiae
1141 2473 1319 2556 addictum,

78 2595 107 2648 ut
121 2587 384 2666 adolescentem,
408 2584 463 2667 qui
481 2591 663 2647 curatorem
685 2592 834 2668 peteret,
858 2579 1004 2649 vestibus
1030 2580 1166 2667 spoliari
1185 2583 1321 2667 inspici·-

82 2715 134 2774 que
150 2694 272 2758 nudum
287 2693 432 2778 jusserit.
453 2693 502 2756 At
521 2692 664 2760 credidit
679 2691 716 2756 id
733 2701 845 2755 tamen
860 2692 1081 2773 Justinianus,
1103 2698 1137 2754 et
1152 2690 1229 2754 hinc
1249 2713 1331 2758 rem.

81 2803 301 2866 constitutione
328 2798 492 2881 abolevit,
516 2821 613 2885 quam
635 2819 733 2864 nemo
755 2807 905 2864 veterum
931 2801 965 2862 in
988 2799 1068 2862 foris
1093 2798 1318 2864 Romanorum

79 2909 288 2994 deprehendit
302 2913 346 2988 e)·
737 2969 743 2980 ,

650 3033 679 3114 §.
701 3031 731 3093 5.

241 3147 400 3202 Finiebctur
418 3147 496 3218 etism
514 3147 597 3200 tutela
607 3145 776 3216 fmsitcrum
794 3147 961 3200 conuentione
979 3147 1008 3197 ia
1024 3161 1144 3198 mum.

146 3249 358 3313 Feminarum
372 3248 478 3312 tutela
493 3257 659 3335 perpetua
671 3269 737 3311 non
751 3251 946 3333 pubertate,
962 3247 1021 3310 sed
1038 3246 1110 3308 aliis
1125 3245 1319 3330 quibusdam
1343 3309 1354 3324 ,

79 3357 168 3422 modis
181 3359 372 3439 finiebatur,
390 3356 495 3420 veluti
514 3371 752 3420 couvnurtoun
771 3375 808 3420 ru
826 3373 959 3422 nauum.
981 3355 1091 3433 Quum
1106 3353 1193 3415 enim
1211 3373 1262 3435 ea,
1283 3362 1320 3416 ut

79 3483 161 3548 supra
175 3466 330 3542 diximus,
340 3460 435 3529 ¹esset
452 3465 568 3548 capitis
583 3462 777 3547 deminutio,
794 3485 860 3549 qua
872 3466 906 3528 in
925 3483 1052 3527 manum
1070 3469 1104 3525 et
1119 3467 1319 3546 potestatam

79 3575 173 3644 mariti
191 3574 435 3659 redigebantur
453 3571 623 3636 mulieres:
646 3593 713 3636 non
736 3580 870 3656 poterat
892 3594 959 3636 non
978 3571 1085 3636 tutela
1103 3571 1208 3652 finiri,
1225 3569 1320 3632 dum·

79 3679 163 3744 modo
183 3704 300 3745 omnes
316 3689 442 3745 tutores
460 3681 580 3750 fierent
601 3688 768 3744 auctores:
787 3661 908 3744 Cicero
920 3701 983 3762 pro
999 3681 1113 3742 Flacco
1127 3677 1179 3742 34.
1199 3677 1319 3740 Boetb.

79 3788 115 3847 ad
130 3790 237 3871 lipsien
255 3790 317 3852 Oto.
332 3789 363 3852 3.

136 4034 165 4099 e)
184 4032 299 4090 Interim
315 4047 371 4092 non
382 4049 462 4100 nego,
481 4033 598 4090 &necis
604 4032 743 4102 ejusmodi
752 4031 953 4099 ¹iuspmstionem
964 4029 1093 4086 usimmm
1105 4026 1197 4091 fnisse,
1215 4028 1250 4080 de
1266 4043 1320 4094 qun

79 4114 231 4172 Scholiastes
245 4124 273 4170 et
284 4120 398 4171 Florens
414 4118 585 4193 cluistianus
598 4121 633 4172 ad
645 4117 821 4184 Aristophen.
840 4117 868 4170 in
887 4117 963 4184 Veep.
973 4133 996 4168 s.
1008 4119 1068 4174 (578.
1086 4129 1137 4168 neo
1155 4127 1211 4164 non
1224 4112 1319 4164 Gund-

77 4197 185 4266 lingisna
204 4204 286 4257 Part.
305 4202 389 4258 XXI
394 4204 421 4256 V.
438 4209 464 4256 2.
480 4205 502 4272 ξ.
521 4209 546 4257 7,
559 4221 590 4272 p.
608 4208 667 4259 ³4⁷.
687 4221 726 4274 sq.
756 4203 811 4256 Sed
828 4203 951 4256 nondum
970 4199 1200 4260 demonstratum,
1218 4197 1253 4247 de
1271 4211 1320 4246 ⁰³¹·

78 4284 218 4347 ploratione
234 4287 386 4352 pubertatis
405 4287 560 4356 quidquam.
574 4294 686 4345 oeuurm
703 4288 788 4344 tuisse
805 4288 835 4344 iu
852 4288 912 4342 XII
924 4284 1032 4348 tabulis,
1050 4289 1082 4336 ut
1099 4281 1254 4336 verosimile
1265 4283 1313 4334 fiat

78 4367 236 4427 buncritum
253 4372 369 4427 Athenis
385 4375 503 4430 Romam
520 4372 663 4439 migrasse.
681 4374 761 4428 Heia.
788 4374 896 4428 Vellem
912 4365 1252 4442 cogimssetllsineccius,
1269 4380 1321 4416 nu·

78 4452 133 4506 dun
155 4457 278 4522 corporis
305 4451 500 4529 inspectionem
518 4473 535 4510 a
553 4457 675 4514 moribus
699 4461 887 4513 Romanorum
910 4471 966 4512 non
990 4455 1105 4512 alienam
1128 4452 1227 4505 tuisse:
1252 4447 1319 4502 nudi
1404 4518 1411 4524 ἱ
1511 4439 1512 4442 ’

78 4534 181 4603 inspecti
199 4540 309 4605 milites,
324 4539 409 4604 servi:
430 4543 479 4594 sed
497 4544 563 4596 haec
581 4541 662 4596 latius
680 4545 747 4596 alias
766 4541 952 4609 probabimus.
974 4541 1057 4594 Οιιιιιι.
