3056 5154
337 377 438 461 Quia.
464 375 560 444 Mon.
585 375 768 445 Tounrrun
793 375 999 446 Osnranrro.
1028 355 1033 366 ¹
1224 385 1297 452 585

34 555 178 615 bitores.
201 547 341 616 Licebat
367 551 453 616 enim
478 551 715 634 creditoribus,
732 552 808 616 illos
833 553 867 615 in
892 573 1028 618 nervum
1051 556 1189 636 ducere,
1205 565 1296 638 post-

37 680 142 742 quam
159 681 177 721 a
193 657 356 722 Praetore
378 659 443 722 illis
460 659 590 722 luerent
612 659 754 742 addicti,
771 661 796 722 si
813 660 1022 724 condemnati
1037 663 1129 745 justo
1144 669 1295 746 tempore
1379 729 1383 742 ,

36 787 111 829 non
127 763 313 849 solvissent,
329 787 438 850 neque
455 767 579 830 vindex
595 765 719 848 fuisset,
735 768 803 853 qui,
820 767 1026 866 adprobante
1042 768 1220 848 creditore,
1236 767 1297 832 de-

35 875 147 936 bitum
169 873 205 935 in
231 893 266 936 se
288 873 485 957 susciperet:
509 874 684 938 Salmasius
699 877 738 938 de
759 875 838 938 mod.
860 895 987 938 ιιεαναν.
1010 877 1067 938 XI.
1087 877 1137 941 18.
1159 877 1203 940 Et
1218 886 1296 940 tunc

38 983 215 1046 debitores
230 979 426 1044 dicebantur
441 987 528 1055 neci,
543 991 681 1067 propter
696 1002 847 1062 nervum,
868 1004 933 1066 quo
951 985 1178 1066 nectebantur,
1200 984 1297 1047 item·

39 1111 110 1175 que
125 1091 279 1163 obaerati,
297 1098 434 1172 propter
455 1098 572 1152 statum
590 1091 759 1172 miserum,
779 1111 875 1174 quem
899 1090 943 1153 ob
966 1111 1022 1152 aes
1044 1091 1188 1176 alienum
1208 1093 1298 1156 subi-

38 1201 132 1261 bant.
155 1195 364 1260 Dicebantur
385 1196 484 1260 etiam
508 1197 638 1270 adarca
669 1219 736 1261 non
762 1197 852 1280 quod
880 1197 914 1258 in
937 1197 1090 1261 servilem
1120 1197 1297 1261 inciderint

41 1303 284 1384 conditionem,
300 1311 336 1367 ut
351 1303 452 1388 vulgo
466 1304 664 1387 existimant,
677 1309 772 1384 (sane
789 1304 877 1366 enim
892 1305 1081 1388 ingenuitas
1097 1327 1163 1369 non
1180 1305 1296 1369 eratin
1404 1373 1409 1388 ,

41 1412 255 1493 commercio,
272 1417 307 1473 et
330 1419 454 1474 tantum
471 1397 587 1492 abest,
600 1422 636 1476 ut
657 1411 729 1496 quis
745 1431 806 1494 pro
830 1431 907 1475 aere
924 1411 1035 1475 alieno
1052 1413 1085 1476 in
1105 1413 1296 1476 servitutem

41 1519 116 1603 rapi
132 1520 291 1603 potuerit,
303 1527 338 1582 ut
355 1541 396 1582 ne
412 1520 483 1604 ipse
495 1519 640 1603 quidem,
656 1521 681 1582 si
696 1518 873 1601 voluisset,
894 1517 1112 1584 voluntariam
1128 1520 1220 1584 adire
1235 1541 1298 1604 po-

41 1629 160 1692 tuisset
176 1627 401 1708 servitutem,)
421 1626 480 1690 sed
492 1627 582 1712 quod
599 1626 817 1691 creditoribus
833 1649 852 1690 a
867 1625 1029 1690 Praetore
1051 1627 1182 1692 fuerant
1202 1627 1298 1711 adju-

43 1735 147 1798 dicati
164 1734 205 1798 ad
227 1755 346 1817 operas
362 1734 499 1799 serviles
515 1756 736 1818 quascumque
752 1734 977 1819 praestandas.
999 1735 1198 1800 Serviebant
1215 1757 1297 1820 ergo
1404 1733 1408 1742 ’

41 1843 78 1906 hi
95 1842 246 1908 obaerati
268 1841 505 1923 creditoribus,
521 1842 579 1906 sed
600 1864 666 1906 non
692 1850 786 1907 eraut
809 1842 912 1925 servi,
927 1844 1015 1907 inter
1036 1865 1122 1928 quae
1144 1863 1297 1928 magnum

44 1950 219 2014 discrimen
243 1961 329 2014 erat:
354 1951 383 2032 §.
398 1950 427 2013 1.
444 1953 521 2013 Inst.
543 1951 581 2011 de
602 1952 763 2034 Ingenuis.
785 1951 874 2014 Hinc
898 1958 933 2028 et
955 1950 1079 2016 addicti
1098 1952 1165 2032 illi,
1188 1951 1298 2015 soluto

44 2060 173 2140 debito,
195 2067 457 2146 recuperataque
479 2057 655 2139 libertate,
677 2077 744 2120 non
767 2066 861 2120 erant
883 2059 1061 2124 libertinae
1087 2057 1298 2138 conditionis,

45 2165 110 2230 sed
126 2165 269 2251 ingenui.
291 2166 453 2232 Poterant
467 2165 566 2228 etiam
582 2165 687 2228 invito
705 2165 870 2228 creditore
884 2165 1038 2248 liberari,
1059 2166 1228 2230 habebant
1246 2165 1299 2227 le-

45 2295 141 2358 gem,
164 2273 341 2337 utebantur
355 2273 588 2356 praenomine,
604 2272 817 2356 cognomine,
833 2272 939 2353 tribu,
957 2282 1019 2334 etc.
1041 2271 1137 2350 Quae
1154 2272 1265 2334 omnia
1280 2293 1299 2333 a

44 2402 213 2446 servorum
236 2380 428 2446 conditione
453 2380 571 2443 absunt
598 2401 693 2463 quam
715 2379 917 2462 longissime.
948 2377 1027 2442 vid.
1054 2378 1299 2457 Quinctiliauus

45 2491 123 2551 Inst.
145 2498 224 2555 orat.
248 2489 282 2549 V.
301 2487 352 2550 10.
376 2488 445 2550 VII.
471 2487 501 2551 4.
526 2485 841 2550 armelansiam.
864 2485 915 2550 cf.
940 2486 1093 2572 Cujacius
1125 2487 1299 2548 Observntt.

47 2597 139 2660 rur.
155 2596 187 2660 a.

634 2721 663 2803 ς.
682 2721 712 2784 a.

82 2834 213 2891 Obaeroti
229 2836 293 2888 neci
308 2843 334 2887 et
347 2835 492 2904 adjudicati
509 2843 570 2890 runt
586 2835 758 2888 creditoribus
766 2838 829 2906 jam
846 2835 893 2890 aab
912 2835 1037 2904 Regibus.
1056 2835 1092 2888 Id
1099 2835 1150 2904 jar
1167 2833 1272 2888 numm

555 2920 663 2973 Servius
684 2920 795 2973 Tullius.

129 3017 172 3081 Id
195 3039 274 3081 vero
290 3020 346 3103 jus
368 3020 528 3104 rigidum,
551 3021 621 3084 sive
644 3042 687 3082 ex
709 3021 844 3105 antiquo
858 3022 936 3105 jure
957 3020 1085 3102 Attico,
1109 3017 1198 3103 quod
1222 3023 1300 3080 ante

48 3127 227 3208 Solonem,
250 3135 334 3190 teste
358 3129 461 3190 Petro
477 3127 591 3191 Petito
607 3129 646 3189 de
665 3128 765 3209 Legg.
782 3129 876 3188 Attio.
893 3149 928 3208 p.
942 3125 1013 3187 412.
1035 3133 1203 3207 receptum
1227 3122 1300 3204 fuit,

50 3235 116 3297 sive
134 3232 270 3298 aliunde
291 3234 493 3317 profectum,
507 3237 579 3320 jam
601 3235 659 3298 sub
675 3233 825 3316 Regibus
841 3241 1004 3297 servatum
1019 3230 1170 3316 legimus.
1191 3230 1300 3306 Quum

48 3363 128 3405 vero
147 3342 218 3426 jam
235 3362 275 3404 eo
292 3350 441 3425 tempore
457 3343 586 3405 nobiles
602 3343 636 3404 in
658 3343 804 3425 ingenua
818 3339 1003 3404 debitor'um
1019 3359 1158 3423 corpora
1174 3336 1300 3399 saevire

50 3449 255 3533 coepissent:
271 3451 393 3532 primus
415 3450 548 3513 Servius
568 3448 715 3529 Tullius,
731 3471 797 3536 quo
815 3458 885 3511 erat
900 3446 1052 3531 populari
1066 3444 1213 3530 ingenio,
1231 3465 1299 3507 ces-

49 3558 151 3621 sionis
174 3557 332 3619 bouorum
349 3556 485 3621 indulsit
500 3557 708 3620 beneficium.
730 3556 815 3620 Rem
832 3557 944 3639 paucis
961 3561 1159 3638 compertam
1177 3573 1302 3615 memo-

50 3667 119 3730 riae
142 3663 291 3749 prodidit
305 3664 485 3748 Dionysius
503 3664 613 3728 Halic.
628 3664 686 3725 IV.
702 3665 732 3726 9.
748 3665 805 3748 qui
819 3664 949 3748 Regem
965 3663 1092 3727 inducit
1106 3662 1152 3726 ita
1168 3660 1302 3726 concio-

49 3767 298 3837 nantemc‘ilooc
315 3773 343 3836 d’
363 3770 399 3836 <lv
415 3773 490 3854 μετὰ
508 3777 606 3837 ταῦτα
625 3771 833 3848 δανείσωνται,
857 3770 987 3844 τούτους
1002 3773 1058 3836 οὐκ
1073 3769 1150 3836 ἐάσω
1168 3769 1246 3849 πρὸς
1263 3765 1301 3831 cd

48 3886 121 3966 χρέα
138 3876 325 3957 ἀπάγεσθαι,
341 3879 419 3943 ἀλλὰ
436 3876 528 3960 νόμον
541 3877 638 3964 θήσω,
654 3878 770 3963 μηδένα
789 3878 934 3954 δανείζειν
953 3880 1003 3942 ἐπὶ
1022 3880 1157 3962 σώμασιν
1177 3878 1302 3942 ἐλευθέ-

50 4129 79 4179 de
97 4134 180 4186 statu,
198 4125 344 4176 conditione
367 4132 393 4175 et
401 4123 511 4194 juribus
534 4122 679 4176 debitorum
701 4122 884 4176 obaeratorum
908 4124 982 4188 opud
1006 4122 1148 4173 Romanos.
1173 4117 1304 4185 Groulug.

51 4217 128 4267 1763.
143 4215 169 4263 4.
187 4215 214 4261 et
231 4210 260 4262 in
278 4210 480 4264 OelriclrsTles.
493 4210 528 4262 N.
547 4210 671 4262 Dissertt.
685 4209 764 4276 Belp.
783 4209 845 4262 v01.
855 4211 905 4261 111.
924 4210 955 4260 Τ.
969 4207 990 4258 Ι.
1004 4223 1030 4271 p.
1044 4209 1096 4257 298
1105 4209 1203 4256 -332
1216 4201 1304 4256 Haut.

50 4300 191 4352 Zimmern
210 4295 289 4348 Rom.
303 4295 474 4363 Lioilprocecs
491 4296 511 4363 ς.
522 4300 557 4348 44
566 4299 649 4350 -47.
667 4295 730 4348 Von
743 4293 862 4361 Savigny
880 4291 946 4346 iiber
960 4294 1007 4344 dar
1017 4289 1182 4342 cltriimiscte
1193 4288 1305 4340 Saluid-

50 4382 144 4442 rerlct5
167 4381 276 4446 gelcseu
299 4380 328 4432 in
346 4381 394 4432 der
411 4381 499 4433 Akad.
524 4382 550 4435 d.
575 4381 745 4435 Wisseuscb.
769 4383 843 4432 1833.
869 4379 897 4431 iu
922 4379 974 4430 den
992 4374 1124 4434 Abhandl.
1144 4374 1192 4424 der
1209 4373 1260 4424 Alc.
1278 4373 1304 4424 ιδ.

57 4471 96 4522 W.
118 4469 195 4519 1835.
218 4481 244 4530 p.
262 4469 408 4518 69-103.
425 4466 746 4531 ’Βεὼιιιαιιιι·ΗοΗαας
770 4463 1047 4531 Gericltacerfhrmnp
1068 4475 1095 4511 ιι.
1122 4457 1236 4509 Prosus
1260 4457 1305 4508 des

23 4545 29 4560 '
51 4551 195 4605 ostenden
214 4549 293 4603 R'o‘m.
313 4549 411 4602 Reiclsc
429 4551 450 4618 ξ.
464 4553 506 4607 28.
528 4548 614 4603 Mne.
