3056 5154
460 411 514 480 De
539 411 840 502 Emerusscnmus.
1208 415 1281 484 otu

16 592 162 681 montitm
172 588 375 672 promittebat
390 590 434 668 ⁰).
455 587 600 650 Praedee
615 607 749 670 quoque
767 594 883 669 postea
898 603 965 648 non
988 584 1012 648 ii
1028 583 1109 648 dicti
1124 593 1208 668 sunt,
1223 587 1280 671 qui

16 694 203 779 injudicio
219 693 310 758 civili
325 715 359 758 se
381 693 578 778 obligabant
602 713 664 776 pro
680 693 764 775 aliis,
786 693 846 756 sed
868 692 925 776 qui
948 691 1066 776 partim
1092 713 1153 775 pro
1171 694 1280 777 publi·

16 803 124 883 canis,
141 801 263 884 partim
283 804 318 864 in
336 800 471 886 judiciis
496 800 636 885 publicis
657 800 700 864 de
717 799 838 864 mulcta
859 799 1019 864 solvenda
1041 799 1165 883 populo
1181 821 1282 864 cave·-

16 911 122 973 bant:
147 909 257 972 Varro
272 909 342 972 tau.
359 931 393 992 p.
405 908 456 970 71.
471 907 515 988 f).
540 909 657 971 Festus
679 908 738 972 sub
761 929 844 972 voce
865 928 964 988 praes
983 929 1014 989 p.
1035 906 1108 970 367.
1129 906 1281 988 Manceps

18 1020 152 1089 dicitnr,
168 1021 225 1098 qut
241 1017 318 1097 quot
335 1038 355 1076 a
377 1017 495 1098 populo
517 1019 592 1078 ono
613 1016 801 1088 condacitce,
822 1019 896 1098 quio
919 1033 1015 1076 mona
1035 1015 1160 1076 sabbata
1183 1017 1281 1094 sr'grn'-

16 1129 105 1203 ficot,
123 1145 161 1184 se
175 1132 334 1184 auctorem
349 1125 490 1184 emtionis
501 1142 577 1194 esee,
592 1127 649 1204 qut
658 1123 740 1184 idem
761 1138 868 1186 Panes
882 1123 1003 1196 Datur,
1028 1123 1101 1202 quio
1114 1129 1178 1182 tom
1192 1121 1283 1182 debet

17 1239 192 1312 proestare
208 1232 333 1312 popolo,
349 1229 432 1312 q'aod
447 1231 601 1310 pransor,
618 1211 763 1310 quomis,
784 1233 842 1310 qni
853 1247 913 1309 pro
929 1246 965 1287 eo
979 1243 1085 1290 rusus
1094 1227 1209 1305 sactae
1224 1236 1280 1288 est.

22 1339 97 1400 Car.
110 1335 269 1420 Sigonius
283 1335 322 1396 de
331 1338 459 1418 antiquo
465 1338 543 1417 jare
553 1337 608 1396 cto.
619 1335 707 1396 Rom
717 1335 758 1396 11.
769 1335 799 1395 4.
813 1356 844 1415 p.
855 1333 928 1396 293.
944 1340 979 1396 et
988 1333 1280 1397 BarmBrissonius
1327 1323 1331 1336 '

18 1447 58 1506 de
73 1445 195 1506 verbor.
211 1447 377 1524 st'gntficat.
393 1443 453 1504 sub
474 1461 557 1504 voce
572 1442 709 1524 praeder
720 1463 754 1523 p.
769 1438 839 1502 450.
856 1441 946 1526 (Gaj.
959 1441 1020 1504 IV.
1032 1439 1276 1523 13.16.91.94.)

20 1551 88 1628 Qui
113 1549 262 1634 denique
280 1567 341 1632 pro
370 1557 481 1612 actore
508 1570 543 1612 se
569 1547 776 1633 obligabant,
799 1549 951 1610 tuboodes
974 1547 1169 1611 dicebantur
1182 1552 1228 1629 t),
1244 1553 1281 1610 ut

21 1659 208 1741 suspicatur
223 1655 449 1719 Gothofredus
465 1657 536 1718 tato.
546 1679 580 1738 p.
600 1655 670 1719 191.
686 1655 749 1718 nisi
768 1676 838 1718 cum
860 1652 1020 1718 Salmasio
1038 1657 1077 1717 de
1091 1655 1179 1717 modo
1191 1676 1279 1716 noar.

21 1787 48 1826 c.
62 1763 113 1826 16.
130 1785 173 1845 p.
187 1761 260 1826 7⁰1.
283 1764 394 1826 dicere
427 1763 532 1846 malis,
558 1765 712 1828 saboades
735 1763 846 1845 fuisse,
871 1763 928 1848 qui
951 1777 1013 1846 pro
1031 1762 1169 1825 vadibus
1196 1764 1281 1826 fide—

18 1868 198 1956 jubebant',
215 1871 490 1954 quemadmodum
506 1873 707 1955 subproedes‚
724 1873 780 1956 qui
794 1893 855 1956 pro
867 1869 1055 1956 praedibus.
1072 1870 1279 1954 Quamquam

17 1981 87 2064 jam
107 1975 213 2042 Gellii
231 1987 342 2042 aetate
359 1980 453 2065 hujus
471 1980 626 2043 vocabuli
641 1999 716 2044 usus
732 2001 769 2043 ac
785 1999 893 2063 paene
907 1977 1106 2062 significatio
1125 1977 1280 2060 perierat.

23 2087 103 2150 Vid.
117 2085 223 2148 Noctt.
238 2091 333 2148 Attio.
344 2085 433 2148 XVI.
447 2087 496 2150 10.

610 2212 638 2292 ι.
659 2212 690 2273 ι.

93 2385 97 2392 ,
205 2327 432 2395 Adpromitrorer,
448 2297 631 2396 ¹fidejubent,
655 2342 803 2394 sponsores,
812 2324 1045 2392 fidopromr'rtoret
1059 2321 1101 2389 ¹¹).

108 2429 364 2511 Adpromr'ssores
372 2427 556 2510 generatim
569 2425 702 2512 quidem
716 2426 824 2488 vocati
841 2433 924 2507 sunt,
937 2425 1124 2509 quicunque
1141 2421 1279 2486 aliorum

28 2536 235 2621 promissioni
251 2534 338 2598 idem
355 2534 581 2619 promittendo
599 2532 803 2597 accedebant
817 2534 865 2613 ¹);
888 2553 985 2596 sensu
1000 2538 1109 2595 tamen
1124 2531 1281 2595 vocabuli

29 2644 130 2727 magis
141 2643 293 2706 restricto
307 2651 341 2706 et
356 2642 449 2705 velut
463 2641 599 2725 proprio
617 2663 674 2705 eos
691 2661 761 2705 esse
778 2640 884 2705 dictos
901 2640 1157 2725 adpromissores
1173 2639 1278 2703 credi-

31 2753 142 2833 derim,
164 2751 220 2836 qui
236 2757 312 2834 post
332 2750 537 2833 promissoris
554 2756 690 2812 mortem
714 2748 824 2813 datum
849 2749 890 2813 iri
915 2748 1124 2835 spondebant
1139 2748 1184 2828 ¹¹).
1212 2745 1279 2823 Qui

29 2867 202 2943 praeterea
224 2879 284 2941 pro
309 2856 382 2920 aliis
403 2860 578 2921 verborum
603 2856 812 2941 obligatione
844 2857 993 2920 adhibita
1014 2853 1278 2934 intercedebant,

34 2991 323 3008 ffl—

96 3066 126 3132 e)
148 3063 204 3127 Qui
221 3062 395 3129 provocabat,
413 3061 515 3122 codam,
539 3060 587 3130 qui
611 3063 819 3127 provocabatur,
837 3061 1011 3113 vadmonium
1032 3062 1188 3130 promittere
1207 3056 1279 3111 dice-

32 3153 123 3204 batur:
143 3148 270 3215 Sigonius
289 3148 321 3200 de
338 3147 428 3200 Jodt'c.
441 3146 465 3199 Ι.
479 3149 521 3198 20.
537 3164 565 3214 p.
577 3151 637 3200 454.
655 3147 733 3199 Heln.
752 3148 796 3198 De
811 3145 928 3198 vadibus
946 3145 1022 3198 etde
1038 3144 1195 3197 vadimonio
1208 3143 1280 3195 intre

31 3234 152 3300 pluribus
170 3231 274 3283 dicetur
292 3231 351 3283 Lib.
364 3230 413 3283 IV.
432 3231 485 3282 Tit.
502 3231 549 3282 VI.
568 3233 589 3300 ξ.
601 3235 643 3284 20.
655 3235 698 3284 21.
716 3231 802 3284 oniti.

98 3319 126 3385 l)
146 3317 275 3368 Dukerus
294 3317 330 3368 ad
346 3316 405 3368 Lic.
423 3317 472 3368 III.
499 3334 522 3367 c.
538 3319 577 3369 13.
602 3319 623 3385 ς.
641 3320 665 3369 8,
690 3318 721 3369 Τ,
733 3318 755 3370 1.
774 3333 799 3383 p.
817 3319 877 3368 692.
897 3310 985 3366 Hoab.
1009 3313 1050 3365 ct.
1067 3311 1139 3365 infra
1158 3312 1217 3364 Lib.
1230 3313 1279 3364 IV.

33 3403 83 3456 rit.
94 3402 202 3455 XVIII.
220 3401 241 3467 l.
255 3405 298 3454 38.
318 3399 405 3452 Mbbl.

97 3488 130 3555 g)
151 3479 299 3540 Sed'aolor
315 3486 406 3538 nullos
433 3487 516 3540 vades
540 3485 630 3539 dabat.
651 3485 733 3538 Cana.
760 3485 900 3538 Subrades
926 3484 1059 3550 (quorum
1080 3479 1181 3532 mentio
1199 3480 1280 3533 fiebat
1383 3504 1386 3512 ·

33 3577 94 3642 Leo.
111 3573 181 3626 XII.
196 3570 264 3627 tobb.
277 3571 345 3624 Gall.
358 3569 439 3624 N.A.
451 3571 532 3624 XVI.
543 3572 597 3638 10.)
618 3571 702 3624 bisse
717 3570 850 3635 videntur,
866 3570 914 3640 qui
932 3559 1055 3622 similiter
1074 3572 1105 3618 ut
1121 3565 1212 3628 vadm,
1230 3565 1279 3618 sed

33 3664 94 3726 post
101 3674 148 3710 cos
158 3659 275 3720 demum
290 3654 389 3723 judicii
406 3655 520 3708 sistendi
538 3672 620 3709 causa
629 3671 776 3721 sponsores
787 3656 849 3708 sectr
859 3661 930 3708 sunt.
947 3653 1009 3707 Vid.
1022 3652 1142 3706 Dirksen
1151 3650 1280 3704 Manuale

35 3744 166 3796 latinitatis
174 3742 277 3810 font'
243 3759 318 3812 ..μιν
335 3742 382 3794 cto.
396 3741 544 3794 Romanor.
561 3759 586 3794 v.
608 3740 717 3794 Sabbas.
736 3740 824 3792 Mtt'bl.

100 3830 134 3896 b)
154 3829 231 3892 Quae
249 3826 346 3879 hocin
364 3827 425 3878 loco
444 3826 589 3892 scripserat
606 3825 778 3889 Heineccius,
796 3824 897 3894 ubique
908 3827 964 3879 lere
975 3841 990 3876 c
1003 3822 1066 3891 Gaji
1080 3792 1280 3874 commentariis

35 3915 146 3984 aliisque
163 3912 249 3965 cirilis
268 3911 481 3964 Romanorum¹
470 3911 541 3977 Juris
559 3912 679 3963 lontibus
694 3910 862 3962 emendanda
879 3909 1007 3970 luissent;
1026 3907 1176 3978 conspltius
1189 3905 1280 3973 itaque

35 4000 109 4064 duxi,
126 3996 179 4051 illis
198 4000 279 4064 plane
295 3995 395 4049 relictis
413 4011 508 4048 eorum
526 3995 554 4048 in
571 3996 658 4048 vicem
676 3996 729 4048 elia
748 3997 882 4064 quaedam
899 3993 1071 4046 substituere.
1079 3981 1177 4044 Matri.

102 4085 126 4151 )
146 4085 177 4136 L.
194 4088 220 4136 b.
239 4083 259 4150 ξ.
273 4087 298 4134 2.
310 4081 345 4134 D.
361 4082 392 4134 de
406 4079 478 4132 verb.
491 4077 542 4132 obl.
553 4083 586 4134 1..
601 4085 643 4135 64.
662 4082 682 4148 ξ
694 4088 720 4134 4
732 4081 768 4132 D
779 4080 826 4131 tol.
839 4080 952 4134 matrim.
964 4079 1003 4130 i..
1015 4081 1059 4130 43.
1075 4078 1111 4130 D.
1129 4076 1282 4128 decolat.-

36 4169 150 4223 Dirksen
169 4167 340 4218 Manualeh.
352 4183 377 4219 v.
397 4164 484 4218 Mit'bl.

103 4253 137 4319 k)
157 4252 282 4314 Quorum
299 4251 515 4304 adhibendorum
533 4248 630 4302 similis
648 4247 732 4302 luisse
755 4247 861 4300 videtur
885 4245 964 4312 ratic,
991 4248 1022 4294 ut
1040 4243 1280 4309 adstipulatorem

36 4340 68 4390 cf.
85 4342 139 4390 not.
157 4336 226 4388 ead
248 4337 268 4402 ᾗ,
285 4341 325 4389 10.
344 4338 381 4390 tit.
397 4336 521 4404 praeced.
545 4336 642 4402 quue
660 4335 788 4388 adludere
805 4331 911 4386 videtur
931 4328 1005 4382 Festi
1023 4327 1143 4380 delinitio
1170 4327 1213 4394 (iu
1228 4342 1282 4395 qua

37 4421 133 4476 clleudi
151 4423 221 4474 solet
242 4423 340 4488 vulgus
363 4422 548 4488 iuterpretum,
571 4419 625 4474 vid.
648 4418 778 4472 Heinecc.
801 4417 837 4470 ad
862 4416 1035 4469 Erimon-v.
1053 4411 1282 4478 adpromittendt),

37 4509 113 4574 cnjus
129 4508 195 4558 hacc
213 4510 277 4557 sunt
293 4506 391 4558 verba:
409 4505 625 4571 „Adpromissor
643 4508 692 4568 est,
712 4501 768 4572 qul,
787 4502 862 4570 quod
876 4515 927 4553 sno
939 4497 1048 4552 nomine
1055 4493 1198 4562 promisit,
1210 4493 1295 4568 idem-

37 4607 85 4660 pro
110 4593 193 4646 altero
220 4605 332 4660 quoque
355 4588 515 4657 prorutut’'
544 4589 616 4644 Nam
639 4587 870 4660 quemadmodum
894 4583 1087 4649 adstipulator,
1108 4578 1183 4648 quod
1206 4577 1283 4629 alteri
1377 4613 1383 4620 .
