<?xml version="1.0" encoding="UTF-8"?>
<!DOCTYPE html PUBLIC "-//W3C//DTD XHTML 1.0 Transitional//EN"
    "http://www.w3.org/TR/xhtml1/DTD/xhtml1-transitional.dtd">
<html xmlns="http://www.w3.org/1999/xhtml" xml:lang="en" lang="en">
 <head>
  <title>
</title>
<meta http-equiv="Content-Type" content="text/html;charset=utf-8" />
  <meta name='ocr-system' content='tesseract 3.04.00' />
  <meta name='ocr-capabilities' content='ocr_page ocr_carea ocr_par ocr_line ocrx_word'/>
</head>
<body>
  <div class='ocr_page' id='page_1' title='image "./jogottliebheine00haubgoog_0349.png"; bbox 0 0 3062 5164; ppageno 0'>
   <div class='ocr_carea' id='block_1_1' title="bbox 562 384 1095 456">
    <p class='ocr_par' dir='ltr' id='par_1_1' title="bbox 562 384 1095 456">
     <span class='ocr_line' id='line_1_1' title="bbox 562 384 1095 456; baseline -0.002 0"><span class='ocrx_word' id='word_1_1' title='bbox 562 389 744 456; x_wconf 79' lang='lat' dir='ltr'><strong>Anrssnrx</strong></span> <span class='ocrx_word' id='word_1_2' title='bbox 768 386 843 456; x_wconf 81' lang='lat' dir='ltr'><strong>Lm</strong></span> <span class='ocrx_word' id='word_1_3' title='bbox 870 387 896 454; x_wconf 93' lang='lat'><strong>1.</strong></span> <span class='ocrx_word' id='word_1_4' title='bbox 922 384 1007 454; x_wconf 81' lang='lat' dir='ltr'><strong>Car.</strong></span> <span class='ocrx_word' id='word_1_5' title='bbox 1033 386 1095 456; x_wconf 80' lang='lat' dir='ltr'><strong>lv.</strong></span> 
     </span>
    </p>
   </div>
   <div class='ocr_carea' id='block_1_2' title="bbox 205 765 1471 1398">
    <p class='ocr_par' dir='ltr' id='par_1_2' title="bbox 205 765 1471 1398">
     <span class='ocr_line' id='line_1_2' title="bbox 287 765 1471 859; baseline -0.006 -19"><span class='ocrx_word' id='word_1_6' title='bbox 287 776 387 840; x_wconf 90' lang='lat' dir='ltr'><strong>Ituris</strong></span> <span class='ocrx_word' id='word_1_7' title='bbox 408 776 442 838; x_wconf 93' lang='lat' dir='ltr'><strong>in</strong></span> <span class='ocrx_word' id='word_1_8' title='bbox 458 774 644 859; x_wconf 89' lang='lat' dir='ltr'><strong>provincias</strong></span> <span class='ocrx_word' id='word_1_9' title='bbox 662 765 875 836; x_wconf 63' lang='lat' dir='ltr'><strong>Praesidibu&#39;s</strong></span> <span class='ocrx_word' id='word_1_10' title='bbox 893 772 1049 838; x_wconf 85' lang='lat' dir='ltr'><strong>mandata</strong></span> <span class='ocrx_word' id='word_1_11' title='bbox 1062 773 1165 838; x_wconf 88' lang='lat' dir='ltr'><strong>dabat</strong></span> <span class='ocrx_word' id='word_1_12' title='bbox 1182 773 1344 851; x_wconf 86' lang='lat' dir='ltr'><strong>Senatus,</strong></span> <span class='ocrx_word' id='word_1_13' title='bbox 1359 791 1471 854; x_wconf 92' lang='lat' dir='ltr'><strong>quan-</strong></span> 
     </span>
     <span class='ocr_line' id='line_1_3' title="bbox 207 877 1469 968; baseline -0.007 -20"><span class='ocrx_word' id='word_1_14' title='bbox 207 894 275 948; x_wconf 92' lang='lat' dir='ltr'><strong>tum</strong></span> <span class='ocrx_word' id='word_1_15' title='bbox 293 884 467 968; x_wconf 89' lang='lat' dir='ltr'><strong>pecuniae,</strong></span> <span class='ocrx_word' id='word_1_16' title='bbox 486 890 643 967; x_wconf 92' lang='lat' dir='ltr'><strong>quantum</strong></span> <span class='ocrx_word' id='word_1_17' title='bbox 663 881 844 944; x_wconf 87' lang='lat' dir='ltr'><strong>exercitum</strong></span> <span class='ocrx_word' id='word_1_18' title='bbox 864 880 1003 964; x_wconf 91' lang='lat' dir='ltr'><strong>quisquc</strong></span> <span class='ocrx_word' id='word_1_19' title='bbox 1024 879 1194 946; x_wconf 90' lang='lat' dir='ltr'><strong>habiturus</strong></span> <span class='ocrx_word' id='word_1_20' title='bbox 1213 881 1267 960; x_wconf 87' lang='lat' dir='ltr'><strong>sit,</strong></span> <span class='ocrx_word' id='word_1_21' title='bbox 1290 877 1389 963; x_wconf 90' lang='lat' dir='ltr'><strong>quod</strong></span> <span class='ocrx_word' id='word_1_22' title='bbox 1411 878 1469 940; x_wconf 90' lang='lat' dir='ltr'><strong>sti-</strong></span> 
     </span>
     <span class='ocr_line' id='line_1_4' title="bbox 205 986 1467 1078; baseline -0.006 -22"><span class='ocrx_word' id='word_1_23' title='bbox 205 992 363 1078; x_wconf 84' lang='lat' dir='ltr'>pendium</span> <span class='ocrx_word' id='word_1_24' title='bbox 374 1013 449 1055; x_wconf 90' lang='lat' dir='ltr'><strong>eum</strong></span> <span class='ocrx_word' id='word_1_25' title='bbox 463 991 553 1073; x_wconf 91' lang='lat' dir='ltr'><strong>dare,</strong></span> <span class='ocrx_word' id='word_1_26' title='bbox 565 998 722 1074; x_wconf 87' lang='lat' dir='ltr'><strong>quantum</strong></span> <span class='ocrx_word' id='word_1_27' title='bbox 739 989 893 1054; x_wconf 89' lang='lat' dir='ltr'><strong>viaticum</strong></span> <span class='ocrx_word' id='word_1_28' title='bbox 905 1010 1026 1074; x_wconf 82' lang='lat' dir='ltr'>capere</span> <span class='ocrx_word' id='word_1_29' title='bbox 1044 997 1232 1074; x_wconf 89' lang='lat' dir='ltr'><strong>oporteret;</strong></span> <span class='ocrx_word' id='word_1_30' title='bbox 1247 997 1283 1050; x_wconf 89' lang='lat' dir='ltr'><strong>et</strong></span> <span class='ocrx_word' id='word_1_31' title='bbox 1298 987 1368 1050; x_wconf 92' lang='lat' dir='ltr'><strong>hoc</strong></span> <span class='ocrx_word' id='word_1_32' title='bbox 1377 986 1467 1050; x_wconf 86' lang='lat' dir='ltr'><strong>SCto</strong></span> 
     </span>
     <span class='ocr_line' id='line_1_5' title="bbox 206 1094 1468 1184; baseline -0.006 -19"><span class='ocrx_word' id='word_1_33' title='bbox 206 1100 383 1164; x_wconf 78' lang='lat' dir='ltr'>Praesides</span> <span class='ocrx_word' id='word_1_34' title='bbox 397 1101 555 1184; x_wconf 81' lang='lat' dir='ltr'><strong>ipsaeque</strong></span> <span class='ocrx_word' id='word_1_35' title='bbox 570 1098 763 1183; x_wconf 88' lang='lat' dir='ltr'><strong>provinciae</strong></span> <span class='ocrx_word' id='word_1_36' title='bbox 778 1114 906 1162; x_wconf 74' lang='lat' dir='ltr'><strong>ortuum</strong></span> <span class='ocrx_word' id='word_1_37' title='bbox 920 1098 1125 1162; x_wconf 80' lang='lat' dir='ltr'><strong>dicebantur.</strong></span> <span class='ocrx_word' id='word_1_38' title='bbox 1136 1099 1191 1162; x_wconf 90' lang='lat' dir='ltr'><strong>De</strong></span> <span class='ocrx_word' id='word_1_39' title='bbox 1208 1118 1277 1184; x_wconf 90' lang='lat' dir='ltr'><strong>quo</strong></span> <span class='ocrx_word' id='word_1_40' title='bbox 1287 1095 1358 1158; x_wconf 88' lang='lat' dir='ltr'><strong>ritu</strong></span> <span class='ocrx_word' id='word_1_41' title='bbox 1373 1094 1468 1178; x_wconf 89' lang='lat' dir='ltr'><strong>plura</strong></span> 
     </span>
     <span class='ocr_line' id='line_1_6' title="bbox 207 1203 1466 1286; baseline -0.005 -16"><span class='ocrx_word' id='word_1_42' title='bbox 207 1209 341 1272; x_wconf 91' lang='lat' dir='ltr'><strong>tradunt</strong></span> <span class='ocrx_word' id='word_1_43' title='bbox 360 1209 403 1272; x_wconf 76' lang='lat' dir='ltr'><strong>Is</strong></span> <span class='ocrx_word' id='word_1_44' title='bbox 426 1207 638 1272; x_wconf 87' lang='lat' dir='ltr'><strong>Casaubonus</strong></span> <span class='ocrx_word' id='word_1_45' title='bbox 661 1215 697 1270; x_wconf 91' lang='lat' dir='ltr'><strong>et</strong></span> <span class='ocrx_word' id='word_1_46' title='bbox 715 1207 870 1270; x_wconf 87' lang='lat' dir='ltr'><strong>Torrent.</strong></span> <span class='ocrx_word' id='word_1_47' title='bbox 896 1207 941 1268; x_wconf 84' lang='lat' dir='ltr'><strong>od</strong></span> <span class='ocrx_word' id='word_1_48' title='bbox 960 1207 1050 1270; x_wconf 81' lang='lat' dir='ltr'><strong>Suet.</strong></span> <span class='ocrx_word' id='word_1_49' title='bbox 1072 1208 1160 1272; x_wconf 82' lang='lat' dir='ltr'><strong>Caes.</strong></span> <span class='ocrx_word' id='word_1_50' title='bbox 1176 1229 1202 1269; x_wconf 87' lang='lat' dir='ltr'><strong>c.</strong></span> <span class='ocrx_word' id='word_1_51' title='bbox 1220 1206 1274 1268; x_wconf 71' lang='lat'><strong>27.</strong></span> <span class='ocrx_word' id='word_1_52' title='bbox 1292 1204 1411 1286; x_wconf 80' lang='lat' dir='ltr'><strong>Sigon</strong></span> <span class='ocrx_word' id='word_1_53' title='bbox 1426 1203 1466 1264; x_wconf 83' lang='lat' dir='ltr'><strong>de</strong></span> 
     </span>
     <span class='ocr_line' id='line_1_7' title="bbox 206 1314 801 1398; baseline -0.005 -19"><span class='ocrx_word' id='word_1_54' title='bbox 206 1325 272 1379; x_wconf 80' lang='lat' dir='ltr'><strong>ant.</strong></span> <span class='ocrx_word' id='word_1_55' title='bbox 279 1319 359 1398; x_wconf 82' lang='lat' dir='ltr'><strong>jure</strong></span> <span class='ocrx_word' id='word_1_56' title='bbox 367 1321 507 1398; x_wconf 69' lang='lat' dir='ltr'><strong>provehe.</strong></span> <span class='ocrx_word' id='word_1_57' title='bbox 522 1317 566 1378; x_wconf 88' lang='lat'><strong>11.</strong></span> <span class='ocrx_word' id='word_1_58' title='bbox 580 1315 611 1380; x_wconf 93' lang='lat'><strong>1.</strong></span> <span class='ocrx_word' id='word_1_59' title='bbox 622 1337 654 1397; x_wconf 85' lang='lat' dir='ltr'><strong>p.</strong></span> <span class='ocrx_word' id='word_1_60' title='bbox 667 1314 740 1378; x_wconf 76' lang='lat'><strong>142.</strong></span> <span class='ocrx_word' id='word_1_61' title='bbox 755 1336 801 1396; x_wconf 85' lang='lat' dir='ltr'><strong>sq.</strong></span> 
     </span>
    </p>
   </div>
   <div class='ocr_carea' id='block_1_3' title="bbox 183 1464 1530 3278">
    <p class='ocr_par' dir='ltr' id='par_1_3' title="bbox 791 1464 892 1528">
     <span class='ocr_line' id='line_1_8' title="bbox 791 1464 892 1528; baseline -0.02 0"><span class='ocrx_word' id='word_1_62' title='bbox 791 1513 799 1528; x_wconf 99' lang='lat'><strong>.</strong></span> <span class='ocrx_word' id='word_1_63' title='bbox 820 1464 892 1528; x_wconf 85' lang='lat'><strong>1⁰9.</strong></span> 
     </span>
    </p>

    <p class='ocr_par' dir='ltr' id='par_1_4' title="bbox 183 1674 1530 3278">
     <span class='ocr_line' id='line_1_9' title="bbox 291 1674 1460 1761; baseline -0.005 -19"><span class='ocrx_word' id='word_1_64' title='bbox 291 1680 333 1742; x_wconf 95' lang='lat' dir='ltr'><strong>In</strong></span> <span class='ocrx_word' id='word_1_65' title='bbox 348 1677 506 1742; x_wconf 86' lang='lat' dir='ltr'><strong>comitatu</strong></span> <span class='ocrx_word' id='word_1_66' title='bbox 518 1676 711 1742; x_wconf 84' lang='lat' dir='ltr'><strong>Praesidum</strong></span> <span class='ocrx_word' id='word_1_67' title='bbox 728 1683 825 1741; x_wconf 90' lang='lat' dir='ltr'><strong>erant</strong></span> <span class='ocrx_word' id='word_1_68' title='bbox 842 1676 980 1761; x_wconf 83' lang='lat' dir='ltr'><strong>Legati,</strong></span> <span class='ocrx_word' id='word_1_69' title='bbox 999 1675 1140 1739; x_wconf 82' lang='lat' dir='ltr'><strong>Tribuni</strong></span> <span class='ocrx_word' id='word_1_70' title='bbox 1159 1674 1320 1756; x_wconf 90' lang='lat' dir='ltr'><strong>militnm,</strong></span> <span class='ocrx_word' id='word_1_71' title='bbox 1342 1674 1460 1737; x_wconf 82' lang='lat' dir='ltr'><strong>Centu-</strong></span> 
     </span>
     <span class='ocr_line' id='line_1_10' title="bbox 207 1783 1529 1869; baseline -0.005 -19"><span class='ocrx_word' id='word_1_72' title='bbox 207 1788 330 1863; x_wconf 91' lang='lat' dir='ltr'><strong>riones,</strong></span> <span class='ocrx_word' id='word_1_73' title='bbox 346 1785 533 1868; x_wconf 81' lang='lat' dir='ltr'><strong>Praefecti,</strong></span> <span class='ocrx_word' id='word_1_74' title='bbox 550 1786 773 1868; x_wconf 84' lang='lat' dir='ltr'><strong>D‘ecuriones,</strong></span> <span class='ocrx_word' id='word_1_75' title='bbox 794 1785 985 1849; x_wconf 85' lang='lat' dir='ltr'><strong>militarium</strong></span> <span class='ocrx_word' id='word_1_76' title='bbox 1002 1805 1138 1869; x_wconf 89' lang='lat' dir='ltr'><strong>operum</strong></span> <span class='ocrx_word' id='word_1_77' title='bbox 1157 1785 1394 1867; x_wconf 88' lang='lat' dir='ltr'><strong>rationumque</strong></span> <span class='ocrx_word' id='word_1_78' title='bbox 1409 1783 1462 1845; x_wconf 90' lang='lat' dir='ltr'><strong>ad·</strong></span> <span class='ocrx_word' id='word_1_79' title='bbox 1528 1817 1529 1832; x_wconf 51' lang='grc' dir='ltr'><strong>ι</strong></span> 
     </span>
     <span class='ocr_line' id='line_1_11' title="bbox 204 1891 1461 1979; baseline -0.004 -23"><span class='ocrx_word' id='word_1_80' title='bbox 204 1895 352 1979; x_wconf 83' lang='lat' dir='ltr'><strong>jutores:</strong></span> <span class='ocrx_word' id='word_1_81' title='bbox 372 1902 550 1977; x_wconf 90' lang='lat' dir='ltr'><strong>praeterea</strong></span> <span class='ocrx_word' id='word_1_82' title='bbox 567 1915 649 1958; x_wconf 85' lang='lat' dir='ltr'><strong>vero</strong></span> <span class='ocrx_word' id='word_1_83' title='bbox 668 1894 807 1975; x_wconf 89' lang='lat' dir='ltr'><strong>scribae,</strong></span> <span class='ocrx_word' id='word_1_84' title='bbox 824 1893 969 1977; x_wconf 77' lang='lat' dir='ltr'><strong>adsensi,</strong></span> <span class='ocrx_word' id='word_1_85' title='bbox 987 1915 1180 1978; x_wconf 84' lang='lat' dir='ltr'><strong>praecones,</strong></span> <span class='ocrx_word' id='word_1_86' title='bbox 1195 1891 1344 1974; x_wconf 84' lang='lat' dir='ltr'><strong>lictores,</strong></span> <span class='ocrx_word' id='word_1_87' title='bbox 1361 1892 1461 1953; x_wconf 88' lang='lat' dir='ltr'><strong>inter-</strong></span> 
     </span>
     <span class='ocr_line' id='line_1_12' title="bbox 209 1998 1458 2087; baseline -0.006 -21"><span class='ocrx_word' id='word_1_88' title='bbox 209 2011 333 2087; x_wconf 90' lang='lat' dir='ltr'><strong>pretes,</strong></span> <span class='ocrx_word' id='word_1_89' title='bbox 343 2000 524 2083; x_wconf 87' lang='lat' dir='ltr'><strong>tabellarii,</strong></span> <span class='ocrx_word' id='word_1_90' title='bbox 537 2002 713 2087; x_wconf 87' lang='lat' dir='ltr'><strong>aruspices,</strong></span> <span class='ocrx_word' id='word_1_91' title='bbox 727 2000 932 2084; x_wconf 90' lang='lat' dir='ltr'><strong>cubicularii,</strong></span> <span class='ocrx_word' id='word_1_92' title='bbox 947 2000 1078 2085; x_wconf 92' lang='lat' dir='ltr'><strong>medici,</strong></span> <span class='ocrx_word' id='word_1_93' title='bbox 1091 2010 1135 2084; x_wconf 85' lang='lat' dir='ltr'><strong>et,</strong></span> <span class='ocrx_word' id='word_1_94' title='bbox 1152 2023 1238 2087; x_wconf 91' lang='lat' dir='ltr'><strong>quae</strong></span> <span class='ocrx_word' id='word_1_95' title='bbox 1250 1998 1458 2085; x_wconf 84' lang='lat' dir='ltr'><strong>quotidianae</strong></span> 
     </span>
     <span class='ocr_line' id='line_1_13' title="bbox 208 2097 1461 2196; baseline -0.005 -22"><span class='ocrx_word' id='word_1_96' title='bbox 208 2112 299 2174; x_wconf 88' lang='lat' dir='ltr'><strong>vitae</strong></span> <span class='ocrx_word' id='word_1_97' title='bbox 318 2131 423 2195; x_wconf 91' lang='lat' dir='ltr'><strong>prope</strong></span> <span class='ocrx_word' id='word_1_98' title='bbox 444 2109 534 2171; x_wconf 89' lang='lat' dir='ltr'><strong>socia</strong></span> <span class='ocrx_word' id='word_1_99' title='bbox 549 2108 627 2187; x_wconf 84' lang='lat' dir='ltr'><strong>fuit,</strong></span> <span class='ocrx_word' id='word_1_100' title='bbox 637 2112 798 2196; x_wconf 91' lang='lat' dir='ltr'><strong>juvenum</strong></span> <span class='ocrx_word' id='word_1_101' title='bbox 815 2109 951 2191; x_wconf 91' lang='lat' dir='ltr'><strong>cohors,</strong></span> <span class='ocrx_word' id='word_1_102' title='bbox 973 2131 1058 2194; x_wconf 93' lang='lat' dir='ltr'><strong>quae</strong></span> <span class='ocrx_word' id='word_1_103' title='bbox 1078 2097 1195 2173; x_wconf 81' lang='lat' dir='ltr'><strong>coho&#39;rs</strong></span> <span class='ocrx_word' id='word_1_104' title='bbox 1212 2107 1408 2188; x_wconf 90' lang='lat' dir='ltr'><strong>Praetoria,</strong></span> <span class='ocrx_word' id='word_1_105' title='bbox 1430 2113 1461 2168; x_wconf 89' lang='lat' dir='ltr'><strong>et</strong></span> 
     </span>
     <span class='ocr_line' id='line_1_14' title="bbox 210 2213 1463 2304; baseline -0.004 -23"><span class='ocrx_word' id='word_1_106' title='bbox 210 2219 303 2304; x_wconf 89' lang='lat' dir='ltr'><strong>quasi</strong></span> <span class='ocrx_word' id='word_1_107' title='bbox 325 2217 500 2282; x_wconf 89' lang='lat' dir='ltr'><strong>Praetoria</strong></span> <span class='ocrx_word' id='word_1_108' title='bbox 522 2214 613 2281; x_wconf 85' lang='lat' dir='ltr'><strong>dicta</strong></span> <span class='ocrx_word' id='word_1_109' title='bbox 631 2227 697 2300; x_wconf 84' lang='lat' dir='ltr'><strong>est,</strong></span> <span class='ocrx_word' id='word_1_110' title='bbox 718 2219 753 2280; x_wconf 91' lang='lat' dir='ltr'><strong>in</strong></span> <span class='ocrx_word' id='word_1_111' title='bbox 773 2239 870 2302; x_wconf 88' lang='lat' dir='ltr'><strong>quem</strong></span> <span class='ocrx_word' id='word_1_112' title='bbox 893 2240 1063 2282; x_wconf 90' lang='lat' dir='ltr'><strong>numerum</strong></span> <span class='ocrx_word' id='word_1_113' title='bbox 1086 2218 1186 2284; x_wconf 90' lang='lat' dir='ltr'><strong>etiam</strong></span> <span class='ocrx_word' id='word_1_114' title='bbox 1210 2213 1463 2280; x_wconf 88' lang='lat' dir='ltr'><strong>contubernales</strong></span> 
     </span>
     <span class='ocr_line' id='line_1_15' title="bbox 209 2325 1530 2411; baseline -0.005 -21"><span class='ocrx_word' id='word_1_115' title='bbox 209 2326 396 2390; x_wconf 84' lang='lat' dir='ltr'><strong>referendi:</strong></span> <span class='ocrx_word' id='word_1_116' title='bbox 415 2325 530 2410; x_wconf 86' lang='lat' dir='ltr'><strong>Sigon.</strong></span> <span class='ocrx_word' id='word_1_117' title='bbox 547 2327 568 2387; x_wconf 83' lang='lat'><strong>1.</strong></span> <span class='ocrx_word' id='word_1_118' title='bbox 583 2348 610 2388; x_wconf 88' lang='lat' dir='ltr'><strong>c.</strong></span> <span class='ocrx_word' id='word_1_119' title='bbox 626 2349 652 2390; x_wconf 85' lang='lat' dir='ltr'><strong>c.</strong></span> <span class='ocrx_word' id='word_1_120' title='bbox 667 2325 743 2408; x_wconf 72' lang='lat'><strong>211.</strong></span> <span class='ocrx_word' id='word_1_121' title='bbox 757 2325 831 2388; x_wconf 80' lang='grc'><strong>149.</strong></span> <span class='ocrx_word' id='word_1_122' title='bbox 846 2329 894 2407; x_wconf 76' lang='grc'><strong>“).</strong></span> <span class='ocrx_word' id='word_1_123' title='bbox 913 2326 1062 2411; x_wconf 85' lang='lat' dir='ltr'><strong>Legatos</strong></span> <span class='ocrx_word' id='word_1_124' title='bbox 1080 2325 1232 2389; x_wconf 89' lang='lat' dir='ltr'><strong>Praesidi</strong></span> <span class='ocrx_word' id='word_1_125' title='bbox 1250 2333 1309 2389; x_wconf 91' lang='lat' dir='ltr'><strong>aut</strong></span> <span class='ocrx_word' id='word_1_126' title='bbox 1328 2325 1463 2387; x_wconf 89' lang='lat' dir='ltr'><strong>Senatus</strong></span> <span class='ocrx_word' id='word_1_127' title='bbox 1529 2377 1530 2400; x_wconf 49' lang='lat'><strong>,</strong></span> 
     </span>
     <span class='ocr_line' id='line_1_16' title="bbox 211 2431 1463 2519; baseline -0.005 -20"><span class='ocrx_word' id='word_1_128' title='bbox 211 2436 325 2518; x_wconf 88' lang='lat' dir='ltr'><strong>dabat,</strong></span> <span class='ocrx_word' id='word_1_129' title='bbox 345 2441 402 2498; x_wconf 91' lang='lat' dir='ltr'><strong>aut</strong></span> <span class='ocrx_word' id='word_1_130' title='bbox 416 2434 513 2519; x_wconf 91' lang='lat' dir='ltr'><strong>hujus</strong></span> <span class='ocrx_word' id='word_1_131' title='bbox 527 2435 687 2519; x_wconf 87' lang='lat' dir='ltr'><strong>permissu</strong></span> <span class='ocrx_word' id='word_1_132' title='bbox 699 2433 904 2497; x_wconf 89' lang='lat' dir='ltr'><strong>adsciscebat</strong></span> <span class='ocrx_word' id='word_1_133' title='bbox 923 2433 1073 2518; x_wconf 88' lang='lat' dir='ltr'><strong>Praeses,</strong></span> <span class='ocrx_word' id='word_1_134' title='bbox 1091 2443 1149 2498; x_wconf 92' lang='lat' dir='ltr'><strong>aut</strong></span> <span class='ocrx_word' id='word_1_135' title='bbox 1164 2433 1270 2518; x_wconf 93' lang='lat' dir='ltr'><strong>plebs,</strong></span> <span class='ocrx_word' id='word_1_136' title='bbox 1289 2432 1363 2496; x_wconf 87' lang='lat' dir='ltr'><strong>lata</strong></span> <span class='ocrx_word' id='word_1_137' title='bbox 1379 2431 1463 2515; x_wconf 86' lang='lat' dir='ltr'><strong>lege,</strong></span> 
     </span>
     <span class='ocr_line' id='line_1_17' title="bbox 211 2539 1460 2627; baseline -0.003 -21"><span class='ocrx_word' id='word_1_138' title='bbox 211 2550 307 2607; x_wconf 86' lang='lat' dir='ltr'><strong>extra</strong></span> <span class='ocrx_word' id='word_1_139' title='bbox 324 2541 474 2612; x_wconf 81' lang='lat' dir='ltr'><strong>ordinem</strong></span> <span class='ocrx_word' id='word_1_140' title='bbox 494 2541 706 2626; x_wconf 82' lang='lat' dir='ltr'><strong>designabat:</strong></span> <span class='ocrx_word' id='word_1_141' title='bbox 728 2542 797 2606; x_wconf 88' lang='lat' dir='ltr'><strong>Cic.</strong></span> <span class='ocrx_word' id='word_1_142' title='bbox 821 2542 924 2605; x_wconf 70' lang='lat' dir='ltr'><strong>Vanis.</strong></span> <span class='ocrx_word' id='word_1_143' title='bbox 942 2565 968 2605; x_wconf 87' lang='lat' dir='ltr'><strong>c.</strong></span> <span class='ocrx_word' id='word_1_144' title='bbox 986 2544 1035 2606; x_wconf 89' lang='lat'><strong>15.</strong></span> <span class='ocrx_word' id='word_1_145' title='bbox 1054 2541 1140 2627; x_wconf 89' lang='lat' dir='ltr'><strong>Nep.</strong></span> <span class='ocrx_word' id='word_1_146' title='bbox 1160 2545 1257 2604; x_wconf 66' lang='lat' dir='ltr'><strong>Attae.</strong></span> <span class='ocrx_word' id='word_1_147' title='bbox 1275 2564 1303 2604; x_wconf 89' lang='lat' dir='ltr'><strong>c.</strong></span> <span class='ocrx_word' id='word_1_148' title='bbox 1321 2541 1353 2604; x_wconf 87' lang='lat'><strong>6.</strong></span> <span class='ocrx_word' id='word_1_149' title='bbox 1375 2542 1416 2604; x_wconf 85' lang='lat' dir='ltr'><strong>Et</strong></span> <span class='ocrx_word' id='word_1_150' title='bbox 1429 2539 1460 2601; x_wconf 94' lang='lat' dir='ltr'><strong>hi</strong></span> 
     </span>
     <span class='ocr_line' id='line_1_18' title="bbox 183 2647 1456 2736; baseline -0.003 -22"><span class='ocrx_word' id='word_1_151' title='bbox 183 2691 194 2708; x_wconf 89' lang='lat'><strong>·</strong></span> <span class='ocrx_word' id='word_1_152' title='bbox 212 2658 288 2715; x_wconf 88' lang='lat' dir='ltr'><strong>suut</strong></span> <span class='ocrx_word' id='word_1_153' title='bbox 303 2649 355 2714; x_wconf 78' lang='grc' dir='ltr'><strong>διὰ</strong></span> <span class='ocrx_word' id='word_1_154' title='bbox 370 2654 431 2714; x_wconf 84' lang='grc' dir='ltr'><strong>τοῦ</strong></span> <span class='ocrx_word' id='word_1_155' title='bbox 449 2647 599 2734; x_wconf 75' lang='grc' dir='ltr'><strong>ἡγεμόνος</strong></span> <span class='ocrx_word' id='word_1_156' title='bbox 613 2648 819 2732; x_wconf 78' lang='grc' dir='ltr'><em>πεμπόμενοι,</em></span> <span class='ocrx_word' id='word_1_157' title='bbox 834 2648 878 2713; x_wconf 91' lang='lat' dir='ltr'><strong>de</strong></span> <span class='ocrx_word' id='word_1_158' title='bbox 895 2651 1013 2736; x_wconf 92' lang='lat' dir='ltr'><strong>quibus</strong></span> <span class='ocrx_word' id='word_1_159' title='bbox 1027 2650 1057 2713; x_wconf 91' lang='lat' dir='ltr'><strong>l.</strong></span> <span class='ocrx_word' id='word_1_160' title='bbox 1073 2651 1163 2712; x_wconf 83' lang='lat' dir='ltr'><strong>Petr.</strong></span> <span class='ocrx_word' id='word_1_161' title='bbox 1179 2649 1210 2714; x_wconf 78' lang='lat'><strong>2.</strong></span> <span class='ocrx_word' id='word_1_162' title='bbox 1228 2648 1279 2711; x_wconf 90' lang='grc'><strong>14.</strong></span> <span class='ocrx_word' id='word_1_163' title='bbox 1304 2649 1456 2712; x_wconf 85' lang='lat' dir='ltr'><strong>Numerus</strong></span> 
     </span>
     <span class='ocr_line' id='line_1_19' title="bbox 212 2756 1460 2844; baseline -0.006 -19"><span class='ocrx_word' id='word_1_164' title='bbox 212 2781 325 2825; x_wconf 88' lang='lat' dir='ltr'><strong>eorum</strong></span> <span class='ocrx_word' id='word_1_165' title='bbox 343 2779 411 2821; x_wconf 91' lang='lat' dir='ltr'><strong>non</strong></span> <span class='ocrx_word' id='word_1_166' title='bbox 427 2777 507 2820; x_wconf 89' lang='lat' dir='ltr'><strong>unus</strong></span> <span class='ocrx_word' id='word_1_167' title='bbox 523 2756 679 2842; x_wconf 88' lang='lat' dir='ltr'><strong>idemque</strong></span> <span class='ocrx_word' id='word_1_168' title='bbox 694 2779 825 2844; x_wconf 87' lang='lat' dir='ltr'><strong>semper</strong></span> <span class='ocrx_word' id='word_1_169' title='bbox 839 2759 910 2822; x_wconf 86' lang='lat' dir='ltr'><strong>fuit.</strong></span> <span class='ocrx_word' id='word_1_170' title='bbox 927 2757 970 2836; x_wconf 84' lang='lat' dir='ltr'><strong>Q.</strong></span> <span class='ocrx_word' id='word_1_171' title='bbox 984 2759 1103 2822; x_wconf 86' lang='lat' dir='ltr'><strong>Cicero</strong></span> <span class='ocrx_word' id='word_1_172' title='bbox 1117 2768 1184 2822; x_wconf 89' lang='lat' dir='ltr'><strong>tres</strong></span> <span class='ocrx_word' id='word_1_173' title='bbox 1199 2779 1309 2822; x_wconf 92' lang='lat' dir='ltr'><strong>secum</strong></span> <span class='ocrx_word' id='word_1_174' title='bbox 1322 2759 1460 2844; x_wconf 89' lang='lat' dir='ltr'><strong>Legatos</strong></span> 
     </span>
     <span class='ocr_line' id='line_1_20' title="bbox 213 2865 1460 2953; baseline -0.004 -21"><span class='ocrx_word' id='word_1_175' title='bbox 213 2866 309 2932; x_wconf 85' lang='lat' dir='ltr'><strong>duxit</strong></span> <span class='ocrx_word' id='word_1_176' title='bbox 320 2869 355 2929; x_wconf 93' lang='lat' dir='ltr'><strong>in</strong></span> <span class='ocrx_word' id='word_1_177' title='bbox 369 2866 493 2930; x_wconf 86' lang='lat' dir='ltr'><strong>Asiam.</strong></span> <span class='ocrx_word' id='word_1_178' title='bbox 508 2865 625 2931; x_wconf 88' lang='lat' dir='ltr'><strong>Marco</strong></span> <span class='ocrx_word' id='word_1_179' title='bbox 642 2865 735 2930; x_wconf 85' lang='lat' dir='ltr'><strong>fratri</strong></span> <span class='ocrx_word' id='word_1_180' title='bbox 749 2867 783 2930; x_wconf 91' lang='lat' dir='ltr'><strong>in</strong></span> <span class='ocrx_word' id='word_1_181' title='bbox 799 2867 951 2932; x_wconf 84' lang='lat' dir='ltr'><strong>Ciliciam</strong></span> <span class='ocrx_word' id='word_1_182' title='bbox 969 2868 1060 2931; x_wconf 91' lang='lat' dir='ltr'><strong>eunti</strong></span> <span class='ocrx_word' id='word_1_183' title='bbox 1076 2875 1232 2953; x_wconf 79' lang='lat' dir='ltr'><strong>quatu0r3</strong></span> <span class='ocrx_word' id='word_1_184' title='bbox 1248 2866 1290 2943; x_wconf 85' lang='lat' dir='ltr'><strong>Q.</strong></span> <span class='ocrx_word' id='word_1_185' title='bbox 1302 2867 1460 2951; x_wconf 85' lang='lat' dir='ltr'><strong>Pompejo</strong></span> 
     </span>
     <span class='ocr_line' id='line_1_21' title="bbox 213 2973 1462 3061; baseline 0 -24"><span class='ocrx_word' id='word_1_186' title='bbox 213 2974 401 3060; x_wconf 87' lang='lat' dir='ltr'><strong>quindecim</strong></span> <span class='ocrx_word' id='word_1_187' title='bbox 419 2973 605 3038; x_wconf 83' lang='lat' dir='ltr'><strong>adfuean</strong></span> <span class='ocrx_word' id='word_1_188' title='bbox 627 2973 785 3052; x_wconf 88' lang='lat' dir='ltr'><strong>Quamvis</strong></span> <span class='ocrx_word' id='word_1_189' title='bbox 804 2997 884 3039; x_wconf 87' lang='lat' dir='ltr'><strong>vero</strong></span> <span class='ocrx_word' id='word_1_190' title='bbox 904 2985 939 3040; x_wconf 92' lang='lat' dir='ltr'><strong>et</strong></span> <span class='ocrx_word' id='word_1_191' title='bbox 955 2975 1017 3060; x_wconf 93' lang='lat' dir='ltr'><strong>ipsi</strong></span> <span class='ocrx_word' id='word_1_192' title='bbox 1035 2977 1155 3061; x_wconf 91' lang='lat' dir='ltr'><strong>Legati</strong></span> <span class='ocrx_word' id='word_1_193' title='bbox 1174 2974 1349 3038; x_wconf 92' lang='lat' dir='ltr'><strong>lictoribus</strong></span> <span class='ocrx_word' id='word_1_194' title='bbox 1369 2983 1404 3037; x_wconf 90' lang='lat' dir='ltr'><strong>et</strong></span> <span class='ocrx_word' id='word_1_195' title='bbox 1419 2973 1462 3037; x_wconf 89' lang='lat' dir='ltr'><strong>sa-</strong></span> 
     </span>
     <span class='ocr_line' id='line_1_22' title="bbox 213 3065 1463 3168; baseline -0.001 -21"><span class='ocrx_word' id='word_1_196' title='bbox 213 3083 321 3147; x_wconf 91' lang='lat' dir='ltr'><strong>scibus</strong></span> <span class='ocrx_word' id='word_1_197' title='bbox 346 3065 537 3147; x_wconf 81' lang='lat' dir='ltr'><strong>uterentur:</strong></span> <span class='ocrx_word' id='word_1_198' title='bbox 558 3084 630 3146; x_wconf 92' lang='lat' dir='ltr'><strong>Liv.</strong></span> <span class='ocrx_word' id='word_1_199' title='bbox 648 3082 772 3144; x_wconf 82' lang='lat' dir='ltr'><strong>XXIX.</strong></span> <span class='ocrx_word' id='word_1_200' title='bbox 789 3083 820 3144; x_wconf 85' lang='lat'><strong>9.</strong></span> <span class='ocrx_word' id='word_1_201' title='bbox 843 3104 910 3147; x_wconf 92' lang='lat' dir='ltr'><strong>non</strong></span> <span class='ocrx_word' id='word_1_202' title='bbox 939 3094 1049 3149; x_wconf 89' lang='lat' dir='ltr'><strong>tamen</strong></span> <span class='ocrx_word' id='word_1_203' title='bbox 1069 3083 1132 3147; x_wconf 92' lang='lat' dir='ltr'><strong>nisi</strong></span> <span class='ocrx_word' id='word_1_204' title='bbox 1157 3080 1346 3146; x_wconf 85' lang='lat' dir='ltr'><strong>mandatam</strong></span> <span class='ocrx_word' id='word_1_205' title='bbox 1367 3083 1463 3168; x_wconf 88' lang='lat' dir='ltr'><strong>juris-</strong></span> 
     </span>
     <span class='ocr_line' id='line_1_23' title="bbox 213 3191 1462 3278; baseline -0.002 -22"><span class='ocrx_word' id='word_1_206' title='bbox 213 3193 393 3257; x_wconf 89' lang='lat' dir='ltr'><strong>dictionem</strong></span> <span class='ocrx_word' id='word_1_207' title='bbox 421 3191 608 3269; x_wconf 89' lang='lat' dir='ltr'><strong>habebant,</strong></span> <span class='ocrx_word' id='word_1_208' title='bbox 634 3212 719 3275; x_wconf 88' lang='lat' dir='ltr'><strong>quae</strong></span> <span class='ocrx_word' id='word_1_209' title='bbox 747 3200 869 3274; x_wconf 90' lang='lat' dir='ltr'><strong>quanta</strong></span> <span class='ocrx_word' id='word_1_210' title='bbox 894 3215 965 3256; x_wconf 89' lang='lat' dir='ltr'><strong>esse</strong></span> <span class='ocrx_word' id='word_1_211' title='bbox 983 3192 1150 3278; x_wconf 89' lang='lat' dir='ltr'><strong>potuerit,</strong></span> <span class='ocrx_word' id='word_1_212' title='bbox 1172 3211 1215 3253; x_wconf 85' lang='lat' dir='ltr'><strong>ex</strong></span> <span class='ocrx_word' id='word_1_213' title='bbox 1237 3194 1283 3254; x_wconf 76' lang='lat' dir='ltr'><strong>tit.</strong></span> <span class='ocrx_word' id='word_1_214' title='bbox 1298 3193 1339 3254; x_wconf 83' lang='lat' dir='ltr'><strong>dc</strong></span> <span class='ocrx_word' id='word_1_215' title='bbox 1363 3192 1462 3274; x_wconf 67' lang='lat' dir='ltr'><strong>offecti</strong></span> 
     </span>
    </p>
   </div>
   <div class='ocr_carea' id='block_1_4' title="bbox 212 3387 1466 4139">
    <p class='ocr_par' dir='ltr' id='par_1_5' title="bbox 212 3387 1464 3714">
     <span class='ocr_line' id='line_1_24' title="bbox 213 3387 1460 3458; baseline -0.003 -15"><span class='ocrx_word' id='word_1_216' title='bbox 213 3390 355 3454; x_wconf 87' lang='lat' dir='ltr'><strong>Claudius,</strong></span> <span class='ocrx_word' id='word_1_217' title='bbox 366 3405 435 3458; x_wconf 85' lang='lat' dir='ltr'><strong>quas</strong></span> <span class='ocrx_word' id='word_1_218' title='bbox 446 3388 545 3442; x_wconf 89' lang='lat' dir='ltr'><strong>deinde</strong></span> <span class='ocrx_word' id='word_1_219' title='bbox 554 3388 667 3442; x_wconf 84' lang='lat' dir='ltr'><strong>Senatui</strong></span> <span class='ocrx_word' id='word_1_220' title='bbox 679 3388 731 3440; x_wconf 92' lang='lat' dir='ltr'><strong>snb</strong></span> <span class='ocrx_word' id='word_1_221' title='bbox 739 3387 848 3455; x_wconf 90' lang='lat' dir='ltr'><strong>imperii</strong></span> <span class='ocrx_word' id='word_1_222' title='bbox 855 3389 933 3443; x_wconf 90' lang='lat' dir='ltr'><strong>initio</strong></span> <span class='ocrx_word' id='word_1_223' title='bbox 942 3389 1060 3444; x_wconf 86' lang='lat' dir='ltr'><strong>restituit</strong></span> <span class='ocrx_word' id='word_1_224' title='bbox 1068 3389 1157 3443; x_wconf 84' lang='lat' dir='ltr'><strong>Nero:</strong></span> <span class='ocrx_word' id='word_1_225' title='bbox 1167 3387 1253 3442; x_wconf 83' lang='lat' dir='ltr'><strong>Tacit.</strong></span> <span class='ocrx_word' id='word_1_226' title='bbox 1263 3391 1336 3443; x_wconf 79' lang='lat' dir='ltr'><strong>Ana.</strong></span> <span class='ocrx_word' id='word_1_227' title='bbox 1347 3387 1430 3442; x_wconf 80' lang='lat' dir='ltr'><strong>xm.</strong></span> <span class='ocrx_word' id='word_1_228' title='bbox 1438 3391 1460 3440; x_wconf 83' lang='lat' dir='ltr'><strong>t.</strong></span> 
     </span>
     <span class='ocr_line' id='line_1_25' title="bbox 214 3471 1461 3541; baseline -0.002 -12"><span class='ocrx_word' id='word_1_229' title='bbox 214 3475 273 3530; x_wconf 86' lang='lat' dir='ltr'><strong>Sub</strong></span> <span class='ocrx_word' id='word_1_230' title='bbox 287 3475 407 3541; x_wconf 82' lang='lat' dir='ltr'><strong>Trajauo</strong></span> <span class='ocrx_word' id='word_1_231' title='bbox 424 3473 506 3526; x_wconf 84' lang='lat' dir='ltr'><strong>etiam</strong></span> <span class='ocrx_word' id='word_1_232' title='bbox 518 3471 647 3540; x_wconf 81' lang='lat' dir='ltr'><strong>Bithynia</strong></span> <span class='ocrx_word' id='word_1_233' title='bbox 658 3489 721 3526; x_wconf 86' lang='lat' dir='ltr'><strong>cunr</strong></span> <span class='ocrx_word' id='word_1_234' title='bbox 737 3475 799 3528; x_wconf 86' lang='lat' dir='ltr'><strong>aliis</strong></span> <span class='ocrx_word' id='word_1_235' title='bbox 816 3475 947 3527; x_wconf 76' lang='lat' dir='ltr'><strong>asenath</strong></span> <span class='ocrx_word' id='word_1_236' title='bbox 965 3475 1001 3527; x_wconf 88' lang='lat' dir='ltr'><strong>ad</strong></span> <span class='ocrx_word' id='word_1_237' title='bbox 1012 3475 1192 3541; x_wconf 80' lang='lat' dir='ltr'><strong>Imperatores</strong></span> <span class='ocrx_word' id='word_1_238' title='bbox 1210 3478 1341 3528; x_wconf 82' lang='lat' dir='ltr'><strong>translata</strong></span> <span class='ocrx_word' id='word_1_239' title='bbox 1359 3481 1410 3530; x_wconf 87' lang='lat' dir='ltr'><strong>est:</strong></span> <span class='ocrx_word' id='word_1_240' title='bbox 1430 3473 1461 3526; x_wconf 77' lang='lat' dir='ltr'><strong>u</strong></span> 
     </span>
     <span class='ocr_line' id='line_1_26' title="bbox 212 3557 1464 3630; baseline -0.002 -16"><span class='ocrx_word' id='word_1_241' title='bbox 212 3559 305 3614; x_wconf 86' lang='lat' dir='ltr'><strong>Noris.</strong></span> <span class='ocrx_word' id='word_1_242' title='bbox 326 3559 468 3630; x_wconf 65' lang='lat' dir='ltr'><strong>&amp;mapa</strong></span> <span class='ocrx_word' id='word_1_243' title='bbox 486 3561 581 3612; x_wconf 74' lang='lat' dir='ltr'><strong>Pisas.</strong></span> <span class='ocrx_word' id='word_1_244' title='bbox 594 3577 626 3628; x_wconf 84' lang='lat' dir='ltr'><strong>p.</strong></span> <span class='ocrx_word' id='word_1_245' title='bbox 641 3562 701 3612; x_wconf 77' lang='lat'><strong>2⁰7.</strong></span> <span class='ocrx_word' id='word_1_246' title='bbox 719 3562 864 3612; x_wconf 87' lang='lat' dir='ltr'><strong>Postremo</strong></span> <span class='ocrx_word' id='word_1_247' title='bbox 884 3575 979 3614; x_wconf 89' lang='lat' dir='ltr'><strong>omnes</strong></span> <span class='ocrx_word' id='word_1_248' title='bbox 992 3557 1194 3626; x_wconf 26' lang='lat' dir='ltr'><strong>provincias-ad</strong></span> <span class='ocrx_word' id='word_1_249' title='bbox 1211 3575 1242 3610; x_wconf 86' lang='lat' dir='ltr'><strong>se</strong></span> <span class='ocrx_word' id='word_1_250' title='bbox 1259 3577 1377 3627; x_wconf 87' lang='lat' dir='ltr'><strong>rapuere</strong></span> <span class='ocrx_word' id='word_1_251' title='bbox 1389 3559 1464 3612; x_wconf 79' lang='lat' dir='ltr'><strong>Priu-</strong></span> 
     </span>
     <span class='ocr_line' id='line_1_27' title="bbox 213 3642 1334 3714; baseline 0.004 -18"><span class='ocrx_word' id='word_1_252' title='bbox 213 3644 298 3714; x_wconf 84' lang='lat' dir='ltr'><strong>cipes,</strong></span> <span class='ocrx_word' id='word_1_253' title='bbox 314 3644 437 3712; x_wconf 87' lang='lat' dir='ltr'><strong>nihilque</strong></span> <span class='ocrx_word' id='word_1_254' title='bbox 455 3643 568 3696; x_wconf 87' lang='lat' dir='ltr'><strong>Senatui</strong></span> <span class='ocrx_word' id='word_1_255' title='bbox 585 3642 721 3713; x_wconf 88' lang='lat' dir='ltr'><strong>reliquum</strong></span> <span class='ocrx_word' id='word_1_256' title='bbox 738 3644 791 3696; x_wconf 83' lang='lat' dir='ltr'><strong>fuit</strong></span> <span class='ocrx_word' id='word_1_257' title='bbox 807 3644 910 3698; x_wconf 85' lang='lat' dir='ltr'><strong>ultimis</strong></span> <span class='ocrx_word' id='word_1_258' title='bbox 928 3646 1035 3714; x_wconf 87' lang='lat' dir='ltr'><strong>imperii</strong></span> <span class='ocrx_word' id='word_1_259' title='bbox 1052 3646 1229 3711; x_wconf 86' lang='lat' dir='ltr'><strong>temporibus.</strong></span> <span class='ocrx_word' id='word_1_260' title='bbox 1254 3645 1334 3700; x_wconf 75' lang='lat' dir='ltr'><strong>Heia.</strong></span> 
     </span>
    </p>

    <p class='ocr_par' dir='ltr' id='par_1_6' title="bbox 215 3729 1466 4139">
     <span class='ocr_line' id='line_1_28' title="bbox 285 3729 1464 3800; baseline 0 -18"><span class='ocrx_word' id='word_1_261' title='bbox 285 3731 319 3799; x_wconf 89' lang='lat' dir='ltr'><strong>u)</strong></span> <span class='ocrx_word' id='word_1_262' title='bbox 339 3729 414 3782; x_wconf 84' lang='lat' dir='ltr'><strong>Hinc</strong></span> <span class='ocrx_word' id='word_1_263' title='bbox 431 3729 593 3794; x_wconf 84' lang='lat' dir='ltr'><strong>exponenda</strong></span> <span class='ocrx_word' id='word_1_264' title='bbox 607 3729 715 3781; x_wconf 80' lang='lat' dir='ltr'><strong>videtur</strong></span> <span class='ocrx_word' id='word_1_265' title='bbox 732 3731 766 3782; x_wconf 89' lang='lat' dir='ltr'><strong>L.</strong></span> <span class='ocrx_word' id='word_1_266' title='bbox 787 3735 829 3783; x_wconf 89' lang='lat'><strong>10.</strong></span> <span class='ocrx_word' id='word_1_267' title='bbox 841 3731 877 3783; x_wconf 88' lang='lat' dir='ltr'><strong>D.</strong></span> <span class='ocrx_word' id='word_1_268' title='bbox 896 3731 928 3782; x_wconf 84' lang='lat' dir='ltr'><strong>de</strong></span> <span class='ocrx_word' id='word_1_269' title='bbox 942 3731 1044 3782; x_wconf 81' lang='lat' dir='ltr'><strong>Jun&#39;sd.</strong></span> <span class='ocrx_word' id='word_1_270' title='bbox 1062 3737 1090 3782; x_wconf 90' lang='lat' dir='ltr'><strong>et</strong></span> <span class='ocrx_word' id='word_1_271' title='bbox 1100 3731 1133 3782; x_wconf 85' lang='lat' dir='ltr'><strong>L.</strong></span> <span class='ocrx_word' id='word_1_272' title='bbox 1153 3735 1193 3782; x_wconf 81' lang='lat'><strong>16.</strong></span> <span class='ocrx_word' id='word_1_273' title='bbox 1208 3731 1244 3783; x_wconf 88' lang='lat' dir='ltr'><strong>D.</strong></span> <span class='ocrx_word' id='word_1_274' title='bbox 1263 3729 1295 3782; x_wconf 77' lang='lat' dir='ltr'><strong>de</strong></span> <span class='ocrx_word' id='word_1_275' title='bbox 1309 3729 1368 3800; x_wconf 85' lang='lat' dir='ltr'><strong>Off.</strong></span> <span class='ocrx_word' id='word_1_276' title='bbox 1383 3733 1464 3782; x_wconf 78' lang='lat' dir='ltr'><strong>Pm-</strong></span> 
     </span>
     <span class='ocr_line' id='line_1_29' title="bbox 215 3813 1466 3886; baseline 0.001 -16"><span class='ocrx_word' id='word_1_277' title='bbox 215 3819 265 3870; x_wconf 83' lang='lat' dir='ltr'><strong>sid.</strong></span> <span class='ocrx_word' id='word_1_278' title='bbox 283 3823 311 3868; x_wconf 87' lang='lat' dir='ltr'><strong>et</strong></span> <span class='ocrx_word' id='word_1_279' title='bbox 328 3815 393 3868; x_wconf 88' lang='lat' dir='ltr'><strong>inde</strong></span> <span class='ocrx_word' id='word_1_280' title='bbox 410 3813 572 3879; x_wconf 85' lang='lat' dir='ltr'><strong>interpretor</strong></span> <span class='ocrx_word' id='word_1_281' title='bbox 589 3815 622 3867; x_wconf 89' lang='lat' dir='ltr'><strong>L.</strong></span> <span class='ocrx_word' id='word_1_282' title='bbox 647 3818 674 3866; x_wconf 86' lang='lat'><strong>6.</strong></span> <span class='ocrx_word' id='word_1_283' title='bbox 693 3816 729 3869; x_wconf 89' lang='lat' dir='ltr'><strong>D.</strong></span> <span class='ocrx_word' id='word_1_284' title='bbox 747 3817 780 3867; x_wconf 85' lang='lat' dir='ltr'><strong>de</strong></span> <span class='ocrx_word' id='word_1_285' title='bbox 797 3816 884 3870; x_wconf 74' lang='lat' dir='ltr'><strong>Pecs.</strong></span> <span class='ocrx_word' id='word_1_286' title='bbox 901 3817 923 3884; x_wconf 59' lang='grc' dir='ltr'><strong>ᾖ.</strong></span> <span class='ocrx_word' id='word_1_287' title='bbox 943 3821 966 3868; x_wconf 87' lang='lat' dir='ltr'><strong>l.</strong></span> <span class='ocrx_word' id='word_1_288' title='bbox 986 3816 1018 3870; x_wconf 73' lang='lat' dir='ltr'><strong>si</strong></span> <span class='ocrx_word' id='word_1_289' title='bbox 1033 3833 1098 3886; x_wconf 79' lang='lat' dir='ltr'><strong>quos</strong></span> <span class='ocrx_word' id='word_1_290' title='bbox 1120 3817 1243 3867; x_wconf 80' lang='lat' dir='ltr'><strong>comitum</strong></span> <span class='ocrx_word' id='word_1_291' title='bbox 1266 3817 1310 3867; x_wconf 78' lang='lat' dir='ltr'><strong>vel</strong></span> <span class='ocrx_word' id='word_1_292' title='bbox 1329 3818 1412 3886; x_wconf 70' lang='lat' dir='ltr'><strong>legati</strong></span> <span class='ocrx_word' id='word_1_293' title='bbox 1429 3815 1466 3870; x_wconf 73' lang='lat' dir='ltr'><strong>ni</strong></span> 
     </span>
     <span class='ocr_line' id='line_1_30' title="bbox 216 3899 1465 3968; baseline -0.004 -12"><span class='ocrx_word' id='word_1_294' title='bbox 216 3921 277 3956; x_wconf 79' lang='lat' dir='ltr'><strong>reos</strong></span> <span class='ocrx_word' id='word_1_295' title='bbox 295 3899 450 3956; x_wconf 77' lang='lat' dir='ltr'><strong>Procoasal</strong></span> <span class='ocrx_word' id='word_1_296' title='bbox 465 3900 601 3952; x_wconf 64' lang='lat' dir='ltr'><strong>essem.</strong></span> <span class='ocrx_word' id='word_1_297' title='bbox 619 3899 729 3965; x_wconf 83' lang='lat' dir='ltr'><strong>Nescio,</strong></span> <span class='ocrx_word' id='word_1_298' title='bbox 748 3917 819 3968; x_wconf 85' lang='lat' dir='ltr'><strong>quae</strong></span> <span class='ocrx_word' id='word_1_299' title='bbox 836 3915 936 3954; x_wconf 81' lang='lat' dir='ltr'><strong>caussa</strong></span> <span class='ocrx_word' id='word_1_300' title='bbox 952 3900 1099 3954; x_wconf 82' lang='lat' dir='ltr'><strong>adduxerit</strong></span> <span class='ocrx_word' id='word_1_301' title='bbox 1115 3900 1272 3966; x_wconf 87' lang='lat' dir='ltr'><strong>Scipionem</strong></span> <span class='ocrx_word' id='word_1_302' title='bbox 1283 3901 1421 3954; x_wconf 85' lang='lat' dir='ltr'><strong>Gentilem</strong></span> <span class='ocrx_word' id='word_1_303' title='bbox 1438 3901 1465 3951; x_wconf 79' lang='lat' dir='ltr'><strong>de</strong></span> 
     </span>
     <span class='ocr_line' id='line_1_31' title="bbox 216 3982 1465 4052; baseline -0.002 -11"><span class='ocrx_word' id='word_1_304' title='bbox 216 3987 407 4041; x_wconf 79' lang='lat' dir='ltr'><strong>Jurisdicticac</strong></span> <span class='ocrx_word' id='word_1_305' title='bbox 424 3982 484 4037; x_wconf 85' lang='lat' dir='ltr'><strong>Lib.</strong></span> <span class='ocrx_word' id='word_1_306' title='bbox 502 3985 543 4038; x_wconf 83' lang='lat'><strong>11.</strong></span> <span class='ocrx_word' id='word_1_307' title='bbox 558 4004 580 4038; x_wconf 89' lang='lat' dir='ltr'><strong>c.</strong></span> <span class='ocrx_word' id='word_1_308' title='bbox 600 3989 649 4050; x_wconf 68' lang='lat'><strong>10,</strong></span> <span class='ocrx_word' id='word_1_309' title='bbox 665 3993 697 4040; x_wconf 89' lang='lat' dir='ltr'><strong>ut</strong></span> <span class='ocrx_word' id='word_1_310' title='bbox 710 3988 817 4040; x_wconf 73' lang='lat' dir='ltr'><strong>cossim</strong></span> <span class='ocrx_word' id='word_1_311' title='bbox 834 3987 878 4040; x_wconf 89' lang='lat' dir='ltr'><strong>hic</strong></span> <span class='ocrx_word' id='word_1_312' title='bbox 889 4001 941 4052; x_wconf 83' lang='lat' dir='ltr'><strong>pro</strong></span> <span class='ocrx_word' id='word_1_313' title='bbox 955 3985 1144 4038; x_wconf 84' lang='lat' dir='ltr'><strong>adsessoribus</strong></span> <span class='ocrx_word' id='word_1_314' title='bbox 1154 3992 1181 4038; x_wconf 89' lang='lat' dir='ltr'><strong>et</strong></span> <span class='ocrx_word' id='word_1_315' title='bbox 1191 3984 1269 4038; x_wconf 73' lang='lat' dir='ltr'><strong>sctis</strong></span> <span class='ocrx_word' id='word_1_316' title='bbox 1281 3988 1326 4038; x_wconf 83' lang='lat' dir='ltr'><strong>vel</strong></span> <span class='ocrx_word' id='word_1_317' title='bbox 1337 3984 1465 4040; x_wconf 85' lang='lat' dir='ltr'><strong>studiosis</strong></span> 
     </span>
     <span class='ocr_line' id='line_1_32' title="bbox 217 4070 1465 4139; baseline 0 -15"><span class='ocrx_word' id='word_1_318' title='bbox 217 4072 361 4138; x_wconf 85' lang='lat' dir='ltr'><strong>acceperit.</strong></span> <span class='ocrx_word' id='word_1_319' title='bbox 380 4070 529 4122; x_wconf 86' lang='lat' dir='ltr'><strong>Emendat:</strong></span> <span class='ocrx_word' id='word_1_320' title='bbox 545 4070 577 4123; x_wconf 73' lang='lat' dir='ltr'><strong>si</strong></span> <span class='ocrx_word' id='word_1_321' title='bbox 592 4088 657 4139; x_wconf 82' lang='lat' dir='ltr'><strong>quos</strong></span> <span class='ocrx_word' id='word_1_322' title='bbox 675 4072 797 4124; x_wconf 79' lang='lat' dir='ltr'><strong>comitum</strong></span> <span class='ocrx_word' id='word_1_323' title='bbox 813 4089 921 4124; x_wconf 74' lang='lat' dir='ltr'><strong>moram</strong></span> <span class='ocrx_word' id='word_1_324' title='bbox 938 4071 982 4123; x_wconf 80' lang='lat' dir='ltr'><strong>vel</strong></span> <span class='ocrx_word' id='word_1_325' title='bbox 997 4071 1078 4139; x_wconf 69' lang='lat' dir='ltr'><strong>lopati</strong></span> <span class='ocrx_word' id='word_1_326' title='bbox 1094 4078 1154 4134; x_wconf 78' lang='lat' dir='ltr'><strong>etc,</strong></span> <span class='ocrx_word' id='word_1_327' title='bbox 1171 4071 1246 4139; x_wconf 89' lang='lat' dir='ltr'><strong>quod</strong></span> <span class='ocrx_word' id='word_1_328' title='bbox 1264 4071 1363 4136; x_wconf 87' lang='lat' dir='ltr'><strong>probat</strong></span> <span class='ocrx_word' id='word_1_329' title='bbox 1375 4073 1465 4124; x_wconf 89' lang='lat' dir='ltr'><strong>Schul-</strong></span> 
     </span>
    </p>
   </div>
   <div class='ocr_carea' id='block_1_5' title="bbox 107 4155 1465 4226">
    <p class='ocr_par' dir='ltr' id='par_1_7' title="bbox 107 4155 1465 4226">
     <span class='ocr_line' id='line_1_33' title="bbox 107 4155 1465 4226; baseline -0.003 -14"><span class='ocrx_word' id='word_1_330' title='bbox 107 4155 112 4166; x_wconf 86' lang='lat'>&#39;</span> <span class='ocrx_word' id='word_1_331' title='bbox 218 4157 320 4224; x_wconf 68' lang='lat' dir='ltr'><strong>angius</strong></span> <span class='ocrx_word' id='word_1_332' title='bbox 337 4156 367 4208; x_wconf 94' lang='lat' dir='ltr'><strong>in</strong></span> <span class='ocrx_word' id='word_1_333' title='bbox 390 4155 466 4208; x_wconf 83' lang='lat' dir='ltr'><strong>Diss.</strong></span> <span class='ocrx_word' id='word_1_334' title='bbox 484 4155 516 4208; x_wconf 80' lang='lat' dir='ltr'><strong>dc</strong></span> <span class='ocrx_word' id='word_1_335' title='bbox 537 4157 702 4210; x_wconf 65' lang='lat' dir='ltr'><strong>romaum</strong></span> <span class='ocrx_word' id='word_1_336' title='bbox 710 4158 813 4226; x_wconf 70' lang='lat' dir='ltr'><strong>judicis</strong></span> <span class='ocrx_word' id='word_1_337' title='bbox 828 4175 857 4226; x_wconf 90' lang='lat' dir='ltr'><strong>p.</strong></span> <span class='ocrx_word' id='word_1_338' title='bbox 877 4161 921 4211; x_wconf 76' lang='lat'><strong>49.</strong></span> <span class='ocrx_word' id='word_1_339' title='bbox 940 4155 1031 4210; x_wconf 86' lang='lat' dir='ltr'><strong>Miror</strong></span> <span class='ocrx_word' id='word_1_340' title='bbox 1053 4163 1081 4208; x_wconf 87' lang='lat' dir='ltr'><strong>et</strong></span> <span class='ocrx_word' id='word_1_341' title='bbox 1098 4172 1226 4223; x_wconf 83' lang='lat' dir='ltr'><strong>maguum</strong></span> <span class='ocrx_word' id='word_1_342' title='bbox 1244 4155 1390 4222; x_wconf 85' lang='lat' dir='ltr'><strong>Cujacium</strong></span> <span class='ocrx_word' id='word_1_343' title='bbox 1413 4155 1465 4208; x_wconf 71' lang='lat' dir='ltr'><strong>ab.</strong></span> 
     </span>
    </p>
   </div>
   <div class='ocr_carea' id='block_1_6' title="bbox 214 4239 1467 4478">
    <p class='ocr_par' dir='ltr' id='par_1_8' title="bbox 214 4239 1467 4478">
     <span class='ocr_line' id='line_1_34' title="bbox 225 4239 1466 4309; baseline -0.003 -13"><span class='ocrx_word' id='word_1_344' title='bbox 225 4243 287 4296; x_wconf 87' lang='lat' dir='ltr'><strong>VII.</strong></span> <span class='ocrx_word' id='word_1_345' title='bbox 309 4240 383 4294; x_wconf 71' lang='lat' dir='ltr'><strong>otu.</strong></span> <span class='ocrx_word' id='word_1_346' title='bbox 397 4259 421 4296; x_wconf 84' lang='lat' dir='ltr'><strong>e.</strong></span> <span class='ocrx_word' id='word_1_347' title='bbox 437 4245 480 4294; x_wconf 74' lang='lat'><strong>22</strong></span> <span class='ocrx_word' id='word_1_348' title='bbox 498 4239 621 4294; x_wconf 88' lang='lat' dir='ltr'><strong>inlibris</strong></span> <span class='ocrx_word' id='word_1_349' title='bbox 638 4243 740 4294; x_wconf 86' lang='lat' dir='ltr'><strong>nostris</strong></span> <span class='ocrx_word' id='word_1_350' title='bbox 759 4257 866 4309; x_wconf 87' lang='lat' dir='ltr'><strong>semper</strong></span> <span class='ocrx_word' id='word_1_351' title='bbox 883 4244 989 4294; x_wconf 77' lang='lat' dir='ltr'><strong>comites</strong></span> <span class='ocrx_word' id='word_1_352' title='bbox 1005 4257 1056 4308; x_wconf 88' lang='lat' dir='ltr'><strong>pro</strong></span> <span class='ocrx_word' id='word_1_353' title='bbox 1073 4239 1250 4294; x_wconf 49' lang='lat' dir='ltr'><strong>&amp;ascribas</strong></span> <span class='ocrx_word' id='word_1_354' title='bbox 1267 4242 1341 4294; x_wconf 86' lang='lat' dir='ltr'><strong>sumi</strong></span> <span class='ocrx_word' id='word_1_355' title='bbox 1352 4241 1466 4294; x_wconf 83' lang='lat' dir='ltr'><strong>dixisse:</strong></span> 
     </span>
     <span class='ocr_line' id='line_1_35' title="bbox 217 4324 1467 4396; baseline -0.004 -16"><span class='ocrx_word' id='word_1_356' title='bbox 217 4334 312 4380; x_wconf 73' lang='lat' dir='ltr'><strong>denua</strong></span> <span class='ocrx_word' id='word_1_357' title='bbox 329 4332 405 4394; x_wconf 82' lang='lat' dir='ltr'><strong>patet</strong></span> <span class='ocrx_word' id='word_1_358' title='bbox 421 4342 457 4378; x_wconf 82' lang='lat' dir='ltr'><strong>ex</strong></span> <span class='ocrx_word' id='word_1_359' title='bbox 473 4327 507 4378; x_wconf 83' lang='lat' dir='ltr'><strong>L.</strong></span> <span class='ocrx_word' id='word_1_360' title='bbox 523 4331 551 4380; x_wconf 72' lang='lat' dir='ltr'><strong>b.</strong></span> <span class='ocrx_word' id='word_1_361' title='bbox 567 4326 605 4378; x_wconf 96' lang='lat' dir='ltr'><strong>D.</strong></span> <span class='ocrx_word' id='word_1_362' title='bbox 621 4327 654 4378; x_wconf 82' lang='lat' dir='ltr'><strong>de</strong></span> <span class='ocrx_word' id='word_1_363' title='bbox 670 4329 704 4380; x_wconf 88' lang='lat' dir='ltr'><strong>L.</strong></span> <span class='ocrx_word' id='word_1_364' title='bbox 721 4326 780 4381; x_wconf 80' lang='lat' dir='ltr'><strong>Jut.</strong></span> <span class='ocrx_word' id='word_1_365' title='bbox 797 4328 934 4396; x_wconf 75' lang='lat' dir='ltr'><strong>repetund.</strong></span> <span class='ocrx_word' id='word_1_366' title='bbox 951 4328 985 4380; x_wconf 82' lang='lat' dir='ltr'><strong>L.</strong></span> <span class='ocrx_word' id='word_1_367' title='bbox 1002 4331 1028 4379; x_wconf 80' lang='lat'><strong>⁷·</strong></span> <span class='ocrx_word' id='word_1_368' title='bbox 1046 4327 1075 4380; x_wconf 79' lang='lat' dir='ltr'><strong>its</strong></span> <span class='ocrx_word' id='word_1_369' title='bbox 1082 4329 1136 4395; x_wconf 77' lang='lat' dir='ltr'><strong>fist.</strong></span> <span class='ocrx_word' id='word_1_370' title='bbox 1154 4327 1190 4380; x_wconf 89' lang='lat' dir='ltr'><strong>D.</strong></span> <span class='ocrx_word' id='word_1_371' title='bbox 1207 4327 1245 4380; x_wconf 79' lang='lat' dir='ltr'><strong>ad</strong></span> <span class='ocrx_word' id='word_1_372' title='bbox 1261 4327 1293 4378; x_wconf 86' lang='lat' dir='ltr'><strong>L.</strong></span> <span class='ocrx_word' id='word_1_373' title='bbox 1310 4324 1370 4378; x_wconf 78' lang='lat' dir='ltr'><strong>Jct</strong></span> <span class='ocrx_word' id='word_1_374' title='bbox 1388 4327 1420 4378; x_wconf 84' lang='lat' dir='ltr'><strong>de</strong></span> <span class='ocrx_word' id='word_1_375' title='bbox 1442 4324 1467 4376; x_wconf 76' lang='lat' dir='ltr'><strong>li</strong></span> 
     </span>
     <span class='ocr_line' id='line_1_36' title="bbox 214 4407 1466 4478; baseline -0.002 -15"><span class='ocrx_word' id='word_1_376' title='bbox 214 4410 289 4478; x_wconf 76' lang='lat' dir='ltr'><strong>pult.</strong></span> <span class='ocrx_word' id='word_1_377' title='bbox 305 4414 338 4464; x_wconf 91' lang='lat' dir='ltr'><strong>L.</strong></span> <span class='ocrx_word' id='word_1_378' title='bbox 355 4418 398 4465; x_wconf 81' lang='lat'><strong>41.</strong></span> <span class='ocrx_word' id='word_1_379' title='bbox 416 4412 452 4464; x_wconf 89' lang='lat' dir='ltr'><strong>D.</strong></span> <span class='ocrx_word' id='word_1_380' title='bbox 470 4413 502 4463; x_wconf 78' lang='lat' dir='ltr'><strong>de</strong></span> <span class='ocrx_word' id='word_1_381' title='bbox 519 4411 644 4464; x_wconf 71' lang='lat' dir='ltr'><strong>Remeat.</strong></span> <span class='ocrx_word' id='word_1_382' title='bbox 661 4420 708 4466; x_wconf 83' lang='lat' dir='ltr'><strong>tut.</strong></span> <span class='ocrx_word' id='word_1_383' title='bbox 725 4427 821 4465; x_wconf 86' lang='lat' dir='ltr'><strong>omnes</strong></span> <span class='ocrx_word' id='word_1_384' title='bbox 840 4415 1024 4469; x_wconf 85' lang='lat' dir='ltr'><strong>Proconsules</strong></span> <span class='ocrx_word' id='word_1_385' title='bbox 1042 4419 1070 4465; x_wconf 88' lang='lat' dir='ltr'><strong>et</strong></span> <span class='ocrx_word' id='word_1_386' title='bbox 1081 4411 1224 4466; x_wconf 85' lang='lat' dir='ltr'><strong>Praesides</strong></span> <span class='ocrx_word' id='word_1_387' title='bbox 1241 4409 1371 4464; x_wconf 83' lang='lat' dir='ltr'><strong>babuisse</strong></span> <span class='ocrx_word' id='word_1_388' title='bbox 1389 4407 1466 4462; x_wconf 84' lang='lat' dir='ltr'><strong>corni-</strong></span> 
     </span>
    </p>
   </div>
   <div class='ocr_carea' id='block_1_7' title="bbox 218 4494 1466 4648">
    <p class='ocr_par' dir='ltr' id='par_1_9' title="bbox 218 4494 1466 4648">
     <span class='ocr_line' id='line_1_37' title="bbox 218 4494 1466 4566; baseline -0.001 -21"><span class='ocrx_word' id='word_1_389' title='bbox 218 4501 259 4546; x_wconf 86' lang='lat' dir='ltr'><strong>tea</strong></span> <span class='ocrx_word' id='word_1_390' title='bbox 273 4499 373 4562; x_wconf 86' lang='lat' dir='ltr'><strong>plures,</strong></span> <span class='ocrx_word' id='word_1_391' title='bbox 391 4513 509 4566; x_wconf 90' lang='lat' dir='ltr'><strong>quorum</strong></span> <span class='ocrx_word' id='word_1_392' title='bbox 527 4494 677 4550; x_wconf 87' lang='lat' dir='ltr'><strong>ministerio</strong></span> <span class='ocrx_word' id='word_1_393' title='bbox 688 4497 715 4550; x_wconf 91' lang='lat' dir='ltr'><strong>in</strong></span> <span class='ocrx_word' id='word_1_394' title='bbox 727 4498 942 4552; x_wconf 66' lang='lat' dir='ltr'><strong>administranda</strong></span> <span class='ocrx_word' id='word_1_395' title='bbox 953 4497 1095 4564; x_wconf 86' lang='lat' dir='ltr'><strong>provincia</strong></span> <span class='ocrx_word' id='word_1_396' title='bbox 1109 4498 1267 4552; x_wconf 79' lang='lat' dir='ltr'><strong>utebantur:</strong></span> <span class='ocrx_word' id='word_1_397' title='bbox 1286 4495 1343 4548; x_wconf 79' lang='lat' dir='ltr'><strong>vid.</strong></span> <span class='ocrx_word' id='word_1_398' title='bbox 1355 4499 1466 4552; x_wconf 77' lang='lat' dir='ltr'><strong>Aversu.</strong></span> 
     </span>
     <span class='ocr_line' id='line_1_38' title="bbox 219 4579 613 4648; baseline 0.018 -18"><span class='ocrx_word' id='word_1_399' title='bbox 219 4579 341 4648; x_wconf 58' lang='lat' dir='ltr'><strong>mep.</strong></span> <span class='ocrx_word' id='word_1_400' title='bbox 358 4584 391 4636; x_wconf 83' lang='lat'><strong>1.</strong></span> <span class='ocrx_word' id='word_1_401' title='bbox 408 4583 467 4636; x_wconf 83' lang='lat'><strong>111.</strong></span> <span class='ocrx_word' id='word_1_402' title='bbox 484 4589 507 4636; x_wconf 91' lang='lat' dir='ltr'><strong>l.</strong></span> <span class='ocrx_word' id='word_1_403' title='bbox 530 4583 613 4636; x_wconf 75' lang='lat' dir='ltr'><strong>Gran.</strong></span> 
     </span>
    </p>
   </div>
   <div class='ocr_carea' id='block_1_8' title="bbox 0 0 1555 5164">
    <p class='ocr_par' dir='ltr' id='par_1_10' title="bbox 0 0 1555 5164">
     <span class='ocr_line' id='line_1_39' title="bbox 0 0 1555 5164; baseline 0 0"><span class='ocrx_word' id='word_1_404' title='bbox 0 0 1555 5164; x_wconf 95' lang='lat' dir='ltr'><strong> </strong></span> 
     </span>
    </p>
   </div>
  </div>
 </body>
</html>
