3056 5168
205 413 278 480 726
650 404 726 473 Lm
750 404 810 473 lv.
835 403 915 474 Tm.
941 403 1016 473 XV.

206 591 308 647 retur.
328 581 384 644 Sic
399 579 555 644 derebus
576 579 674 646 saeris
690 581 845 646 edicebat
858 583 1014 646 Praetore
1035 597 1073 646 m
1091 597 1179 645 Loco
1194 595 1306 645 mono
1324 595 1459 660 anesus,

206 706 285 753 mss
307 705 379 752 nun
400 707 592 754 rumorosus
609 706 693 765 Quin
715 707 819 752 varo:
834 689 872 751 L.
886 688 916 750 1.
931 690 973 750 Ι).
991 689 1044 751 Nc
1060 689 1138 771 qaid
1154 692 1187 750 iu
1202 690 1269 750 toro
1284 709 1380 750 cnoro
1390 693 1459 770 fior.

205 797 260 860 De
284 796 465 880 religiosis:
493 813 562 872 Quo
592 813 704 873 Quave
733 815 803 860 nm
830 812 1000 860 nonruuu
1029 813 1174 858 susanna
1196 811 1317 857 norro
1339 811 1385 856 rs
1406 811 1460 857 scs

206 920 280 984 ssu,
299 921 368 980 Quo
390 919 498 966 ninus
518 921 589 966 mm
616 923 659 968 uo
680 922 767 967 nava
789 920 960 968 nonruun
980 919 1143 982 suranna,
1165 919 1210 964 nr
1231 919 1278 964 nn
1300 917 1459 964 sensnum

206 1026 345 1092 nrcsnr,
368 1027 427 1073 vm
450 1028 540 1074 minu
561 1028 668 1074 varo:
690 1013 727 1073 L.
742 1011 772 1074 1.
790 1012 832 1072 D.
850 1011 889 1072 da
909 1009 1004 1071 Mort.
1024 1011 1177 1088 r‘nserend.
1206 1007 1340 1071 Eodem
1366 1009 1457 1072 modo

205 1117 348 1180 Praetor
366 1117 585 1182 interdixerat
607 1119 649 1182 de
671 1119 755 1183 locis
771 1128 804 1183 et
825 1116 998 1181 itineribus
1014 1115 1173 1201 publicis,
1196 1116 1239 1179 de
1261 1115 1458 1194 fluminibus,

206 1224 345 1309 deripis
367 1225 507 1310 aliisque
525 1226 686 1310 ejusmodi
708 1229 816 1310 rebus,
835 1226 878 1289 de
901 1226 1019 1312 quibus
1040 1224 1132 1309 ipsae
1149 1223 1315 1288 formulae
1332 1233 1460 1286 exstant

204 1333 239 1396 in
253 1334 348 1396 Libro
364 1334 484 1396 XLIII.
499 1335 711 1418 Digestorum.

791 1483 822 1565 §.
842 1482 874 1546 4.

536 1597 701 1668 Differentio
717 1600 788 1654 mter
804 1600 920 1652 aedom
937 1608 964 1650 et
979 1598 1128 1652 interdieta.

290 1679 446 1762 Ceterum
471 1700 514 1762 ab
536 1700 722 1766 actionibus
750 1700 927 1764 interdicta
953 1708 1028 1764 toto
1057 1699 1154 1762 coelo
1179 1698 1396 1765 differebant.
1425 1701 1459 1762 ln

208 1806 392 1872 actionibus
414 1827 480 1870 non
497 1808 636 1891 petebat
650 1817 744 1872 actor
764 1810 891 1886 statim,
913 1817 949 1871 ut
964 1809 1106 1871 Praetor
1120 1807 1314 1872 adversario
1339 1807 1459 1892 aliquid

206 1914 394 1998 imperaret,
412 1914 466 1977 vel
488 1915 691 1998 prohiberet,
707 1917 766 1980 sed
785 1917 898 2002 ajebat
921 1916 1016 1981 verbi
1031 1936 1153 1996 caussa,
1174 1936 1246 1978 rem
1268 1937 1344 1980 esse
1366 1937 1451 1994 suam,

206 2022 262 2085 vel
284 2021 346 2084 sibi
362 2022 442 2106 quid
458 2023 574 2088 deberi
590 2045 634 2086 ex
649 2029 761 2087 r'nutuo
784 2025 838 2089 vel
854 2024 921 2089 alia
936 2043 1059 2105 caussa,
1075 2023 1311 2109 judiciumque
1327 2045 1363 2088 ac
1373 2022 1455 2114 judi-

206 2149 277 2194 cem
304 2131 451 2214 petebat.
479 2129 528 2195 At
548 2133 583 2194 in
604 2117 788 2196 interdictis
808 2133 989 2218 rogabatur
1010 2133 1169 2214 Praetor,
1189 2138 1226 2196 ut
1247 2132 1460 2196 interdiceret

192 2263 195 2274 ·
200 2238 372 2324 jubendo,
389 2246 446 2302 aut
466 2239 630 2321 vetando,
650 2239 816 2322 formulis,
840 2239 954 2325 quales
972 2239 1079 2304 adhuc
1100 2239 1317 2316 adduximus:
1339 2241 1459 2304 Auton

207 2345 431 2430 Schultingius
447 2349 491 2410 ad
506 2349 608 2410 Pauli
617 2352 769 2412 Sententt.
784 2350 925 2430 Recoptt.
946 2348 982 2410 V.
997 2348 1028 2410 6.
1037 2347 1152 2432 μ453.
1172 2348 1294 2412 Jacob.
1312 2347 1460 2431 Gujacius

89 2487 92 2492 ,
212 2455 386 2517 Obseroott.
404 2454 440 2517 V.
454 2454 505 2516 17.
526 2454 726 2520 Actionibus
742 2456 910 2536 institutis,
925 2455 1121 2541 plerumque
1136 2455 1304 2520 dabantur
1316 2457 1458 2539 judices:

143 2625 149 2638 ,
209 2568 243 2624 at
264 2560 442 2624 interdicta
457 2561 528 2645 ipse
544 2562 781 2648 interponebat
795 2565 947 2646 Praetor,
962 2585 1025 2627 nec
1039 2565 1075 2629 in
1089 2565 1130 2627 iis
1145 2584 1227 2648 opus
1245 2570 1321 2626 erat
1332 2563 1456 2648 judice:

208 2666 282 2730 Car.
296 2666 453 2750 Sigonius
467 2671 487 2729 t.
503 2690 528 2730 c.

788 2788 818 2870 ς.
843 2789 873 2850 5.

387 2965 391 2969 Ι
449 2900 521 2953 Doto
539 2902 685 2964 interdicto,
703 2921 898 2976 nonnumquam
915 2902 1073 2974 sequebatur
1081 2901 1223 2974 judicium.

290 2999 382 3062 Dato
404 3008 513 3065 tamen
534 3003 732 3088 interdicto,
759 3027 797 3068 ac
818 3015 964 3090 negante
991 3005 1096 3069 altera
1123 3012 1236 3087 parte,
1264 3011 1361 3067 recte
1383 3004 1454 3066 illud

210 3114 323 3170 contra
338 3129 373 3170 se
396 3110 558 3194 petitum,
576 3113 736 3196 judicium
758 3123 829 3176 erat
846 3113 1006 3196 dandum,
1029 3122 1062 3176 et
1078 3111 1186 3197 judex
1209 3111 1265 3176 vel
1287 3132 1456 3194 recupera-

208 3222 297 3279 tores
314 3217 545 3300 constituendi,
562 3221 618 3304 qui
640 3220 702 3284 hac
718 3210 760 3284 de
779 3242 816 3284 re
839 3229 1090 3304 cognoscerent,
1106 3217 1309 3282 sententiam
1331 3219 1454 3294 ferrent,

207 3320 360 3408 litemve,
376 3325 403 3388 si
416 3325 463 3389 ita
478 3327 581 3391 ferret
596 3350 699 3411 casus,
714 3331 939 3394 aestimarent:
957 3327 1076 3391 Cicero
1093 3319 1181 3390 Orat.
1191 3347 1252 3408 pro
1267 3331 1310 3388 A.
1330 3328 1449 3388 creona

207 3451 233 3492 c.
254 3429 284 3492 2.
306 3435 340 3491 L.
362 3432 392 3496 1.
414 3436 442 3517 5.
462 3435 513 3497 41.
535 3438 576 3499 Ι).
595 3439 634 3500 de
652 3437 693 3499 Vi
707 3447 737 3500 et
756 3442 791 3499 vi
811 3447 925 3500 armat.
945 3438 983 3501 L.
1000 3435 1030 3500 3.
1052 3437 1081 3517 5.
1104 3436 1161 3497 ult.
1179 3435 1220 3496 Ι).
1243 3435 1304 3496 IItc'
1316 3437 1454 3516 possidet.

207 3537 246 3598 L.
262 3537 294 3600 3.
318 3539 347 3619 §.
363 3541 392 3602 1.
407 3543 448 3602 1).
463 3545 503 3605 do
517 3546 588 3606 Itin.
607 3553 638 3606 et
655 3555 728 3608 octo
741 3551 824 3627 priv.
845 3545 934 3608 Hinc
956 3545 1019 3609 isto
1042 3564 1118 3608 casu
1140 3542 1239 3605 etiam
1266 3541 1456 3625 sponsiones

165 3703 169 3710 .
208 3643 296 3708 inter
309 3654 419 3729 partes
435 3650 744 3734 interponebantur:
764 3669 796 3716 sr
816 3670 924 3718 neers
941 3667 1192 3716 rnrnnrosrrun
1207 3652 1458 3712 rnrsnmcruu?

210 3750 296 3815 sive:
318 3769 350 3817 sr
378 3773 552 3837 nnvnnsns
581 3759 733 3823 surorum
762 3777 949 3825 rmaroms
970 3775 1023 3823 vrs
1051 3775 1153 3824 assor
1180 3761 1312 3820 encra?
1340 3757 1459 3820 Exem·

209 3857 298 3942 plum
316 3870 365 3925 est
387 3865 474 3949 apud
491 3864 685 3930 Ciceronem
705 3867 738 3929 in
759 3870 847 3930 Orat.
863 3888 924 3950 pro
942 3870 983 3930 A.
1005 3866 1139 3930 Caecina
1153 3887 1178 3928 o.
1197 3864 1228 3927 8.
1245 3874 1280 3928 et
1300 3886 1327 3928 o.
1343 3864 1395 3927 17.
1415 3871 1460 3926 at-

211 3989 274 4052 que
291 3967 549 4048 Quinctilianum
565 3977 642 4036 Inst.
662 3975 786 4038 Orator.
807 3976 876 4037 VII.
889 3975 919 4036 5.

791 4149 820 4230 ς.
841 4149 872 4212 6.

413 4261 574 4347 Aconratior
590 4281 691 4326 eornm,
709 4281 776 4334 quoe
793 4265 861 4318 edito
879 4265 962 4317 edicto
972 4263 1085 4334 fiebant,
1103 4262 1252 4330 descriptio.

291 4359 365 4422 Jarn
382 4363 473 4427 edito
491 4365 613 4448 edicto,
635 4365 698 4429 nisi
715 4343 919 4431 adversarius
934 4363 1142 4428 interdictum
1159 4361 1290 4448 petenti
1312 4361 1350 4424 in
1367 4383 1461 4426 causa

131 4459 136 4466 ’
210 4466 419 4553 concederet,
436 4471 583 4556 judicem
600 4473 654 4538 vel
668 4483 918 4558 recuperatores
935 4473 1071 4538 adibant
1088 4473 1270 4556 litigantes,
1280 4491 1355 4553 quo
1372 4471 1460 4534 facto

210 4568 306 4634 editis
328 4573 475 4642 formulis
501 4581 539 4660 (i.
559 4603 588 4644 e.
604 4601 647 4644 ex
662 4581 840 4646 interdicto
861 4582 1067 4667 compositis)
1094 4580 1313 4662 disceptatum
1333 4586 1403 4641 est:
1421 4597 1460 4639 au
1515 4571 1516 4590 ³
