3062 5164
202 389 277 462 278
580 347 764 448 Aornuurx
789 379 865 449 Lus.
889 378 915 462 1.
940 375 1026 448 Cur.
1053 377 1080 446 Ι.

178 621 184 628 ,
207 557 316 642 plebis
338 557 433 642 plebs
450 557 607 639 extorsit,
624 555 766 641 quinon
789 561 944 638 poterant
961 574 1023 637 per
1044 553 1157 638 legem
1171 560 1349 634 sacratam,
1365 551 1466 616 nisie

163 705 166 714 ι
208 665 321 750 plebe,
334 664 454 730 crearis
469 663 541 728 Liv.
554 665 610 726 IV.
618 663 670 733 25.
688 661 822 729 Deinde
841 670 876 726 et
892 661 1071 745 Consulum
1089 661 1174 726 alter
1191 661 1343 746 plebejus
1358 660 1466 726 creari

165 843 167 846 ,
210 774 343 857 coepit,
368 772 558 856 primusque
583 793 601 834 e
625 770 725 854 plebe
749 769 1000 838 consultamus
1025 776 1075 835 est
1089 769 1127 834 I..
1150 768 1284 832 Sextius
1297 767 1339 832 A.
1362 767 1466 831 U.·G.

210 897 422 944 occuxxxrx:
440 879 513 942 Liv.
539 879 592 940 VI.
604 878 655 940 42.
670 879 742 942 lmo
758 877 939 962 aliquando
961 882 1102 961 uterque
1117 875 1296 957 Consulum
1311 873 1466 959 plebejus

210 988 289 1072 fuit,
313 987 404 1072 quod
427 986 560 1071 quaudo
590 987 728 1070 primum
752 986 946 1070 contigerit,
975 992 1069 1068 patet
1094 1005 1138 1046 ex
1164 983 1238 1046 Liu.
1258 983 1388 1046 XXIII.
1417 981 1465 1044 31.

195 1095 387 1178 Quumque
407 1096 441 1159 in
456 1093 751 1158 redhostimentum
770 1093 1002 1170 communicati
1021 1090 1349 1170 secumConsulatus
1371 1089 1465 1174 plebs

211 1224 316 1266 novos
335 1203 542 1288 magistratus
560 1199 735 1286 patricios,
749 1209 830 1284 puta
854 1201 1048 1266 Praeturam
1074 1206 1108 1265 et
1126 1198 1346 1263 Aedilitatem
1371 1219 1467 1260 euru-

107 1313 108 1316 ’
211 1309 290 1392 lem,
302 1310 502 1394 concederet
513 1309 675 1392 patribus:
693 1308 807 1392 paullo
824 1317 899 1392 post
911 1307 947 1370 hi
962 1328 1097 1392 quoque
1115 1325 1304 1390 communes
1319 1303 1465 1387 patriciis

213 1428 248 1482 et
264 1417 406 1502 plebejis
429 1437 500 1480 esse
516 1413 716 1499 coeperunt,
730 1415 922 1500 primusque
939 1435 958 1478 e
977 1415 1077 1499 plebe
1098 1416 1252 1478 Praetor¹
1265 1419 1398 1476 orestus
1420 1419 1466 1474 est

211 1525 250 1587 Ρ.
269 1519 433 1588 Publilius
449 1525 567 1590 Philo:
585 1523 658 1591 Liv.
682 1523 770 1586 VIII.
787 1522 837 1586 15.
868 1523 1009 1604 Aediles
1033 1531 1161 1602 eutem,
1186 1521 1392 1586 verecundia
1407 1521 1465 1582 im-

211 1634 324 1716 posita
347 1632 502 1714 Senatui,
532 1631 641 1697 statim
668 1640 830 1716 sequente
855 1649 960 1713 anno,
983 1631 1123 1696 alternis
1148 1628 1275 1708 vicibus
1299 1631 1344 1690 eir
1366 1627 1465 1712 plebe

213 1739 334 1821 creari,
354 1747 389 1804 et
403 1747 521 1822 postea
537 1738 573 1802 id
591 1739 810 1823 promiscuum
827 1760 899 1802 esse
916 1738 1043 1823 coepit:
1062 1738 1134 1802 Liv.
1155 1735 1355 1816 V1L1.(cf.
1371 1757 1465 1819 supra

213 1847 282 1910 Tit.
299 1847 343 1910 Π.
362 1848 391 1928 §.
408 1845 489 1924 23).
511 1846 685 1940 Postremo
705 1855 823 1920 'omues
846 1846 981 1910 omuino
998 1846 1207 1930 magistratus
1232 1865 1304 1908 cum
1324 1843 1464 1929 plebejis
1526 1831 1527 1916 l

209 1940 289 2021 ¹sunt
313 1953 561 2035 communicati,
590 1953 696 2018 veluti
717 1953 908 2020 Dictaturar
934 1954 1007 2044 Liv.
1037 1953 1106 2014 VII.
1131 1951 1182 2014 17.
1209 1951 1375 2024 Censura:
1398 1953 1462 2014 Idu.
1526 1951 1527 2016 ι

218 2063 291 2126 VII.
307 2061 358 2124 22.
377 2061 577 2139 Quaestura:
591 2061 663 2126 Liv.
678 2053 739 2128 IV.
754 2063 805 2127 43.
827 2062 923 2126 etot.
941 2061 1093 2144 adeoque
1113 2081 1227 2123 omnes
1246 2060 1394 2122 bonores
1411 2080 1464 2142 pa·
1526 2063 1527 2114 I

162 2249 163 2254 ἵ
212 2179 307 2234 44444
336 2168 496 2254 plebejis,
515 2173 747 2253 praeterquam
775 2169 920 2253 dignitas
945 2167 1145 2252 Interregis,
1178 2189 1275 2262 quam
1300 2175 1463 2251 tamquam

212 2279 381 2362 proprium
411 2277 652 2360 possessionem
686 2299 817 2362 semper
844 2277 1054 2342 retinuerunt
1083 2273 1232 2358 patricii.
1262 2273 1385 2338 Cicero
1409 2293 1464 2355 pro

212 2389 301 2450 domo
321 2385 413 2448 414.

793 2501 821 2582 5.
842 2499 893 2562 68.

477 2616 615 2674 Quomodo
632 2617 781 2670 secerdotes
798 2615 902 2668 adlecti
912 2611 959 2668 sud
976 2611 1206 2682 Imperatorem?

298 2715 366 2780 Sub
394 2717 654 2799 imperatoribus
677 2717 743 2780 alia
764 2716 865 2800 plane
888 2717 1001 2800 coepit
1022 2735 1093 2778 esse
1111 2735 1219 2778 rerum
1242 2713 1354 2776 facies.
1384 2712 1463 2776 Nam

214 2824 305 2910 quod
321 2823 363 2888 44
379 2825 565 2888 sacerdotia
581 2826 700 2890 attinet
708 2827 782 2910 ,jus
799 2848 840 2888 ea
856 2823 1051 2887 conferendi
1070 2823 1112 2887 ad
1128 2843 1163 2885 se
1178 2821 1356 2906 rapiebant
1371 2820 1463 2883 Priu-

214 2933 318 3016 cipes,
341 2932 502 3016 siquidem
519 2933 675 3015 Senatus,
691 2939 777 2996 teste
793 2932 905 2997 Dione
921 2932 1036 2996 Cassio
1052 2933 1137 2994 Hr'st.
1155 2931 1211 2992 LI.
1225 2927 1527 2992 2014444414

213 3040 367 3124 Augusto
382 3040 418 3104 id
434 3064 567 3127 quoque
591 3049 816 3122 concesserat,
833 3047 870 3105 ut
885 3040 1092 3122 sacerdotes,
1109 3049 1331 3124 quotcumque
1353 3035 1462 3114 vellet,

213 3148 370 3232 neglecto
392 3149 491 3214 etiarn
520 3171 657 3214 numero
680 3148 861 3232 antiquitus
883 3155 1041 3232 recepto,
1071 3149 1298 3211 constitueret.
1324 3144 1464 3208 Videtur

214 3263 325 3320 tamen
340 3256 526 3340 Augustus,
547 3260 596 3322 uti
619 3265 690 3320 erat
713 3256 918 3320 civilissimus
926 3254 1140 3340 e,liquando
1161 3275 1231 3317 rem
1251 3254 1293 3317 44
1310 3253 1462 3316 Senatum

213 3363 377 3427 retulisse.
388 3363 488 3428 Unde
500 3365 626 3428 Drusus
638 3363 897 3446 Germanicus')
912 3365 946 3426 in
957 3359 1074 3428 vetere
1087 3383 1186 3433 numo
1199 3362 1319 3427 dicitur
1329 3375 1463 3426 sacrun

215 3488 332 3534 40044.
353 3487 390 3534 ιιι
405 3489 490 3535 oum
505 3489 578 3534 404.
594 3487 704 3536 sur-m
718 3489 848 3536 uuuun.
859 3489 886 3537 s.
905 3490 932 3535 4.
948 3471 1077 3535 Εο444
1094 3471 1194 3535 modo
1210 3477 1245 3534 et
1260 3467 1348 3532 aliae
1362 3465 1463 3551 digni·
1526 3443 1527 3528 l

215 3583 300 3642 tates
323 3601 422 3662 saepe
437 3579 493 3642 vel
510 3601 552 3642 ex
569 3579 669 3656 soto,
686 3581 742 3644 vel
765 3580 842 3643 solis
861 3575 1052 3662 Principum
1075 3579 1237 3643 codicillis
1264 3577 1364 3642 datae
1386 3579 1463 3638 sunt

214 3686 325 3750 Testis
341 3696 391 3751 est
405 3691 502 3752 vetus
523 3671 700 3770 Inscriptio
722 3687 808 3771 apud
827 3688 1002 3752 Gruterum
1022 3690 1219 3770 Inscre'ption.
1236 3707 1270 3770 p.
1292 3685 1381 3747 000.

562 3820 743 3867 44444440
766 3823 810 3867 nr
830 3821 969 3868 nummo
992 3819 1054 3866 eos

562 3918 678 3966 suren.
701 3919 871 3967 Nuunuum

603 4018 800 4066 oooursrus
821 4018 877 4064 ux.
899 4016 926 4064 s.
949 4017 969 4062 4

562 4118 797 4166 minuamus
819 4114 1017 4163 Auroumus
1526 4079 1527 4110 ¹

644 4217 737 4264 GAES
759 4216 973 4264 DESTINATUS

647 4318 675 4360 P
697 4316 728 4362 R
751 4317 779 4361 0
801 4313 1064 4362 A.DCGGGXLV11.

287 4477 312 4545 i)
333 4477 440 4532 Numus
459 4495 569 4532 444440.
588 4491 681 4532 courr-
700 4483 749 4530 etc.
768 4479 803 4530 ad
821 4480 958 4531 Neronem
971 4475 1117 4528 Claudium
1136 4475 1258 4542 pertinet,
1277 4489 1332 4526 non
1347 4471 1381 4524 ad
1394 4471 1460 4522 Dro-
1526 4477 1527 4536 ᾗ

220 4575 281 4648 sum
300 4561 499 4631 Germanicum,
518 4556 566 4633 qui
584 4562 686 4617 'riberii
704 4565 786 4616 trater
803 4565 863 4618 suit.
883 4563 954 4617 Vide
973 4561 1185 4618 Mediobarbum
1198 4578 1228 4631 p.
1245 4545 1291 4615 bb.
1309 4559 1385 4612 Ηιίιι.
1526 4545 1527 4560 ’
