3122 5162
497 387 559 504 ΠΕ
584 393 745 462 Puenrcrs
767 395 932 466 Junrcns.
1091 459 1094 471 ,
1273 401 1342 470 rol

29 551 31 556 ¹
89 575 168 634 teria
189 589 264 632 uero
283 574 360 632 unia
378 573 456 652 pari
473 572 506 630 iu
522 571 658 632 medam
673 573 865 652 retegentem
880 572 1038 635 dimidiam
1052 572 1202 635 lanam
1218 584 1345 656 partem

89 680 232 756 auferri,
254 678 417 739 dummodo
438 682 471 738 in
491 677 632 740 tndem
653 680 775 741 imulas
797 681 979 760 relegentur
993 679 1037 758 d).
1066 680 1186 742 lacerti
1201 701 1345 764 poenam,

88 791 218 868 quaein
234 789 300 846 viro
316 788 353 845 iu
374 786 511 846 insulam
527 785 699 865 deportatio
714 795 779 857 est,
799 787 928 848 mulieri
940 789 1064 867 placuit
1084 789 1204 848 remitti
1208 810 1219 854 .·
1241 789 1346 852 lactc·

86 903 288 966 uastauere,
310 899 467 973 quatenus
484 892 553 972 lege
567 891 652 952 Julia
668 895 706 953 de
728 894 893 954 adulteriis
914 913 976 954 non
999 894 1255 974 adprehenditur.
1277 899 1345 958 Aa·

86 1001 235 1061 ullarum
254 1017 333 1061 saue
353 1005 516 1078 stuprum,
548 1001 613 1059 ar'ei
630 999 800 1060 deteriores
812 1003 916 1080 flant,
946 1008 1003 1061 aut
1023 1020 1086 1081 per
1107 989 1167 1062 ear
1184 1001 1230 1062 ad
1248 1003 1345 1064 domi-

85 1127 164 1167 uam
179 1107 333 1186 adfectet,
354 1107 436 1166 citra
460 1123 575 1164 aarum
603 1105 743 1166 habetur.
766 1103 942 1182 Quantivis
962 1126 1043 1190 ergo
1060 1107 1161 1194 pretii
1177 1107 1231 1170 hic
1252 1108 1344 1172 locus

87 1221 158 1294 est,
175 1232 219 1274 ex
241 1231 308 1296 quo
330 1209 402 1273 solo
426 1207 549 1294 quippe
573 1209 741 1292 discimus,
759 1233 921 1297 quaenam
942 1234 1055 1296 poena
1077 1214 1244 1278 nefandae
1266 1215 1344 1280 libi-

86 1319 178 1402 dini,
201 1317 385 1409 adnlterio‚
407 1317 547 1382 incestui
569 1339 607 1380 ac
629 1326 742 1402 stupro
765 1320 844 1404 lege
866 1319 959 1385 Julia
980 1320 1081 1386 luerit
1101 1323 1282 1405 proposita.

670 1500 698 1582 §-
720 1499 771 1563 se.

481 1630 655 1684 Recentiorer
672 1631 704 1682 dc
722 1633 853 1686 adulterio
871 1633 949 1702 lepre.

171 1749 377 1835 Quamquam
391 1757 500 1813 antem
516 1749 625 1843 legem
633 1749 756 1815 Juliam
771 1749 924 1815 retulerit
935 1753 1146 1817 Domitianus
1162 1757 1207 1834 θ),
1217 1763 1251 1816 et
1263 1757 1344 1819 mira

89 1880 334 1943 nonnumquam
358 1857 544 1922 severitatis
560 1854 714 1941 exempla
729 1857 763 1919 in
779 1837 946 1922 adulteros
968 1861 1142 1924 statuerint
1154 1871 1343 1945 «sequentes

88 1967 331 2050 Imperatores,
361 1965 394 2027 in
418 1965 530 2049 primis
552 1965 719 2027 Macrinus
742 1974 776 2029 et
798 1966 1015 2031 Aurelianus:
1043 1968 1111 2033 Jul.
1135 1963 1343 2053 Capitolinus

17 2059 18 2064 ἵ
68 2077 157 2136 ,cita
183 2074 263 2154 Opil.
288 2073 427 2134 Macrini
444 2095 469 2134 c.
493 2072 541 2134 12.
568 2073 662 2136 Flav.
685 2073 849 2157 Vopiscus
872 2079 936 2136 uita
958 2077 1127 2146 Aureliani
1145 2097 1170 2138 c.
1192 2076 1222 2137 7.
1244 2097 1341 2140 nemo

90 2187 201 2242 tamen
229 2188 306 2243 ante
330 2179 580 2244 Constantinum
609 2179 656 2242 M.
678 2188 828 2263 repertus
862 2189 929 2256 est,
960 2181 1016 2264 qui
1040 2181 1195 2244 adulterii
1218 2183 1342 2246 crimen

88 2285 206 2370 capitis
236 2307 346 2370 poena
368 2285 600 2374 vindicandum
623 2287 774 2349 statuerit
793 2285 834 2367 s).
856 2287 973 2350 Exstat
998 2289 1067 2371 ejus
1090 2289 1281 2353 constitutio
1304 2292 1342 2352 L.

85 2395 139 2458 30.
157 2395 190 2456 0.
207 2395 251 2454 ad
263 2394 301 2454 L.
316 2395 379 2456 Jul.
394 2395 433 2456 de
449 2395 559 2456 Adult.
581 2392 704 2456 Postea
725 2392 929 2458 lastinianus
953 2394 1127 2478 capitalem
1149 2417 1291 2481 poenam
1307 2397 1341 2459 in

84 2499 240 2566 masculis
263 2501 396 2586 quidem
425 2501 598 2585 probavit,
630 2501 800 2565 mulierem
831 2522 911 2566 vero
933 2503 1126 2568 verberibus
1156 2525 1284 2568 caesam
1306 2505 1340 2568 in

84 2609 322 2674 monasterium
352 2609 484 2673 detrudi
508 2609 622 2694 jussit,
655 2609 732 2674 data
754 2609 825 2673 viro
855 2609 942 2673 intra
964 2610 1133 2675 biennium
1155 2613 1339 2696 proximum

82 2725 275 2810 potestate,
298 2703 370 2780 eam
382 2764 393 2798 ‚
423 2717 450 2780 si
470 2715 600 2800 vellet,
627 2717 706 2781 inde
735 2715 925 2781 revocandi.
957 2716 1034 2795 Quo
1064 2726 1251 2802 transacto,
1269 2704 1341 2785 1ειιιῐ

157 2958 193 3024 d)
212 2956 292 3010 Unde
304 2961 411 3022 praeter
422 2935 510 3022 legem
521 2954 586 3021 luit,
598 2958 672 3025 qnod
685 2959 809 3012 adultero
821 2956 929 3010 Manlio
943 2962 1048 3012 tantum
1061 2957 1140 3010 ltalia
1153 2962 1237 3028 etque
1247 2959 1339 3014 Africa

80 3043 278 3102 interdictum:
295 3041 406 3092 Tacitus
424 3038 523 3096 Annal.
543 3040 584 3092 ΙΙ.
603 3043 646 3097 50.
655 3041 709 3107 fin.
730 3041 811 3092 Heia.

156 3127 188 3194 e)
208 3125 271 3189 Quo
289 3127 426 3192 pertinent
442 3123 490 3177 illa
508 3123 645 3178 Martialis
663 3124 854 3192 Epicrammct.
876 3125 920 3178 VI.
939 3129 964 3180 7.
984 3144 1008 3176 u.
1028 3131 1053 3177 l.
1070 3143 1124 3194 sqq.
1237 3159 1267 3177 ..

236 3210 312 3264 dulia
329 3210 373 3262 lex
389 3209 494 3279 populis
509 3209 546 3262 ‘eu
562 3227 631 3281 qua,
649 3211 791 3272 Faunine,
808 3209 895 3262 relatu
915 3209 976 3276 (alii
994 3213 1102 3279 renata)
1123 3215 1177 3268 ert,-

282 3295 370 3364 Atque
387 3298 489 3348 intrare
508 3295 597 3347 domoc
605 3294 685 3364 jaare
705 3297 840 3348 Pudicitia
857 3303 910 3346 ert:

236 3379 410 3443 Antoninus,
429 3387 476 3432 aut
492 3388 562 3432 certe
581 3395 632 3432 uon
648 3379 709 3446 plue
728 3381 859 3432 tricesima
877 3379 923 3432 lue
941 3387 988 3443 ert,

284 3463 320 3516 Et
336 3454 410 3517 nubit
426 3465 524 3516 decimo
531 3465 595 3534 jam
618 3462 757 3516 Thaletica
775 3465 840 3518 uiro.

138 3549 177 3600 nt
196 3548 336 3602 luvenalis
356 3549 446 3603 Satira
465 3548 506 3602 ΙΙ.
523 3567 547 3600 u.
564 3551 606 3600 29.
624 3563 679 3615 sqq.

289 3633 383 3693 Qualia
400 3641 461 3684 erat
476 3651 563 3702 nuper
580 3632 680 3699 tropico
695 3631 813 3699 pollutus
830 3633 937 3686 adulter

288 3717 446 3782 Concubitu,
465 3719 588 3786 quincue
607 3717 676 3784 leper
694 3714 834 3769 revocabat
851 3733 958 3770 amarae

289 3800 428 3866 Omuilru,
446 3811 523 3871 atque
540 3803 604 3871 ipris
628 3802 723 3855 Veneri
740 3800 875 3868 Martique
893 3802 1028 3854 timendae.
1065 3801 1144 3857 Heia.

153 3887 181 3954 Γ)
201 3887 233 3938 In
252 3885 310 3954 lege
327 3890 453 3942 Romana
470 3887 699 3954 Burgundionum
720 3885 788 3952 (Tit
807 3885 918 3937 XXIV.
938 3887 969 3938 de
987 3886 1138 3954 adulteria)
1158 3889 1225 3941 haec
1241 3891 1333 3954 legun·

78 3980 145 4026 tur:
171 3971 326 4037 ,Mari-tus,
349 3973 374 4024 sl
397 3971 551 4026 adulterum
574 3989 636 4026 cum
661 3987 748 4024 uxore
771 3969 903 4022 invenerit
926 4001 959 4010 -
985 3997 1028 4036 -,
1054 3971 1169 4024 liberum
1194 3971 1332 4024 arbitrium

78 4055 197 4111 habebit
212 4065 352 4127 utracunque
369 4075 423 4110 uuo
439 4057 494 4108 ictu
515 4055 631 4122 punire,
657 4056 800 4108 secundum
825 4056 907 4122 lepem
931 4055 1067 4108 Nouellum
1086 4056 1245 4124 majoriani,
1268 4071 1333 4124 quae

77 4141 181 4194 exinde
198 4142 234 4192 ad
241 4143 291 4210 jeu
308 4150 380 4198 cena
397 4149 491 4194 acacia
508 4138 671 4192 reuocauit”.
689 4141 740 4203 At,
759 4155 843 4207 quum
860 4138 889 4190 iu
907 4140 1022 4193 Novella
1039 4137 1189 4204 Majoriani
1206 4141 1240 4192 de
1256 4139 1333 4192 adul·

77 4225 162 4279 teriia
181 4225 248 4292 (Jru
265 4227 313 4278 cio.
331 4226 480 4295 aequas
498 4239 525 4290 p.
544 4226 618 4276 1³³8.
636 4237 677 4290 aq.
697 4225 766 4276 Nov.
783 4224 857 4290 93.),
873 4241 953 4291 'quae
970 4224 1043 4276 haud
1061 4223 1144 4276 dubie
1160 4227 1223 4275 nate
1240 4224 1333 4276 oculos
1423 4237 1425 4240 ·

26 4359 34 4376 ,
78 4313 230 4365 obversata
249 4318 291 4364 est
308 4311 381 4364 illius
399 4308 467 4376 legia
485 4305 615 4370 sueton,
642 4305 708 4358 nihil
727 4307 872 4375 quicquam
889 4305 1000 4372 'legatur
1022 4307 1133 4382 dejure
1150 4308 1239 4362 mariti
1256 4309 1332 4362 adul-

78 4404 175 4450 terum
192 4393 349 4460 occidendi,
366 4395 463 4463 merito
481 4391 635 4458 suspicatur
650 4391 813 4444 Barkowius
830 4392 873 4458 (iu
890 4392 951 4444 edit.
968 4408 1016 4443 sua
1034 4393 1099 4459 Lep
1111 4393 1332 4459 Burpuadlcuum

79 4499 111 4546 p.
130 4484 174 4533 ⁷5.
192 4480 264 4550 sq),¹
277 4497 369 4534 errore
387 4482 431 4534 vel
449 4477 531 4532 etiam
545 4475 672 4531 Auctoris
690 4474 842 4540 ignorantia
860 4474 1018 4542 Majoriaao
1033 4482 1205 4542 praeceptum
1222 4475 1333 4543 aliquod

80 4567 151 4630 Lag.
169 4566 397 4630 Burgundionum
414 4559 579 4618 domesticae
597 4559 763 4624 adscriptum
782 4575 850 4612 csse.
884 4556 970 4612 Milli.
