3062 5164
253 411 255 416 .
330 352 385 422 De
412 351 510 422 Mus.
536 351 622 423 Cor..
648 354 782 424 Padus.
808 353 886 425 Crv.
911 303 1022 428 Tora.
1232 367 1300 436 321

616 531 646 612 5.
667 529 740 594 124.

417 645 539 700 Coloniae
557 646 636 714 qaid?
653 655 679 698 at
695 663 744 698 car
761 646 888 700 deductae
901 647 947 715 tp
1002 708 1004 712 ¹
1053 712 1056 720 .

134 747 233 810 Haec
256 744 298 807 de
321 745 522 830 municipiis:
543 747 749 832 pergendum
770 747 813 810 ad
830 763 1005 812 ausonias.
1026 747 1078 812 Ita
1100 755 1304 819 vocabantur

46 855 192 940 oppida,
207 854 243 917 in
260 875 345 938 quae
364 853 506 938 populus
521 853 690 918 Romanus
713 855 801 917 cives
825 875 899 917 suos
915 855 958 920 ad
973 853 1183 919 incolendum
1201 853 1304 918 dedu-

47 970 164 1046 xerat,
185 961 258 1044 vel,
282 969 318 1025 ut
333 960 461 1025 Gellius
476 963 580 1025 Noott.
602 965 669 1024 Aa.
686 962 777 1024 XVI.
792 947 847 1024 13.
866 963 931 1046 ait,
945 968 1099 1037 civitates,
1122 983 1163 1024 aa
1181 966 1305 1026 assae

48 1073 197 1132 Romana
211 1074 307 1151 quasi
319 1079 527 1152 propagatae.
550 1069 712 1133 Solebant
733 1070 819 1132 enim
836 1069 979 1134 Romani
1002 1092 1045 1134 ex
1059 1069 1195 1136 Romuli
1210 1069 1306 1134 insti-

49 1186 121 1242 tuto
145 1200 215 1241 nou
242 1177 401 1241 servitute
424 1177 582 1242 mulctare
608 1177 734 1263 oppida
754 1177 847 1242 hello
871 1186 983 1262 capta,
1007 1179 1186 1264 sedsaepe
1208 1178 1305 1242 inea

53 1287 191 1349 colonos
210 1307 254 1348 ex
268 1285 349 1349 urbe
365 1285 542 1368 deducere,
559 1284 616 1370 qui
630 1285 713 1350 locis
727 1285 796 1349 istis
812 1286 888 1349 loco
904 1285 1062 1372 praesidii
1078 1293 1203 1350 essent=
1218 1285 1305 1350 Dio·
1447 1329 1452 1336 ·

52 1415 118 1478 nys.
135 1393 249 1456 Halic.
275 1395 344 1456 VII.
359 1393 411 1458 28.
423 1394 576 1478 'Appiam
594 1396 633 1456 de
653 1389 751 1456 natta
775 1396 881 1456 ciails’d.
900 1397 927 1455 Ι.
944 1395 974 1456 7.
1003 1395 1048 1458 Et
1067 1395 1220 1480 profecto
1240 1395 1306 1458 uti·
1370 1461 1374 1468 ,

53 1502 208 1564 lissimum
235 1509 307 1565 erat
329 1501 393 1564 hoc
416 1502 600 1567 institutum
623 1509 691 1564 tum
716 1503 759 1566 ad
780 1498 983 1566 coercendos
1002 1511 1133 1566 veteres
1151 1502 1305 1588 populos,

55 1619 120 1672 tum
134 1611 177 1673 ad
189 1601 417 1694 reprimendas
428 1609 570 1674 hostium
582 1610 792 1673 incursiones.
805 1610 987 1674 Praeterea
996 1611 1060 1676 hoc
1069 1619 1168 1696 pacto
1181 1611 1306 1676 urbana

57 1718 131 1781 faex
145 1727 181 1782 et
195 1719 327 1783 sentina
343 1719 610 1800 exhauriebatur,
626 1717 802 1803 multisque
818 1717 1036 1783 seditionibus
1051 1721 1304 1784 subtrahebatur

61 1827 245 1892 fomentum.
268 1829 341 1892 Imo
358 1836 392 1891 et
406 1828 609 1892 luculentum
625 1825 689 1890 hoc
712 1835 782 1890 erat
798 1826 940 1890 medium
957 1828 1109 1912 praemiis
1129 1827 1305 1892 adficiendi

58 1943 246 2018 veteranos,
261 1936 368 2020 iisque
385 1945 492 2000 certos
513 1957 627 2021 agros,
644 1934 794 2020 equibus
810 1934 987 2018 alerentur,
1003 1937 1214 2021 adsignandis
1232 1937 1307 2001 Car.
1379 2001 1383 2010 ,

58 2043 166 2127 Sigon.
182 2045 223 2106 do
238 2051 366 2128 anitquo
373 2049 452 2128 jare
469 2047 537 2107 Ital.
554 2046 597 2108 II.
611 2043 642 2107 2.
654 2065 686 2126 p.
700 2042 772 2106 625.

613 2223 642 2304 s.
656 2219 736 2282 aas.

476 2339 573 2392 Modus
592 2338 738 2390 deducendi
757 2335 880 2388 coloniae.
935 2355 943 2372 ·

142 2455 303 2520 Coloniae
323 2455 557 2520 deductionem
582 2455 830 2542 praecedebant
851 2452 945 2536 leges
961 2451 1111 2536 agrariae
1126 2449 1173 2534 k),
1190 2449 1307 2536 quibus

59 2577 88 2628 et
103 2588 196 2650 ager,
212 2549 316 2649 ¹quem
333 2565 438 2628 dividi
460 2563 565 2628 vellet
582 2563 736 2660 populus,
759 2561 989 2642 definiebatur,
1012 2567 1047 2623 et
1067 2559 1184 2644 quibus
1202 2557 1308 2621 homi-

61 2675 163 2756 nibus,
180 2694 280 2759 quam
298 2671 423 2755 multis,
441 2693 503 2758 per
519 2693 617 2757 quos,
637 2680 671 2736 et
688 2671 856 2758 quomodo
875 2677 962 2733 essct
981 2667 1195 2749 dividendus,
1211 2687 1308 2752 prae-

66 2783 150 2847 scribi
171 2782 316 2846 solebat.
337 2779 391 2844 De
414 2781 532 2866 quibus
555 2780 685 2866 legibus
703 2779 841 2864 agrariis
864 2777 1110 2841 adcuratissime
1136 2797 1194 2838 suo
1216 2795 1307 2838 more
1396 2823 1405 2840 .

64 2891 125 2973 egit
132 2889 211 2954 Car.
228 2889 344 2974 Sigon.
362 2893 381 2950 l.
396 2911 421 2953 c.
437 2889 522 2953 Lata
543 2887 704 2974 ejusmodi
716 2887 806 2973 lege,
821 2873 1048 2950 deducebatur
1060 2883 1193 2948 colonia
1208 2871 1307 2946 modo

62 3021 116 3082 per
139 3001 347 3061 lbiamur'ros:
366 2996 438 3060 Liv.
455 2997 580 3060 11411.
603 2997 689 3057 VIII.
704 2994 753 3056 16.
769 2991 879 3080 [*1Χ.
897 2993 948 3056 28.
970 2994 1023 3055 VI.
1036 2989 1111 3078 2l.]
1130 2992 1229 3055 modo
1248 3013 1309 3076 per

65 3109 273 3169 Decemviros:
294 3105 398 3169 Cicer.
417 3109 538 3187 Agrar.
556 3107 598 3166 II.
616 3103 666 3169 35.
689 3102 836 3189 quamvis
856 3110 891 3166 et
918 3102 1210 3182 Qatnquoor'rorom,
1231 3101 1309 3182 Sop-

64 3220 273 3292 remotarum,
299 3215 554 3298 Vegobtloiroram
572 3215 709 3276 coloniae
727 3211 928 3274 deducendae
946 3207 1023 3270 hinc
1042 3205 1120 3269 inde
1140 3207 1197 3269 fiat
1217 3228 1310 3268 men-

126 3424 153 3483 ἱ)
174 3424 219 3474 De
235 3421 405 3475 coloniarum
420 3419 497 3486 jure:
523 3419 632 3470 'l'relrell
650 3417 668 3470 l.
686 3416 703 3470 l.
722 3417 757 3468 P.
776 3415 800 3468 I.
815 3433 837 3468 c.
855 3420 881 3468 b.
898 3423 960 3469 sect.
979 3419 1003 3466 1.
1019 3430 1046 3482 p.
1066 3415 1220 3466 187-231.
1245 3413 1310 3465 Chr.

62 3511 135 3562 Glob.
147 3507 254 3575 Heynii
270 3509 319 3560 Pr.
332 3507 355 3560 Ι.
369 3507 410 3560 Il.
423 3508 454 3558 de
467 3513 582 3557 aeteram
599 3503 762 3556 coloniorum
771 3500 846 3569 jare'
854 3500 960 3570 ejusque
973 3499 1084 3559 ceassiu
1096 3497 1124 3550 in
1137 3515 1225 3566 opace.
1241 3497 1272 3550 T.
1285 3495 1309 3550 1.

59 3611 83 3660 p.
98 3599 259 3648 aso-329.
272 3594 369 3662 Ejusd.
388 3594 440 3644 Pr.
460 3592 491 3644 de
510 3591 694 3643 Romanarum
708 3587 854 3656 prudentia
871 3587 899 3637 ia
916 3585 1024 3638 coloniis
1041 3583 1179 3652 repeads'n
1196 3583 1256 3638 ibid.
1279 3583 1310 3636 Τ.

62 3679 112 3732 III.
125 3698 156 3748 p.
177 3683 291 3733 79-92.
309 3677 432 3730 Niebuhr
451 3675 593 3728 Riimr'sclae
615 3673 769 3727 Gescla'cltte
788 3673 818 3726 T.
835 3671 860 3724 I.
873 3689 903 3740 p.
916 3672 1062 3721 301—305.
1080 3673 1107 3719 et
1125 3669 1259 3722 Additum.
1276 3670 1313 3722 ad

59 3781 84 3830 p.
101 3768 158 3818 182.
184 3765 220 3816 de
244 3763 363 3829 savigny
382 3763 398 3813 l.
418 3762 434 3814 l.
457 3761 487 3814 T.
506 3761 529 3812 I.
549 3781 571 3814 e.
588 3765 613 3813 2.
629 3778 657 3828 p.
678 3764 718 3812 16.
739 3760 778 3827 (5.
797 3761 822 3811 6.
841 3757 882 3809 ed.
899 3755 956 3820 2.).
974 3750 1063 3805 Hoab.
1087 3753 1194 3806 Walter
1212 3751 1229 3806 Ι.
1248 3753 1266 3805 t.
1283 3769 1310 3820 p.

63 3854 204 3904 ros—205.
217 3855 301 3917 atque
315 3847 439 3914 inprimis
452 3847 485 3897 de
501 3846 619 3912 savigny
645 3843 785 3897 Vollmclsl.
803 3844 851 3895 der
867 3839 947 3909 Tosel
958 3856 1008 3891 aon
1022 3837 1165 3890 Heraclea.
1183 3837 1311 3890 Zar'tsedr.

58 3934 83 3997 f.
90 3937 172 4001 pescle.
185 3935 224 3988 It.
250 3935 333 3988 Ἠ.
344 3935 396 3987 lX.
406 3949 432 3999 p.
445 3935 504 3986 308.
514 3947 574 4001 sqq.
586 3932 674 3998 (uum.
687 3930 750 3996 IL),
769 3927 861 3996 ibique
873 3927 907 3978 de
918 3923 1030 3978 Asconii
1045 3924 1113 3976 Ped.
1131 3925 1191 3976 loeo
1206 3921 1242 3974 ad
1264 3921 1312 3976 Or.
1426 3915 1432 3924 '
1522 3915 1523 3922 ’

67 4019 91 4070 in
108 4023 198 4075 Pisoa.
220 4019 289 4090 (ubi
306 4019 433 4071 nimirum
459 4019 554 4080 refert,
573 4017 622 4069 Cn.
641 4014 809 4080 Pompejum
832 4010 1043 4077 Transpadanas
1067 4007 1187 4060 colonias
1211 4005 1312 4068 consti·

65 4107 141 4161 tnisse
158 4123 219 4162 non
238 4105 408 4168 deducenda,
424 4105 473 4156 sed
490 4103 626 4156 veteribus
645 4100 741 4154 incolis
756 4100 822 4167 jura
839 4097 930 4150 dando
944 4094 1025 4157 Lorii,
1043 4107 1065 4146 s.
1077 4091 1245 4144 coloniarum
1259 4091 1312 4142 Lo-

64 4192 190 4258 tumum,
212 4193 265 4258 „id
283 4197 338 4256 est,
356 4196 387 4243 nt
403 4189 523 4257 gerendo
540 4187 714 4253 magistratus
731 4184 868 4238 civitatem
884 4185 1037 4257 Romanam
1049 4173 1262 4242 adipiscerentur
1268 4175 1313 4243 ''):

64 4291 86 4341 p.
102 4284 163 4333 312.
182 4295 243 4348 sqq.
262 4283 320 4330 not.
336 4279 353 4328 1.
371 4291 407 4328 m.
427 4273 513 4328 Mitte.

126 4367 162 4433 k)
185 4363 283 4428 Qualis
302 4369 359 4415 erat
377 4363 434 4413 Lea
455 4357 763 4419 Mamtlsaaeaolonta,
782 4353 941 4423 etquidem
959 4352 1041 4416 vulgo
1059 4349 1180 4401 vocatur.
1198 4346 1241 4396 De
1260 4361 1314 4413 qua
1430 4387 1432 4394 ,

66 4448 119 4502 vide
137 4451 275 4502 eruditam
292 4431 428 4501 Rudorstii
445 4449 588 4498 comment.
605 4445 633 4498 in
648 4443 674 4495 d.
693 4439 821 4494 Zeitsclsr.
830 4438 886 4507 sa'r
900 4438 987 4506 perch.
1005 4437 1042 4522 Il.
1065 4435 1104 4487 W.
1123 4434 1154 4484 T.
1169 4431 1222 4484 IX.
1240 4447 1314 4484 num.

66 4536 125 4589 au.
145 4537 234 4590 natas.

1081 4604 1122 4666 21
