<?xml version="1.0" encoding="UTF-8"?>
<!DOCTYPE html PUBLIC "-//W3C//DTD XHTML 1.0 Transitional//EN"
    "http://www.w3.org/TR/xhtml1/DTD/xhtml1-transitional.dtd">
<html xmlns="http://www.w3.org/1999/xhtml" xml:lang="en" lang="en">
 <head>
  <title>
</title>
<meta http-equiv="Content-Type" content="text/html;charset=utf-8" />
  <meta name='ocr-system' content='tesseract 3.04.00' />
  <meta name='ocr-capabilities' content='ocr_page ocr_carea ocr_par ocr_line ocrx_word'/>
</head>
<body>
  <div class='ocr_page' id='page_1' title='image "./jogottliebheine00haubgoog_0785.png"; bbox 0 0 3056 5168; ppageno 0'>
   <div class='ocr_carea' id='block_1_1' title="bbox 220 401 1057 480">
    <p class='ocr_par' dir='ltr' id='par_1_1' title="bbox 220 401 1057 480">
     <span class='ocr_line' id='line_1_1' title="bbox 220 401 1057 480; baseline -0.007 -2"><span class='ocrx_word' id='word_1_1' title='bbox 220 411 293 480; x_wconf 74' lang='grc'><strong>746</strong></span> <span class='ocrx_word' id='word_1_2' title='bbox 636 401 715 472; x_wconf 78' lang='lat' dir='ltr'><strong>Lm</strong></span> <span class='ocrx_word' id='word_1_3' title='bbox 739 401 798 470; x_wconf 80' lang='lat' dir='ltr'><strong>lv.</strong></span> <span class='ocrx_word' id='word_1_4' title='bbox 823 402 903 472; x_wconf 89' lang='lat' dir='ltr'><strong>Trr.</strong></span> <span class='ocrx_word' id='word_1_5' title='bbox 929 403 1057 474; x_wconf 79' lang='lat' dir='ltr'><strong>xvut.</strong></span> 
     </span>
    </p>
   </div>
   <div class='ocr_carea' id='block_1_2' title="bbox 220 577 1474 1309">
    <p class='ocr_par' dir='ltr' id='par_1_2' title="bbox 220 577 1474 1309">
     <span class='ocr_line' id='line_1_2' title="bbox 221 577 1472 668; baseline -0.002 -24"><span class='ocrx_word' id='word_1_6' title='bbox 221 583 294 668; x_wconf 84' lang='lat' dir='ltr'><strong>ejus</strong></span> <span class='ocrx_word' id='word_1_7' title='bbox 309 579 441 666; x_wconf 79' lang='lat' dir='ltr'><strong>generis</strong></span> <span class='ocrx_word' id='word_1_8' title='bbox 461 577 600 642; x_wconf 76' lang='lat' dir='ltr'><strong>crimina</strong></span> <span class='ocrx_word' id='word_1_9' title='bbox 613 578 657 644; x_wconf 91' lang='lat' dir='ltr'><strong>ad</strong></span> <span class='ocrx_word' id='word_1_10' title='bbox 678 585 799 644; x_wconf 86' lang='lat' dir='ltr'><strong>statum</strong></span> <span class='ocrx_word' id='word_1_11' title='bbox 820 577 1025 662; x_wconf 73' lang='lat' dir='ltr'><strong>reipublicae</strong></span> <span class='ocrx_word' id='word_1_12' title='bbox 1046 579 1230 663; x_wconf 75' lang='lat' dir='ltr'><strong>pertinent,</strong></span> <span class='ocrx_word' id='word_1_13' title='bbox 1245 578 1356 644; x_wconf 80' lang='lat' dir='ltr'><strong>veluti</strong></span> <span class='ocrx_word' id='word_1_14' title='bbox 1368 579 1472 663; x_wconf 85' lang='lat' dir='ltr'><strong>ruptio</strong></span> 
     </span>
     <span class='ocr_line' id='line_1_3' title="bbox 221 685 1473 772; baseline -0.002 -20"><span class='ocrx_word' id='word_1_15' title='bbox 221 707 378 772; x_wconf 84' lang='lat' dir='ltr'><strong>aggemm</strong></span> <span class='ocrx_word' id='word_1_16' title='bbox 398 685 478 750; x_wconf 87' lang='lat' dir='ltr'><strong>Nili.</strong></span> <span class='ocrx_word' id='word_1_17' title='bbox 502 686 598 750; x_wconf 80' lang='lat' dir='ltr'><strong>Tunc</strong></span> <span class='ocrx_word' id='word_1_18' title='bbox 613 706 693 750; x_wconf 82' lang='lat' dir='ltr'><strong>vero</strong></span> <span class='ocrx_word' id='word_1_19' title='bbox 716 695 753 750; x_wconf 90' lang='lat' dir='ltr'><strong>et</strong></span> <span class='ocrx_word' id='word_1_20' title='bbox 767 686 972 752; x_wconf 84' lang='lat' dir='ltr'><strong>adcusationi</strong></span> <span class='ocrx_word' id='word_1_21' title='bbox 992 687 1085 754; x_wconf 82' lang='lat' dir='ltr'><strong>locus</strong></span> <span class='ocrx_word' id='word_1_22' title='bbox 1104 695 1196 768; x_wconf 88' lang='lat' dir='ltr'><strong>erat,</strong></span> <span class='ocrx_word' id='word_1_23' title='bbox 1211 695 1249 752; x_wconf 84' lang='lat' dir='ltr'><strong>et</strong></span> <span class='ocrx_word' id='word_1_24' title='bbox 1269 687 1473 771; x_wconf 83' lang='lat' dir='ltr'><strong>inscriptioni</strong></span> 
     </span>
     <span class='ocr_line' id='line_1_4' title="bbox 221 793 1474 880; baseline -0.002 -20"><span class='ocrx_word' id='word_1_25' title='bbox 221 797 255 860; x_wconf 89' lang='lat' dir='ltr'><strong>in</strong></span> <span class='ocrx_word' id='word_1_26' title='bbox 271 796 412 859; x_wconf 80' lang='lat' dir='ltr'><strong>crimen:</strong></span> <span class='ocrx_word' id='word_1_27' title='bbox 433 797 469 856; x_wconf 80' lang='lat'><strong>1.</strong></span> <span class='ocrx_word' id='word_1_28' title='bbox 486 795 543 854; x_wconf 81' lang='lat' dir='ltr'><strong>ult.</strong></span> <span class='ocrx_word' id='word_1_29' title='bbox 557 793 599 856; x_wconf 88' lang='lat' dir='ltr'><strong>D.</strong></span> <span class='ocrx_word' id='word_1_30' title='bbox 620 793 659 856; x_wconf 86' lang='lat' dir='ltr'><strong>da</strong></span> <span class='ocrx_word' id='word_1_31' title='bbox 674 794 787 858; x_wconf 82' lang='lat' dir='ltr'><strong>Delict.</strong></span> <span class='ocrx_word' id='word_1_32' title='bbox 803 798 883 876; x_wconf 67' lang='lat' dir='ltr'><strong>priv.</strong></span> <span class='ocrx_word' id='word_1_33' title='bbox 901 803 937 857; x_wconf 92' lang='lat' dir='ltr'><strong>et</strong></span> <span class='ocrx_word' id='word_1_34' title='bbox 957 815 1087 879; x_wconf 86' lang='lat' dir='ltr'><strong>poenae</strong></span> <span class='ocrx_word' id='word_1_35' title='bbox 1102 795 1258 880; x_wconf 78' lang='lat' dir='ltr'><strong>capitali:</strong></span> <span class='ocrx_word' id='word_1_36' title='bbox 1279 799 1318 858; x_wconf 80' lang='lat' dir='ltr'><strong>L.</strong></span> <span class='ocrx_word' id='word_1_37' title='bbox 1332 795 1366 858; x_wconf 87' lang='lat' dir='ltr'>L</span> <span class='ocrx_word' id='word_1_38' title='bbox 1379 795 1409 876; x_wconf 74' lang='lat' dir='ltr'><strong>S.</strong></span> <span class='ocrx_word' id='word_1_39' title='bbox 1425 797 1474 858; x_wconf 83' lang='lat' dir='ltr'><strong>att.</strong></span> 
     </span>
     <span class='ocr_line' id='line_1_5' title="bbox 221 898 1474 976; baseline 0.002 -10"><span class='ocrx_word' id='word_1_40' title='bbox 221 904 261 966; x_wconf 78' lang='lat' dir='ltr'><strong>J..</strong></span> <span class='ocrx_word' id='word_1_41' title='bbox 279 898 310 964; x_wconf 83' lang='lat'><strong>9.</strong></span> <span class='ocrx_word' id='word_1_42' title='bbox 331 903 372 964; x_wconf 87' lang='lat' dir='ltr'><strong>D.</strong></span> <span class='ocrx_word' id='word_1_43' title='bbox 397 901 628 964; x_wconf 73' lang='lat' dir='ltr'><strong>deEatraord.</strong></span> <span class='ocrx_word' id='word_1_44' title='bbox 653 903 772 963; x_wconf 65' lang='lat' dir='ltr'><strong>miron.</strong></span> <span class='ocrx_word' id='word_1_45' title='bbox 798 899 894 976; x_wconf 81' lang='lat' dir='ltr'><strong>Quae</strong></span> <span class='ocrx_word' id='word_1_46' title='bbox 927 903 1039 968; x_wconf 87' lang='lat' dir='ltr'><strong>omnia</strong></span> <span class='ocrx_word' id='word_1_47' title='bbox 1059 924 1127 966; x_wconf 89' lang='lat' dir='ltr'><strong>nou</strong></span> <span class='ocrx_word' id='word_1_48' title='bbox 1155 902 1276 967; x_wconf 87' lang='lat' dir='ltr'><strong>cadere</strong></span> <span class='ocrx_word' id='word_1_49' title='bbox 1300 901 1474 968; x_wconf 85' lang='lat' dir='ltr'><strong>indelicta</strong></span> 
     </span>
     <span class='ocr_line' id='line_1_6' title="bbox 220 1006 1471 1096; baseline -0.002 -21"><span class='ocrx_word' id='word_1_50' title='bbox 220 1011 361 1096; x_wconf 87' lang='lat' dir='ltr'><strong>privata,</strong></span> <span class='ocrx_word' id='word_1_51' title='bbox 376 1029 477 1072; x_wconf 88' lang='lat' dir='ltr'><strong>nemo</strong></span> <span class='ocrx_word' id='word_1_52' title='bbox 498 1027 565 1070; x_wconf 92' lang='lat' dir='ltr'><strong>non</strong></span> <span class='ocrx_word' id='word_1_53' title='bbox 580 1006 682 1070; x_wconf 85' lang='lat' dir='ltr'><strong>videt.</strong></span> <span class='ocrx_word' id='word_1_54' title='bbox 705 1006 862 1071; x_wconf 87' lang='lat' dir='ltr'><strong>Ceterum</strong></span> <span class='ocrx_word' id='word_1_55' title='bbox 883 1008 979 1094; x_wconf 90' lang='lat' dir='ltr'><strong>plura</strong></span> <span class='ocrx_word' id='word_1_56' title='bbox 995 1019 1090 1074; x_wconf 85' lang='lat' dir='ltr'><strong>erant</strong></span> <span class='ocrx_word' id='word_1_57' title='bbox 1111 1010 1275 1094; x_wconf 87' lang='lat' dir='ltr'><strong>ejusmodi</strong></span> <span class='ocrx_word' id='word_1_58' title='bbox 1291 1009 1471 1074; x_wconf 82' lang='lat' dir='ltr'><strong>extraordi-</strong></span> 
     </span>
     <span class='ocr_line' id='line_1_7' title="bbox 221 1113 1469 1202; baseline -0.002 -20"><span class='ocrx_word' id='word_1_59' title='bbox 221 1117 315 1182; x_wconf 75' lang='lat' dir='ltr'><strong>naria</strong></span> <span class='ocrx_word' id='word_1_60' title='bbox 340 1115 494 1196; x_wconf 86' lang='lat' dir='ltr'><strong>crimina,</strong></span> <span class='ocrx_word' id='word_1_61' title='bbox 518 1114 623 1179; x_wconf 90' lang='lat' dir='ltr'><strong>veluti</strong></span> <span class='ocrx_word' id='word_1_62' title='bbox 645 1113 838 1198; x_wconf 79' lang='lat' dir='ltr'><strong>sollicitatio</strong></span> <span class='ocrx_word' id='word_1_63' title='bbox 860 1116 1042 1183; x_wconf 91' lang='lat' dir='ltr'><strong>alienarum</strong></span> <span class='ocrx_word' id='word_1_64' title='bbox 1061 1119 1269 1202; x_wconf 74' lang='lat' dir='ltr'><strong>nuptiarum,</strong></span> <span class='ocrx_word' id='word_1_65' title='bbox 1293 1117 1469 1202; x_wconf 86' lang='lat' dir='ltr'><strong>inquinatio</strong></span> 
     </span>
     <span class='ocr_line' id='line_1_8' title="bbox 221 1223 1473 1309; baseline -0.001 -21"><span class='ocrx_word' id='word_1_66' title='bbox 221 1225 368 1306; x_wconf 87' lang='lat' dir='ltr'><strong>lacuum,</strong></span> <span class='ocrx_word' id='word_1_67' title='bbox 385 1230 420 1286; x_wconf 91' lang='lat' dir='ltr'><strong>et</strong></span> <span class='ocrx_word' id='word_1_68' title='bbox 440 1243 597 1306; x_wconf 89' lang='lat' dir='ltr'><strong>aquarum</strong></span> <span class='ocrx_word' id='word_1_69' title='bbox 614 1223 817 1305; x_wconf 86' lang='lat' dir='ltr'><strong>publicarum</strong></span> <span class='ocrx_word' id='word_1_70' title='bbox 840 1225 1020 1309; x_wconf 83' lang='lat' dir='ltr'><strong>corruptio,</strong></span> <span class='ocrx_word' id='word_1_71' title='bbox 1041 1225 1272 1309; x_wconf 84' lang='lat' dir='ltr'><strong>interpellatio</strong></span> <span class='ocrx_word' id='word_1_72' title='bbox 1296 1224 1473 1308; x_wconf 77' lang='lat' dir='ltr'><strong>puellarum</strong></span> 
     </span>
    </p>
   </div>
   <div class='ocr_carea' id='block_1_3' title="bbox 222 1330 1473 1525">
    <p class='ocr_par' dir='ltr' id='par_1_3' title="bbox 222 1330 1473 1525">
     <span class='ocr_line' id='line_1_9' title="bbox 222 1330 1473 1418; baseline -0.002 -20"><span class='ocrx_word' id='word_1_73' title='bbox 222 1333 266 1398; x_wconf 81' lang='lat' dir='ltr'><strong>de</strong></span> <span class='ocrx_word' id='word_1_74' title='bbox 287 1341 421 1416; x_wconf 89' lang='lat' dir='ltr'><strong>stupro,</strong></span> <span class='ocrx_word' id='word_1_75' title='bbox 437 1330 569 1394; x_wconf 88' lang='lat' dir='ltr'><strong>abactio</strong></span> <span class='ocrx_word' id='word_1_76' title='bbox 591 1337 717 1414; x_wconf 88' lang='lat' dir='ltr'><strong>partus,</strong></span> <span class='ocrx_word' id='word_1_77' title='bbox 733 1330 998 1414; x_wconf 87' lang='lat' dir='ltr'><strong>dardanariatus,</strong></span> <span class='ocrx_word' id='word_1_78' title='bbox 1014 1333 1148 1418; x_wconf 88' lang='lat' dir='ltr'><strong>aliaque</strong></span> <span class='ocrx_word' id='word_1_79' title='bbox 1162 1333 1279 1418; x_wconf 82' lang='lat' dir='ltr'><strong>phire,</strong></span> <span class='ocrx_word' id='word_1_80' title='bbox 1297 1333 1341 1397; x_wconf 90' lang='lat' dir='ltr'><strong>de</strong></span> <span class='ocrx_word' id='word_1_81' title='bbox 1365 1333 1473 1417; x_wconf 81' lang='lat' dir='ltr'><strong>quibua</strong></span> 
     </span>
     <span class='ocr_line' id='line_1_10' title="bbox 223 1437 1287 1525; baseline 0 -21"><span class='ocrx_word' id='word_1_82' title='bbox 223 1440 378 1505; x_wconf 89' lang='lat' dir='ltr'><strong>doctores</strong></span> <span class='ocrx_word' id='word_1_83' title='bbox 391 1437 435 1502; x_wconf 89' lang='lat' dir='ltr'><strong>ad</strong></span> <span class='ocrx_word' id='word_1_84' title='bbox 456 1437 698 1502; x_wconf 87' lang='lat' dir='ltr'><strong>Pandectarum</strong></span> <span class='ocrx_word' id='word_1_85' title='bbox 713 1439 782 1501; x_wconf 72' lang='lat' dir='ltr'><strong>Lis.</strong></span> <span class='ocrx_word' id='word_1_86' title='bbox 797 1439 934 1504; x_wconf 78' lang='lat' dir='ltr'><em>XLVII.</em></span> <span class='ocrx_word' id='word_1_87' title='bbox 956 1441 1015 1502; x_wconf 69' lang='lat' dir='ltr'><strong>itt.</strong></span> <span class='ocrx_word' id='word_1_88' title='bbox 1030 1441 1088 1502; x_wconf 89' lang='lat' dir='ltr'><strong>XI.</strong></span> <span class='ocrx_word' id='word_1_89' title='bbox 1104 1450 1140 1505; x_wconf 89' lang='lat' dir='ltr'><strong>et</strong></span> <span class='ocrx_word' id='word_1_90' title='bbox 1154 1463 1200 1525; x_wconf 79' lang='lat' dir='ltr'><strong>sq.</strong></span> <span class='ocrx_word' id='word_1_91' title='bbox 1278 1470 1287 1482; x_wconf 75' lang='lat'>=</span> 
     </span>
    </p>
   </div>
   <div class='ocr_carea' id='block_1_4' title="bbox 808 1584 889 1668">
    <p class='ocr_par' dir='ltr' id='par_1_4' title="bbox 808 1584 889 1668">
     <span class='ocr_line' id='line_1_11' title="bbox 808 1584 889 1668; baseline -0.025 -20"><span class='ocrx_word' id='word_1_92' title='bbox 808 1587 836 1668; x_wconf 70' lang='lat' dir='ltr'><strong>s.</strong></span> <span class='ocrx_word' id='word_1_93' title='bbox 858 1584 889 1648; x_wconf 84' lang='lat' dir='ltr'><strong>a.</strong></span> 
     </span>
    </p>
   </div>
   <div class='ocr_carea' id='block_1_5' title="bbox 224 1693 1475 2527">
    <p class='ocr_par' dir='ltr' id='par_1_5' title="bbox 604 1693 1097 1764">
     <span class='ocr_line' id='line_1_12' title="bbox 604 1693 1097 1764; baseline 0.002 -17"><span class='ocrx_word' id='word_1_94' title='bbox 604 1695 678 1754; x_wconf 81' lang='lat' dir='ltr'><strong>Quid</strong></span> <span class='ocrx_word' id='word_1_95' title='bbox 693 1695 764 1747; x_wconf 75' lang='lat' dir='ltr'><strong>mter</strong></span> <span class='ocrx_word' id='word_1_96' title='bbox 781 1711 813 1746; x_wconf 83' lang='lat' dir='ltr'><strong>ea</strong></span> <span class='ocrx_word' id='word_1_97' title='bbox 831 1701 857 1745; x_wconf 82' lang='lat' dir='ltr'><strong>ct</strong></span> <span class='ocrx_word' id='word_1_98' title='bbox 865 1693 972 1762; x_wconf 79' lang='lat' dir='ltr'><strong>judicic</strong></span> <span class='ocrx_word' id='word_1_99' title='bbox 988 1695 1097 1764; x_wconf 80' lang='lat' dir='ltr'><strong>populi?</strong></span> 
     </span>
    </p>

    <p class='ocr_par' dir='ltr' id='par_1_6' title="bbox 224 1777 1475 2527">
     <span class='ocr_line' id='line_1_13' title="bbox 305 1777 1474 1880; baseline -0.003 -19"><span class='ocrx_word' id='word_1_100' title='bbox 305 1795 476 1861; x_wconf 88' lang='lat' dir='ltr'><strong>Interdum</strong></span> <span class='ocrx_word' id='word_1_101' title='bbox 499 1805 539 1859; x_wconf 82' lang='lat' dir='ltr'><strong>et</strong></span> <span class='ocrx_word' id='word_1_102' title='bbox 554 1795 698 1879; x_wconf 87' lang='lat' dir='ltr'><strong>privatas</strong></span> <span class='ocrx_word' id='word_1_103' title='bbox 721 1777 762 1858; x_wconf 84' lang='lat' dir='ltr'><strong>et</strong></span> <span class='ocrx_word' id='word_1_104' title='bbox 777 1795 925 1878; x_wconf 86' lang='lat' dir='ltr'><strong>publicas</strong></span> <span class='ocrx_word' id='word_1_105' title='bbox 951 1817 1079 1859; x_wconf 83' lang='lat' dir='ltr'><strong>caussas</strong></span> <span class='ocrx_word' id='word_1_106' title='bbox 1100 1816 1167 1858; x_wconf 92' lang='lat' dir='ltr'><strong>non</strong></span> <span class='ocrx_word' id='word_1_107' title='bbox 1192 1795 1406 1880; x_wconf 82' lang='lat' dir='ltr'><strong>magistratus</strong></span> <span class='ocrx_word' id='word_1_108' title='bbox 1425 1817 1474 1857; x_wconf 89' lang='lat' dir='ltr'><strong>co-</strong></span> 
     </span>
     <span class='ocr_line' id='line_1_14' title="bbox 226 1901 1466 1992; baseline -0.001 -26"><span class='ocrx_word' id='word_1_109' title='bbox 226 1908 448 1992; x_wconf 86' lang='lat' dir='ltr'><strong>gnoscebant,</strong></span> <span class='ocrx_word' id='word_1_110' title='bbox 470 1901 528 1966; x_wconf 87' lang='lat' dir='ltr'><strong>sed</strong></span> <span class='ocrx_word' id='word_1_111' title='bbox 543 1901 702 1987; x_wconf 86' lang='lat' dir='ltr'><strong>populus,</strong></span> <span class='ocrx_word' id='word_1_112' title='bbox 718 1911 752 1966; x_wconf 91' lang='lat' dir='ltr'><strong>et</strong></span> <span class='ocrx_word' id='word_1_113' title='bbox 774 1913 851 1966; x_wconf 91' lang='lat' dir='ltr'><strong>tunc</strong></span> <span class='ocrx_word' id='word_1_114' title='bbox 867 1903 1030 1988; x_wconf 87' lang='lat' dir='ltr'><strong>ejusmodi</strong></span> <span class='ocrx_word' id='word_1_115' title='bbox 1045 1903 1174 1988; x_wconf 89' lang='lat' dir='ltr'><strong>judicia</strong></span> <span class='ocrx_word' id='word_1_116' title='bbox 1194 1905 1401 1966; x_wconf 87' lang='lat' dir='ltr'><strong>vocabantur</strong></span> <span class='ocrx_word' id='word_1_117' title='bbox 1417 1919 1466 1964; x_wconf 81' lang='lat' dir='ltr'><strong>ro·</strong></span> 
     </span>
     <span class='ocr_line' id='line_1_15' title="bbox 224 2009 1472 2096; baseline -0.002 -22"><span class='ocrx_word' id='word_1_118' title='bbox 224 2028 312 2075; x_wconf 79' lang='lat' dir='ltr'><strong>Puni.</strong></span> <span class='ocrx_word' id='word_1_119' title='bbox 328 2011 549 2095; x_wconf 86' lang='lat' dir='ltr'><strong>Privata-ejus</strong></span> <span class='ocrx_word' id='word_1_120' title='bbox 563 2011 694 2095; x_wconf 89' lang='lat' dir='ltr'><strong>generis</strong></span> <span class='ocrx_word' id='word_1_121' title='bbox 709 2011 835 2074; x_wconf 87' lang='lat' dir='ltr'><strong>rariora</strong></span> <span class='ocrx_word' id='word_1_122' title='bbox 849 2020 953 2092; x_wconf 90' lang='lat' dir='ltr'><strong>erant,</strong></span> <span class='ocrx_word' id='word_1_123' title='bbox 964 2011 1098 2096; x_wconf 91' lang='lat' dir='ltr'><strong>publica</strong></span> <span class='ocrx_word' id='word_1_124' title='bbox 1110 2009 1224 2094; x_wconf 91' lang='lat' dir='ltr'><strong>paullo</strong></span> <span class='ocrx_word' id='word_1_125' title='bbox 1241 2011 1472 2096; x_wconf 85' lang='lat' dir='ltr'><strong>frequentiora,</strong></span> 
     </span>
     <span class='ocr_line' id='line_1_16' title="bbox 224 2117 1475 2204; baseline -0.002 -22"><span class='ocrx_word' id='word_1_126' title='bbox 224 2120 332 2204; x_wconf 90' lang='lat' dir='ltr'><strong>iisque</strong></span> <span class='ocrx_word' id='word_1_127' title='bbox 354 2119 389 2183; x_wconf 93' lang='lat' dir='ltr'><strong>in</strong></span> <span class='ocrx_word' id='word_1_128' title='bbox 410 2119 521 2202; x_wconf 91' lang='lat' dir='ltr'><strong>primis</strong></span> <span class='ocrx_word' id='word_1_129' title='bbox 541 2118 741 2202; x_wconf 87' lang='lat' dir='ltr'><strong>majestatis,</strong></span> <span class='ocrx_word' id='word_1_130' title='bbox 758 2119 890 2202; x_wconf 89' lang='lat' dir='ltr'><strong>aliaque</strong></span> <span class='ocrx_word' id='word_1_131' title='bbox 913 2118 1049 2183; x_wconf 88' lang='lat' dir='ltr'><strong>crimina</strong></span> <span class='ocrx_word' id='word_1_132' title='bbox 1071 2118 1340 2201; x_wconf 87' lang='lat' dir='ltr'><strong>vindicabantur,</strong></span> <span class='ocrx_word' id='word_1_133' title='bbox 1361 2117 1395 2181; x_wconf 85' lang='lat' dir='ltr'><strong>iu</strong></span> <span class='ocrx_word' id='word_1_134' title='bbox 1410 2118 1475 2201; x_wconf 92' lang='lat' dir='ltr'><strong>qui·</strong></span> 
     </span>
     <span class='ocr_line' id='line_1_17' title="bbox 225 2225 1474 2310; baseline -0.002 -21"><span class='ocrx_word' id='word_1_135' title='bbox 225 2227 286 2289; x_wconf 91' lang='lat' dir='ltr'><strong>bus</strong></span> <span class='ocrx_word' id='word_1_136' title='bbox 309 2226 351 2289; x_wconf 90' lang='lat' dir='ltr'><strong>de</strong></span> <span class='ocrx_word' id='word_1_137' title='bbox 376 2227 487 2310; x_wconf 90' lang='lat' dir='ltr'><strong>capite</strong></span> <span class='ocrx_word' id='word_1_138' title='bbox 509 2227 589 2290; x_wconf 91' lang='lat' dir='ltr'><strong>civis</strong></span> <span class='ocrx_word' id='word_1_139' title='bbox 611 2225 756 2290; x_wconf 87' lang='lat' dir='ltr'><strong>Romani</strong></span> <span class='ocrx_word' id='word_1_140' title='bbox 780 2230 1010 2310; x_wconf 86' lang='lat' dir='ltr'><strong>quaerebatur.</strong></span> <span class='ocrx_word' id='word_1_141' title='bbox 1032 2227 1122 2290; x_wconf 90' lang='lat' dir='ltr'><strong>Hinc</strong></span> <span class='ocrx_word' id='word_1_142' title='bbox 1146 2225 1325 2310; x_wconf 86' lang='lat' dir='ltr'><strong>eleganter</strong></span> <span class='ocrx_word' id='word_1_143' title='bbox 1348 2226 1474 2290; x_wconf 85' lang='lat' dir='ltr'><strong>Plautus</strong></span> 
     </span>
     <span class='ocr_line' id='line_1_18' title="bbox 225 2333 1475 2419; baseline -0.002 -21"><span class='ocrx_word' id='word_1_144' title='bbox 225 2335 260 2398; x_wconf 90' lang='lat' dir='ltr'><strong>in</strong></span> <span class='ocrx_word' id='word_1_145' title='bbox 275 2336 487 2397; x_wconf 76' lang='lat' dir='ltr'><strong>Menaechmis</strong></span> <span class='ocrx_word' id='word_1_146' title='bbox 503 2336 574 2397; x_wconf 80' lang='lat' dir='ltr'><strong>Act.</strong></span> <span class='ocrx_word' id='word_1_147' title='bbox 589 2335 646 2397; x_wconf 87' lang='lat' dir='ltr'><strong>IV.</strong></span> <span class='ocrx_word' id='word_1_148' title='bbox 662 2355 703 2396; x_wconf 84' lang='lat' dir='ltr'><strong>ec.</strong></span> <span class='ocrx_word' id='word_1_149' title='bbox 717 2334 748 2396; x_wconf 79' lang='lat'><strong>2.</strong></span> <span class='ocrx_word' id='word_1_150' title='bbox 762 2355 790 2396; x_wconf 81' lang='lat' dir='ltr'><strong>s.</strong></span> <span class='ocrx_word' id='word_1_151' title='bbox 805 2333 856 2398; x_wconf 90' lang='grc'><strong>18.</strong></span> <span class='ocrx_word' id='word_1_152' title='bbox 871 2355 915 2415; x_wconf 82' lang='lat' dir='ltr'><strong>aq.</strong></span> <span class='ocrx_word' id='word_1_153' title='bbox 931 2334 1088 2398; x_wconf 87' lang='lat' dir='ltr'><strong>discernit</strong></span> <span class='ocrx_word' id='word_1_154' title='bbox 1104 2333 1232 2419; x_wconf 87' lang='lat' dir='ltr'><strong>judicia</strong></span> <span class='ocrx_word' id='word_1_155' title='bbox 1253 2339 1404 2416; x_wconf 80' lang='lat' dir='ltr'><strong>privata,</strong></span> <span class='ocrx_word' id='word_1_156' title='bbox 1422 2355 1475 2416; x_wconf 82' lang='lat' dir='ltr'><strong>pu-</strong></span> 
     </span>
     <span class='ocr_line' id='line_1_19' title="bbox 227 2441 1274 2527; baseline -0.003 -21"><span class='ocrx_word' id='word_1_157' title='bbox 227 2442 317 2517; x_wconf 76' lang='lat' dir='ltr'><strong>blica,</strong></span> <span class='ocrx_word' id='word_1_158' title='bbox 333 2451 367 2506; x_wconf 91' lang='lat' dir='ltr'><strong>et</strong></span> <span class='ocrx_word' id='word_1_159' title='bbox 383 2463 469 2527; x_wconf 90' lang='lat' dir='ltr'><strong>quae</strong></span> <span class='ocrx_word' id='word_1_160' title='bbox 484 2463 589 2504; x_wconf 83' lang='lat' dir='ltr'><strong>coram</strong></span> <span class='ocrx_word' id='word_1_161' title='bbox 599 2443 717 2523; x_wconf 69' lang='lat' dir='ltr'><strong>papinio</strong></span> <span class='ocrx_word' id='word_1_162' title='bbox 731 2441 983 2506; x_wconf 83' lang='lat' dir='ltr'><strong>exercebantur.</strong></span> <span class='ocrx_word' id='word_1_163' title='bbox 999 2443 1050 2506; x_wconf 91' lang='lat' dir='ltr'><strong>En</strong></span> <span class='ocrx_word' id='word_1_164' title='bbox 1067 2443 1137 2526; x_wconf 87' lang='lat' dir='ltr'><strong>ejus</strong></span> <span class='ocrx_word' id='word_1_165' title='bbox 1152 2442 1274 2520; x_wconf 84' lang='lat' dir='ltr'><strong>verba:</strong></span> 
     </span>
    </p>
   </div>
   <div class='ocr_carea' id='block_1_6' title="bbox 302 2559 1271 2735">
    <p class='ocr_par' dir='ltr' id='par_1_7' title="bbox 302 2559 1271 2735">
     <span class='ocr_line' id='line_1_20' title="bbox 302 2559 832 2619; baseline 0 0"><span class='ocrx_word' id='word_1_166' title='bbox 302 2611 305 2619; x_wconf 93' lang='lat'><strong>.</strong></span> <span class='ocrx_word' id='word_1_167' title='bbox 373 2596 417 2605; x_wconf 95' lang='lat'><em>-</em></span> <span class='ocrx_word' id='word_1_168' title='bbox 456 2593 500 2604; x_wconf 83' lang='lat'><em>-</em></span> <span class='ocrx_word' id='word_1_169' title='bbox 541 2593 584 2602; x_wconf 88' lang='lat'><strong>—-</strong></span> <span class='ocrx_word' id='word_1_170' title='bbox 624 2592 668 2602; x_wconf 92' lang='lat'>—</span> <span class='ocrx_word' id='word_1_171' title='bbox 709 2559 832 2619; x_wconf 83' lang='lat' dir='ltr'><strong>autad</strong></span> 
     </span>
     <span class='ocr_line' id='line_1_21' title="bbox 374 2665 1271 2735; baseline 0.002 -10"><span class='ocrx_word' id='word_1_172' title='bbox 374 2683 546 2735; x_wconf 75' lang='lat' dir='ltr'><strong>rarorum,</strong></span> <span class='ocrx_word' id='word_1_173' title='bbox 568 2665 678 2723; x_wconf 82' lang='lat' dir='ltr'><strong>autin</strong></span> <span class='ocrx_word' id='word_1_174' title='bbox 699 2683 796 2735; x_wconf 74' lang='lat' dir='ltr'><strong>suaa,</strong></span> <span class='ocrx_word' id='word_1_175' title='bbox 819 2673 875 2726; x_wconf 75' lang='lat' dir='ltr'><strong>aar</strong></span> <span class='ocrx_word' id='word_1_176' title='bbox 896 2667 942 2727; x_wconf 74' lang='lat' dir='ltr'><strong>ud</strong></span> <span class='ocrx_word' id='word_1_177' title='bbox 960 2686 1119 2726; x_wconf 64' lang='lat' dir='ltr'><strong>raulcurt</strong></span> <span class='ocrx_word' id='word_1_178' title='bbox 1140 2686 1193 2726; x_wconf 85' lang='lat' dir='ltr'><strong>rea</strong></span> <span class='ocrx_word' id='word_1_179' title='bbox 1213 2673 1271 2727; x_wconf 82' lang='lat' dir='ltr'><strong>cst.</strong></span> 
     </span>
    </p>
   </div>
   <div class='ocr_carea' id='block_1_7' title="bbox 230 2777 1474 2864">
    <p class='ocr_par' dir='ltr' id='par_1_8' title="bbox 230 2777 1474 2864">
     <span class='ocr_line' id='line_1_22' title="bbox 230 2777 1474 2864; baseline -0.004 -21"><span class='ocrx_word' id='word_1_180' title='bbox 230 2779 298 2845; x_wconf 88' lang='lat' dir='ltr'><strong>Sed</strong></span> <span class='ocrx_word' id='word_1_181' title='bbox 313 2779 356 2843; x_wconf 91' lang='lat' dir='ltr'><strong>de</strong></span> <span class='ocrx_word' id='word_1_182' title='bbox 369 2779 421 2842; x_wconf 87' lang='lat' dir='ltr'><strong>bis</strong></span> <span class='ocrx_word' id='word_1_183' title='bbox 439 2777 556 2864; x_wconf 89' lang='lat' dir='ltr'><strong>populi</strong></span> <span class='ocrx_word' id='word_1_184' title='bbox 572 2777 707 2862; x_wconf 87' lang='lat' dir='ltr'><strong>judiciis</strong></span> <span class='ocrx_word' id='word_1_185' title='bbox 723 2778 782 2842; x_wconf 88' lang='lat' dir='ltr'><strong>sub</strong></span> <span class='ocrx_word' id='word_1_186' title='bbox 798 2779 897 2843; x_wconf 85' lang='lat' dir='ltr'><strong>finem</strong></span> <span class='ocrx_word' id='word_1_187' title='bbox 919 2781 1008 2845; x_wconf 92' lang='lat' dir='ltr'><strong>tituli</strong></span> <span class='ocrx_word' id='word_1_188' title='bbox 1025 2781 1135 2864; x_wconf 90' lang='lat' dir='ltr'><strong>aptior</strong></span> <span class='ocrx_word' id='word_1_189' title='bbox 1151 2781 1215 2843; x_wconf 88' lang='lat' dir='ltr'><strong>crit</strong></span> <span class='ocrx_word' id='word_1_190' title='bbox 1232 2779 1373 2844; x_wconf 89' lang='lat' dir='ltr'><strong>dicendi</strong></span> <span class='ocrx_word' id='word_1_191' title='bbox 1389 2779 1474 2843; x_wconf 84' lang='lat' dir='ltr'><strong>locus.</strong></span> 
     </span>
    </p>
   </div>
   <div class='ocr_carea' id='block_1_8' title="bbox 206 2931 1479 3880">
    <p class='ocr_par' dir='ltr' id='par_1_9' title="bbox 517 2931 1199 3115">
     <span class='ocr_line' id='line_1_23' title="bbox 814 2931 892 3012; baseline 0 -18"><span class='ocrx_word' id='word_1_192' title='bbox 814 2931 844 3012; x_wconf 62' lang='grc' dir='ltr'><strong>ἓ.</strong></span> <span class='ocrx_word' id='word_1_193' title='bbox 860 2931 892 2994; x_wconf 88' lang='grc'><strong>4.</strong></span> 
     </span>
     <span class='ocr_line' id='line_1_24' title="bbox 517 3044 1199 3115; baseline -0.003 -17"><span class='ocrx_word' id='word_1_194' title='bbox 517 3045 655 3104; x_wconf 67' lang='lat' dir='ltr'><strong>Quaestum</strong></span> <span class='ocrx_word' id='word_1_195' title='bbox 672 3045 784 3098; x_wconf 82' lang='lat' dir='ltr'><strong>crimina</strong></span> <span class='ocrx_word' id='word_1_196' title='bbox 801 3047 932 3098; x_wconf 82' lang='lat' dir='ltr'><strong>vindicata</strong></span> <span class='ocrx_word' id='word_1_197' title='bbox 941 3046 1054 3115; x_wconf 72' lang='lat' dir='ltr'><strong>judiciis</strong></span> <span class='ocrx_word' id='word_1_198' title='bbox 1067 3044 1199 3114; x_wconf 69' lang='lat' dir='ltr'><strong>publicu?</strong></span> 
     </span>
    </p>

    <p class='ocr_par' dir='ltr' id='par_1_10' title="bbox 230 3143 1478 3555">
     <span class='ocr_line' id='line_1_25' title="bbox 313 3143 1477 3231; baseline -0.005 -20"><span class='ocrx_word' id='word_1_199' title='bbox 313 3147 469 3211; x_wconf 90' lang='lat' dir='ltr'><strong>Ceterum</strong></span> <span class='ocrx_word' id='word_1_200' title='bbox 485 3145 621 3230; x_wconf 90' lang='lat' dir='ltr'><strong>judiciis</strong></span> <span class='ocrx_word' id='word_1_201' title='bbox 643 3162 795 3210; x_wconf 74' lang='lat' dir='ltr'><strong>Poenicis</strong></span> <span class='ocrx_word' id='word_1_202' title='bbox 808 3147 943 3231; x_wconf 91' lang='lat' dir='ltr'><strong>proprie</strong></span> <span class='ocrx_word' id='word_1_203' title='bbox 965 3146 1012 3208; x_wconf 87' lang='lat' dir='ltr'><strong>ita</strong></span> <span class='ocrx_word' id='word_1_204' title='bbox 1034 3145 1130 3210; x_wconf 88' lang='lat' dir='ltr'><strong>dietis</strong></span> <span class='ocrx_word' id='word_1_205' title='bbox 1151 3145 1409 3210; x_wconf 87' lang='lat' dir='ltr'><strong>vindicabantur</strong></span> <span class='ocrx_word' id='word_1_206' title='bbox 1423 3143 1477 3205; x_wconf 90' lang='lat' dir='ltr'><strong>cri-</strong></span> 
     </span>
     <span class='ocr_line' id='line_1_26' title="bbox 232 3251 1474 3339; baseline -0.006 -19"><span class='ocrx_word' id='word_1_207' title='bbox 232 3257 320 3320; x_wconf 91' lang='lat' dir='ltr'><strong>mina</strong></span> <span class='ocrx_word' id='word_1_208' title='bbox 341 3254 492 3339; x_wconf 89' lang='lat' dir='ltr'><strong>publica,</strong></span> <span class='ocrx_word' id='word_1_209' title='bbox 514 3273 599 3337; x_wconf 86' lang='lat' dir='ltr'><strong>quae</strong></span> <span class='ocrx_word' id='word_1_210' title='bbox 625 3252 680 3316; x_wconf 91' lang='lat' dir='ltr'><strong>vel</strong></span> <span class='ocrx_word' id='word_1_211' title='bbox 706 3253 861 3318; x_wconf 90' lang='lat' dir='ltr'><strong>adversus</strong></span> <span class='ocrx_word' id='word_1_212' title='bbox 884 3251 1121 3338; x_wconf 86' lang='lat' dir='ltr'><strong>rempublicam</strong></span> <span class='ocrx_word' id='word_1_213' title='bbox 1148 3253 1283 3316; x_wconf 89' lang='lat' dir='ltr'><strong>fuerant</strong></span> <span class='ocrx_word' id='word_1_214' title='bbox 1307 3251 1474 3326; x_wconf 87' lang='lat' dir='ltr'><strong>commissa,</strong></span> 
     </span>
     <span class='ocr_line' id='line_1_27' title="bbox 233 3358 1470 3448; baseline -0.008 -20"><span class='ocrx_word' id='word_1_215' title='bbox 233 3364 289 3428; x_wconf 93' lang='lat' dir='ltr'><strong>vel</strong></span> <span class='ocrx_word' id='word_1_216' title='bbox 310 3362 514 3448; x_wconf 86' lang='lat' dir='ltr'><strong>reipublicae</strong></span> <span class='ocrx_word' id='word_1_217' title='bbox 537 3361 675 3426; x_wconf 86' lang='lat' dir='ltr'><strong>salutem</strong></span> <span class='ocrx_word' id='word_1_218' title='bbox 697 3361 853 3444; x_wconf 88' lang='lat' dir='ltr'><strong>laedere,</strong></span> <span class='ocrx_word' id='word_1_219' title='bbox 869 3363 1036 3447; x_wconf 88' lang='lat' dir='ltr'><strong>dignaque</strong></span> <span class='ocrx_word' id='word_1_220' title='bbox 1057 3360 1144 3425; x_wconf 89' lang='lat' dir='ltr'><strong>adeo</strong></span> <span class='ocrx_word' id='word_1_221' title='bbox 1165 3358 1377 3442; x_wconf 91' lang='lat' dir='ltr'><strong>videbantur,</strong></span> <span class='ocrx_word' id='word_1_222' title='bbox 1395 3376 1470 3442; x_wconf 85' lang='lat' dir='ltr'><strong>quae</strong></span> 
     </span>
     <span class='ocr_line' id='line_1_28' title="bbox 230 3465 1478 3555; baseline -0.009 -19"><span class='ocrx_word' id='word_1_223' title='bbox 230 3471 308 3555; x_wconf 89' lang='lat' dir='ltr'><strong>lege</strong></span> <span class='ocrx_word' id='word_1_224' title='bbox 324 3479 359 3533; x_wconf 94' lang='lat' dir='ltr'><strong>et</strong></span> <span class='ocrx_word' id='word_1_225' title='bbox 380 3492 488 3554; x_wconf 88' lang='lat' dir='ltr'><strong>poena</strong></span> <span class='ocrx_word' id='word_1_226' title='bbox 510 3469 643 3553; x_wconf 90' lang='lat' dir='ltr'><strong>publica</strong></span> <span class='ocrx_word' id='word_1_227' title='bbox 658 3469 913 3534; x_wconf 89' lang='lat' dir='ltr'><strong>vindicarentur.</strong></span> <span class='ocrx_word' id='word_1_228' title='bbox 934 3469 1059 3532; x_wconf 87' lang='lat' dir='ltr'><strong>Prioris</strong></span> <span class='ocrx_word' id='word_1_229' title='bbox 1081 3468 1213 3552; x_wconf 89' lang='lat' dir='ltr'><strong>generis</strong></span> <span class='ocrx_word' id='word_1_230' title='bbox 1232 3477 1334 3531; x_wconf 89' lang='lat' dir='ltr'><strong>erant</strong></span> <span class='ocrx_word' id='word_1_231' title='bbox 1354 3465 1478 3530; x_wconf 88' lang='lat' dir='ltr'><strong>crimina</strong></span> 
     </span>
    </p>

    <p class='ocr_par' dir='ltr' id='par_1_11' title="bbox 206 3567 1479 3880">
     <span class='ocr_line' id='line_1_29' title="bbox 206 3567 1478 3662; baseline -0.005 -22"><span class='ocrx_word' id='word_1_232' title='bbox 206 3647 207 3652; x_wconf 8' lang='grc' dir='ltr'>ἵ</span> <span class='ocrx_word' id='word_1_233' title='bbox 231 3577 383 3659; x_wconf 87' lang='lat' dir='ltr'><strong>ambitus,</strong></span> <span class='ocrx_word' id='word_1_234' title='bbox 395 3577 661 3660; x_wconf 89' lang='lat' dir='ltr'><strong>repetundarum,</strong></span> <span class='ocrx_word' id='word_1_235' title='bbox 676 3570 725 3640; x_wconf 87' lang='lat' dir='ltr'><strong>vis</strong></span> <span class='ocrx_word' id='word_1_236' title='bbox 736 3567 906 3661; x_wconf 71' lang='lat' dir='ltr'><strong>publica&#39;e;</strong></span> <span class='ocrx_word' id='word_1_237' title='bbox 921 3576 1125 3662; x_wconf 90' lang='lat' dir='ltr'><strong>posterioris,</strong></span> <span class='ocrx_word' id='word_1_238' title='bbox 1139 3576 1371 3658; x_wconf 87' lang='lat' dir='ltr'><strong>homicidium,</strong></span> <span class='ocrx_word' id='word_1_239' title='bbox 1385 3593 1478 3637; x_wconf 88' lang='lat' dir='ltr'><strong>vene·</strong></span> 
     </span>
     <span class='ocr_line' id='line_1_30' title="bbox 232 3681 1478 3769; baseline -0.006 -21"><span class='ocrx_word' id='word_1_240' title='bbox 232 3684 360 3764; x_wconf 90' lang='lat' dir='ltr'><strong>ficium,</strong></span> <span class='ocrx_word' id='word_1_241' title='bbox 377 3684 604 3766; x_wconf 87' lang='lat' dir='ltr'><strong>parricidium,</strong></span> <span class='ocrx_word' id='word_1_242' title='bbox 626 3685 761 3750; x_wconf 90' lang='lat' dir='ltr'><strong>crimina</strong></span> <span class='ocrx_word' id='word_1_243' title='bbox 783 3687 876 3769; x_wconf 85' lang='lat' dir='ltr'><strong>falsi,</strong></span> <span class='ocrx_word' id='word_1_244' title='bbox 899 3684 1073 3766; x_wconf 89' lang='lat' dir='ltr'><strong>adulterii,</strong></span> <span class='ocrx_word' id='word_1_245' title='bbox 1095 3684 1215 3768; x_wconf 84' lang='lat' dir='ltr'><strong>plagii:</strong></span> <span class='ocrx_word' id='word_1_246' title='bbox 1239 3683 1317 3748; x_wconf 90' lang='lat' dir='ltr'><strong>Car.</strong></span> <span class='ocrx_word' id='word_1_247' title='bbox 1333 3681 1478 3767; x_wconf 88' lang='lat' dir='ltr'><strong>Sigonius</strong></span> 
     </span>
     <span class='ocr_line' id='line_1_31' title="bbox 233 3787 1479 3880; baseline -0.003 -26"><span class='ocrx_word' id='word_1_248' title='bbox 233 3793 272 3854; x_wconf 82' lang='lat' dir='ltr'><strong>de</strong></span> <span class='ocrx_word' id='word_1_249' title='bbox 286 3793 414 3854; x_wconf 77' lang='lat' dir='ltr'><strong>Jndieirir</strong></span> <span class='ocrx_word' id='word_1_250' title='bbox 429 3794 471 3854; x_wconf 89' lang='lat' dir='ltr'><strong>II.</strong></span> <span class='ocrx_word' id='word_1_251' title='bbox 486 3791 516 3854; x_wconf 75' lang='lat'><strong>2.</strong></span> <span class='ocrx_word' id='word_1_252' title='bbox 531 3813 566 3873; x_wconf 85' lang='lat' dir='ltr'><strong>p.</strong></span> <span class='ocrx_word' id='word_1_253' title='bbox 580 3792 652 3854; x_wconf 76' lang='lat'><strong>531.</strong></span> <span class='ocrx_word' id='word_1_254' title='bbox 667 3815 712 3876; x_wconf 83' lang='lat' dir='ltr'><strong>sq.</strong></span> <span class='ocrx_word' id='word_1_255' title='bbox 733 3795 811 3859; x_wconf 88' lang='lat' dir='ltr'><strong>Non</strong></span> <span class='ocrx_word' id='word_1_256' title='bbox 832 3817 912 3880; x_wconf 84' lang='lat' dir='ltr'><strong>ergo</strong></span> <span class='ocrx_word' id='word_1_257' title='bbox 930 3793 1039 3856; x_wconf 92' lang='lat' dir='ltr'><strong>omnia</strong></span> <span class='ocrx_word' id='word_1_258' title='bbox 1063 3791 1200 3856; x_wconf 88' lang='lat' dir='ltr'><strong>crimina</strong></span> <span class='ocrx_word' id='word_1_259' title='bbox 1214 3789 1358 3874; x_wconf 83' lang='lat' dir='ltr'><strong>judiciis</strong></span> <span class='ocrx_word' id='word_1_260' title='bbox 1381 3787 1479 3873; x_wconf 92' lang='lat' dir='ltr'><strong>publi-</strong></span> 
     </span>
    </p>
   </div>
   <div class='ocr_carea' id='block_1_9' title="bbox 228 3897 1517 4307">
    <p class='ocr_par' dir='ltr' id='par_1_12' title="bbox 228 3897 1517 4307">
     <span class='ocr_line' id='line_1_32' title="bbox 235 3897 1517 3987; baseline -0.005 -24"><span class='ocrx_word' id='word_1_261' title='bbox 235 3901 279 3962; x_wconf 86' lang='lat' dir='ltr'><strong>cis</strong></span> <span class='ocrx_word' id='word_1_262' title='bbox 295 3898 563 3974; x_wconf 91' lang='lat' dir='ltr'><strong>vindicabantur,</strong></span> <span class='ocrx_word' id='word_1_263' title='bbox 585 3898 642 3961; x_wconf 86' lang='lat' dir='ltr'><strong>sed</strong></span> <span class='ocrx_word' id='word_1_264' title='bbox 660 3922 717 3981; x_wconf 89' lang='lat' dir='ltr'><strong>ea,</strong></span> <span class='ocrx_word' id='word_1_265' title='bbox 740 3903 919 3987; x_wconf 89' lang='lat' dir='ltr'><strong>dequibus</strong></span> <span class='ocrx_word' id='word_1_266' title='bbox 940 3900 1035 3985; x_wconf 88' lang='lat' dir='ltr'><strong>leges</strong></span> <span class='ocrx_word' id='word_1_267' title='bbox 1051 3901 1253 3986; x_wconf 90' lang='lat' dir='ltr'><strong>judiciorum</strong></span> <span class='ocrx_word' id='word_1_268' title='bbox 1278 3897 1478 3980; x_wconf 88' lang='lat' dir='ltr'><strong>publicorum</strong></span> <span class='ocrx_word' id='word_1_269' title='bbox 1516 3963 1517 3984; x_wconf 14' lang='grc' dir='ltr'>χ</span> 
     </span>
     <span class='ocr_line' id='line_1_33' title="bbox 236 4003 1517 4096; baseline -0.006 -26"><span class='ocrx_word' id='word_1_270' title='bbox 236 4010 417 4071; x_wconf 84' lang='lat' dir='ltr'><strong>exstabant.</strong></span> <span class='ocrx_word' id='word_1_271' title='bbox 439 4007 538 4070; x_wconf 89' lang='lat' dir='ltr'><strong>Un&#39;de</strong></span> <span class='ocrx_word' id='word_1_272' title='bbox 554 4009 669 4071; x_wconf 91' lang='lat' dir='ltr'><strong>Macer</strong></span> <span class='ocrx_word' id='word_1_273' title='bbox 685 4011 722 4072; x_wconf 80' lang='lat' dir='ltr'><strong>I..</strong></span> <span class='ocrx_word' id='word_1_274' title='bbox 738 4012 767 4072; x_wconf 92' lang='lat'><strong>1.</strong></span> <span class='ocrx_word' id='word_1_275' title='bbox 782 4012 823 4071; x_wconf 82' lang='lat' dir='ltr'><strong>D.</strong></span> <span class='ocrx_word' id='word_1_276' title='bbox 838 4011 877 4070; x_wconf 87' lang='lat' dir='ltr'><strong>de</strong></span> <span class='ocrx_word' id='word_1_277' title='bbox 894 4010 1014 4070; x_wconf 80' lang='lat' dir='ltr'><strong>Public.</strong></span> <span class='ocrx_word' id='word_1_278' title='bbox 1025 4009 1127 4091; x_wconf 84' lang='lat' dir='ltr'><strong>judic.</strong></span> <span class='ocrx_word' id='word_1_279' title='bbox 1147 4007 1222 4068; x_wconf 85' lang='lat' dir='ltr'><strong>Non</strong></span> <span class='ocrx_word' id='word_1_280' title='bbox 1239 4009 1358 4077; x_wconf 72' lang='lat' dir='ltr'><strong>omnia,</strong></span> <span class='ocrx_word' id='word_1_281' title='bbox 1373 4003 1479 4088; x_wconf 87' lang='lat' dir='ltr'><strong>iuquit.</strong></span> <span class='ocrx_word' id='word_1_282' title='bbox 1516 4015 1517 4096; x_wconf 55' lang='lat' dir='ltr'><strong>l</strong></span> 
     </span>
     <span class='ocr_line' id='line_1_34' title="bbox 228 4114 1517 4203; baseline -0.008 -23"><span class='ocrx_word' id='word_1_283' title='bbox 228 4119 367 4200; x_wconf 84' lang='lat' dir='ltr'><strong>judicia,</strong></span> <span class='ocrx_word' id='word_1_284' title='bbox 390 4121 422 4178; x_wconf 83' lang='lat' dir='ltr'><strong>in</strong></span> <span class='ocrx_word' id='word_1_285' title='bbox 446 4117 554 4196; x_wconf 76' lang='lat' dir='ltr'><strong>quibus</strong></span> <span class='ocrx_word' id='word_1_286' title='bbox 580 4125 696 4179; x_wconf 72' lang='lat' dir='ltr'><strong>oraim</strong></span> <span class='ocrx_word' id='word_1_287' title='bbox 718 4122 868 4190; x_wconf 81' lang='lat' dir='ltr'><strong>vertitur,</strong></span> <span class='ocrx_word' id='word_1_288' title='bbox 893 4125 923 4203; x_wconf 78' lang='lat' dir='ltr'><strong>et</strong></span> <span class='ocrx_word' id='word_1_289' title='bbox 947 4117 1186 4198; x_wconf 66' lang='lat' dir='ltr'><strong>publicassent,</strong></span> <span class='ocrx_word' id='word_1_290' title='bbox 1211 4114 1268 4175; x_wconf 82' lang='lat' dir='ltr'><strong>aed</strong></span> <span class='ocrx_word' id='word_1_291' title='bbox 1293 4134 1334 4172; x_wconf 87' lang='lat' dir='ltr'><strong>eo</strong></span> <span class='ocrx_word' id='word_1_292' title='bbox 1358 4123 1480 4178; x_wconf 79' lang='lat' dir='ltr'><strong>tantam,</strong></span> <span class='ocrx_word' id='word_1_293' title='bbox 1516 4117 1517 4169; x_wconf 82' lang='lat' dir='ltr'><strong>l</strong></span> 
     </span>
     <span class='ocr_line' id='line_1_35' title="bbox 234 4223 1411 4307; baseline -0.007 -19"><span class='ocrx_word' id='word_1_294' title='bbox 234 4247 315 4306; x_wconf 78' lang='lat' dir='ltr'><strong>quoe</strong></span> <span class='ocrx_word' id='word_1_295' title='bbox 329 4245 369 4288; x_wconf 72' lang='lat' dir='ltr'><strong>es</strong></span> <span class='ocrx_word' id='word_1_296' title='bbox 382 4226 500 4306; x_wconf 77' lang='lat' dir='ltr'><strong>legibus</strong></span> <span class='ocrx_word' id='word_1_297' title='bbox 506 4227 698 4307; x_wconf 80' lang='lat' dir='ltr'><strong>judiciorum</strong></span> <span class='ocrx_word' id='word_1_298' title='bbox 709 4227 904 4307; x_wconf 71' lang='lat' dir='ltr'><strong>publicorum</strong></span> <span class='ocrx_word' id='word_1_299' title='bbox 919 4228 1057 4298; x_wconf 81' lang='lat' dir='ltr'><strong>ueniunt,</strong></span> <span class='ocrx_word' id='word_1_300' title='bbox 1071 4233 1108 4284; x_wconf 84' lang='lat' dir='ltr'><strong>ut</strong></span> <span class='ocrx_word' id='word_1_301' title='bbox 1121 4223 1206 4286; x_wconf 71' lang='lat' dir='ltr'><strong>dulia</strong></span> <span class='ocrx_word' id='word_1_302' title='bbox 1220 4223 1411 4304; x_wconf 57' lang='lat' dir='ltr'><strong>majestatie.</strong></span> 
     </span>
    </p>
   </div>
   <div class='ocr_carea' id='block_1_10' title="bbox 816 4378 897 4458">
    <p class='ocr_par' dir='ltr' id='par_1_13' title="bbox 816 4378 897 4458">
     <span class='ocr_line' id='line_1_36' title="bbox 816 4378 897 4458; baseline -0.099 -13"><span class='ocrx_word' id='word_1_303' title='bbox 816 4379 844 4458; x_wconf 80' lang='lat'><strong>§-</strong></span> <span class='ocrx_word' id='word_1_304' title='bbox 866 4378 897 4444; x_wconf 78' lang='lat'><strong>5.</strong></span> 
     </span>
    </p>
   </div>
   <div class='ocr_carea' id='block_1_11' title="bbox 321 4490 1516 4678">
    <p class='ocr_par' dir='ltr' id='par_1_14' title="bbox 321 4490 1516 4678">
     <span class='ocr_line' id='line_1_37' title="bbox 448 4490 1342 4561; baseline -0.007 -17"><span class='ocrx_word' id='word_1_305' title='bbox 448 4491 550 4552; x_wconf 72' lang='lat' dir='ltr'><strong>Quibus</strong></span> <span class='ocrx_word' id='word_1_306' title='bbox 564 4493 657 4561; x_wconf 74' lang='lat' dir='ltr'><strong>poeat&#39;s</strong></span> <span class='ocrx_word' id='word_1_307' title='bbox 673 4493 884 4560; x_wconf 57' lang='lat' dir='ltr'><strong>ammadversum</strong></span> <span class='ocrx_word' id='word_1_308' title='bbox 900 4493 929 4544; x_wconf 74' lang='lat' dir='ltr'><strong>ia</strong></span> <span class='ocrx_word' id='word_1_309' title='bbox 946 4495 1024 4545; x_wconf 74' lang='lat' dir='ltr'><strong>reos?</strong></span> <span class='ocrx_word' id='word_1_310' title='bbox 1045 4491 1119 4550; x_wconf 78' lang='lat' dir='ltr'><strong>Quid</strong></span> <span class='ocrx_word' id='word_1_311' title='bbox 1134 4490 1278 4542; x_wconf 71' lang='lat' dir='ltr'><strong>damnant</strong></span> <span class='ocrx_word' id='word_1_312' title='bbox 1339 4497 1342 4502; x_wconf 84' lang='lat'>&#39;</span> 
     </span>
     <span class='ocr_line' id='line_1_38' title="bbox 321 4575 1516 4678; baseline -0.002 -27"><span class='ocrx_word' id='word_1_313' title='bbox 321 4591 370 4652; x_wconf 87' lang='lat' dir='ltr'><strong>Ea</strong></span> <span class='ocrx_word' id='word_1_314' title='bbox 384 4592 519 4676; x_wconf 85' lang='lat' dir='ltr'><strong>crimina</strong></span> <span class='ocrx_word' id='word_1_315' title='bbox 529 4594 646 4675; x_wconf 87' lang='lat' dir='ltr'><strong>poenis</strong></span> <span class='ocrx_word' id='word_1_316' title='bbox 660 4591 923 4676; x_wconf 87' lang='lat' dir='ltr'><strong>vindicabantur,</strong></span> <span class='ocrx_word' id='word_1_317' title='bbox 939 4613 1075 4678; x_wconf 89' lang='lat' dir='ltr'><strong>quarum</strong></span> <span class='ocrx_word' id='word_1_318' title='bbox 1087 4599 1164 4654; x_wconf 85' lang='lat' dir='ltr'><strong>octo</strong></span> <span class='ocrx_word' id='word_1_319' title='bbox 1177 4609 1304 4674; x_wconf 88' lang='lat' dir='ltr'><strong>genera</strong></span> <span class='ocrx_word' id='word_1_320' title='bbox 1317 4587 1483 4652; x_wconf 80' lang='lat' dir='ltr'><strong>Ciceronis</strong></span> <span class='ocrx_word' id='word_1_321' title='bbox 1515 4575 1516 4620; x_wconf 64' lang='lat'><em>³</em></span> 
     </span>
    </p>
   </div>
   <div class='ocr_carea' id='block_1_12' title="bbox 0 0 1544 5168">
    <p class='ocr_par' dir='ltr' id='par_1_15' title="bbox 0 0 1544 5168">
     <span class='ocr_line' id='line_1_39' title="bbox 0 0 1544 5168; baseline 0 0"><span class='ocrx_word' id='word_1_322' title='bbox 0 0 1544 5168; x_wconf 95' lang='lat' dir='ltr'><strong> </strong></span> 
     </span>
    </p>
   </div>
  </div>
 </body>
</html>
