3056 5168
256 407 329 472 676
498 407 506 416 '
708 398 784 466 Lm.
808 397 867 468 lv.
892 397 973 466 Tur.
999 399 1059 468 Vl.

258 595 340 659 ergo
360 574 470 638 locum
491 572 747 659 intelligendum
762 575 932 641 observari
953 574 1070 655 aaut,
1092 595 1139 638 ex
1160 573 1288 658 legibus
1300 571 1460 638 XllTabu·

258 683 363 747 larum
379 681 539 745 vindicias
553 701 684 766 semper
699 683 843 766 agitatas
858 703 930 746 esse
950 683 986 746 in
1000 682 1090 763 loco,
1111 692 1212 767 atque
1226 682 1259 744 iu
1273 689 1461 764 repraesenta

258 789 400 852 Praetor
414 809 508 872 ergo,
527 790 562 854 in
583 789 720 854 fundum
736 789 905 870 profectus
918 812 991 854 eum
1012 790 1232 875 litigantibus,
1252 788 1356 871 ibique
1368 788 1460 870 exjure

257 917 387 960 manum
404 898 669 980 conserentibus,
685 899 717 960 ei
738 899 844 981 parti,
866 897 919 961 cui
936 897 1038 962 visum
1061 907 1148 971 erat,
1164 895 1333 973 vindicias,
1351 913 1461 976 seupos

258 1003 438 1068 sessionem
460 1003 571 1068 dabat.
592 1005 633 1069 Id
650 1026 732 1070 vero
751 1027 851 1088 quum
874 1004 989 1088 paullo
1011 1004 1183 1068 molestius
1204 1003 1374 1068 videretur:
1391 1001 1460 1062 Prae

258 1119 349 1174 tores
365 1133 432 1174 non
448 1112 588 1196 amplius
608 1113 643 1176 in
660 1111 798 1194 fundos,
814 1112 857 1176 de
873 1111 992 1196 quibus
1013 1112 1055 1177 lis
1070 1117 1158 1191 erat,
1177 1109 1375 1174 dicendarum
1388 1105 1460 1170 viudi-

258 1218 380 1281 cianrm
397 1239 510 1282 caussa
526 1220 828 1303 proficiscebantur,
850 1220 910 1284 sed
931 1219 1103 1302 litigantes
1122 1217 1209 1282 alter
1222 1217 1352 1280 alterum
1366 1235 1400 1276 es
1412 1215 1458 1297 jure

259 1327 445 1389 evocabant
473 1326 507 1388 in
532 1347 600 1388 rem
627 1336 852 1410 praesentem,
874 1348 895 1390 e
916 1347 982 1410 qna
1003 1326 1183 1390 redeuntes
1208 1324 1336 1408 glebam
1356 1329 1460 1404 asporta·

260 1434 340 1497 bant
357 1432 402 1512 ⁶),
425 1453 511 1516 quae
533 1441 568 1496 et
590 1434 662 1517 ipsa
685 1436 865 1499 vocabatur
889 1449 1076 1512 vivorum,
1099 1441 1184 1496 teste
1207 1433 1322 1507 Festo,
1341 1429 1389 1492 sub
1407 1445 1459 1488 rote

264 1540 422 1602 Vindictae
430 1561 464 1620 p.
481 1539 553 1602 594.
574 1543 626 1602 Be
639 1563 700 1623 quo
712 1543 804 1604 verbo
824 1542 952 1604 Grauius
965 1546 1011 1604 sio
1027 1544 1091 1602 ait.-
1112 1541 1272 1602 Vadatur
1285 1540 1348 1600 ols'sa
1360 1536 1460 1596 diulus·

258 1779 318 1816 eam
336 1743 442 1828 partem
461 1762 576 1828 perinde
592 1769 676 1832 atque
692 1763 723 1818 in
740 1769 825 1818 totam
844 1781 904 1818 rem
920 1769 1092 1830 praesentem
1109 1764 1192 1816 tiebat
1208 1760 1361 1816 modiatio:
1375 1759 1427 1810 velut
1438 1769 1459 1804 ει

260 1848 345 1900 fundo
363 1849 442 1914 gleba
459 1846 625 1910 sumebatur,
643 1854 723 1900 etex
741 1850 855 1902 aedibus
874 1849 1081 1918 tegula--”.
1099 1848 1187 1900 Muti.

330 1933 364 2000 d)
384 1933 516 2002 Dixeram
539 1932 677 1998 inpriore
700 1933 833 1998 editione,
852 1934 937 1988 videri
963 1933 991 1987 in
1015 1932 1176 2000 imaginaria
1194 1932 1248 1984 ista
1270 1943 1354 1996 pugna
1368 1925 1456 1988 bistili*

260 2033 466 2085 nonnumquam
483 2018 615 2069 festucam
636 2018 669 2084 (i.
681 2035 705 2070 e.
722 2020 857 2085 assulam)
873 2019 961 2086 injus
979 2019 1112 2081 attulisse,
1126 2017 1242 2070 forsitan
1256 2015 1281 2066 si
1291 2015 1324 2065 de
1334 2014 1459 2071 dounpos

259 2102 382 2158 sessione
398 2102 479 2156 fuerit
496 2103 690 2167 controversia,
707 2104 791 2172 idque
808 2105 971 2170 uoueguam
987 2121 1025 2156 ex
1042 2103 1124 2156 Gellii
1145 2103 1235 2155 Nortt.
1249 2102 1305 2154 Att-
1321 2096 1418 2152 Xle
1430 2088 1459 2140 ubl

258 2189 297 2242 eir
305 2188 459 2256 sertacaria
476 2194 650 2240 memoratur.
674 2187 836 2242 Sollicitavit
853 2189 924 2240 bauo
946 2188 1222 2252 observatiuuoulam,
1241 2184 1289 2256 qui
1308 2189 1459 2244 nonuunquam

257 2273 360 2326 nodum
378 2272 406 2325 iu
425 2273 515 2338 scirpo
530 2273 645 2342 quaerit,
662 2276 696 2326 B.
712 2277 841 2328 Branchu
853 2273 886 2326 V.
899 2274 930 2325 C.
942 2273 970 2324 in
987 2273 1135 2325 observati.
1153 2273 1208 2324 dec.
1221 2272 1264 2324 ΙΙ.
1282 2289 1304 2324 c.
1315 2273 1349 2320 ld.
1363 2268 1424 2334 pilt-
1436 2258 1459 2310 lt·

258 2365 428 2424 compcrtum
441 2359 493 2410 sibi
507 2374 568 2409 esse
586 2358 741 2421 adfirmans,
759 2359 833 2410 unde
850 2359 919 2409 banc
931 2357 1149 2410 observationem
1163 2355 1308 2408 hauserim.
1327 2349 1407 2404 Paucis
1416 2345 1459 2401 diu,

258 2459 293 2495 ex
312 2445 410 2509 Gellio,
429 2443 486 2512 qni,
504 2443 552 2495 nbi
577 2444 613 2494 ds
636 2444 688 2495 hoc
713 2436 823 2508 negotio
849 2441 979 2510 loquitur,
1003 2457 1063 2493 eam
1081 2441 1137 2493 rim
1159 2439 1344 2507 imaginariam
1358 2431 1459 2488 vocatrb
1489 2491 1490 2502 γ

194 2573 198 2582 .
249 2527 438 2595 sectantium,
455 2543 506 2580 nec
522 2528 597 2591 dicit,
615 2527 751 2592 litigantes
773 2541 880 2592 semper
901 2529 1008 2593 glebam
1026 2528 1158 2591 usmaro,
1175 2527 1228 2580 sed
1248 2524 1278 2579 id
1293 2525 1368 2578 modo
1381 2511 1459 2579 aemil
1489 2517 1490 2561 l

257 2611 345 2680 gratia
363 2613 472 2678 profert,
491 2612 556 2682 quia
575 2613 611 2665 de
627 2628 693 2678 agro
710 2611 840 2680 loquitur.
858 2612 942 2676 Quod
958 2613 984 2666 si
1001 2628 1066 2680 ergo
1078 2628 1175 2679 agrum
1186 2609 1392 2678 repraesentabat
1398 2601 1458 2670 prist

258 2693 354 2765 quidni
373 2695 484 2747 domum
502 2698 624 2748 festuca?
641 2698 713 2748 Saue
732 2701 759 2747 et
775 2701 871 2762 postea
889 2697 994 2757 Franci,
1012 2697 1061 2765 qni
1078 2699 1225 2765 plerasque
1240 2694 1406 2747 sollemnitates
1413 2684 1459 2752 jusit

257 2794 275 2832 a
292 2779 424 2832 Romanis
450 2781 654 2846 adoptaverant,
678 2781 808 2833 festucam
827 2781 980 2835 traditionis
1004 2781 1112 2848 signum
1130 2779 1337 2842 constituebant,
1358 2782 1379 2828 et
1391 2771 1458 2825 aare
1488 2801 1489 2804 =

256 2865 399 2932 praedium
415 2867 491 2932 apud
511 2881 559 2918 eos
576 2871 635 2920 erat
652 2865 820 2935 ffermcore,
838 2865 878 2918 nti
891 2884 926 2919 ex
940 2865 1081 2934 glossariis
1095 2866 1204 2920 abunde
1215 2871 1328 2918 coastat
1344 2857 1459 2916 pessum
1488 2867 1489 2910 t

257 2967 323 3004 num
340 2950 388 3006 itta
405 2950 573 3004 effestucatio
592 2949 686 3017 ignota
703 2959 744 3004 est
756 2951 785 3004 iu
799 2952 901 3017 Getria,
915 2951 1031 3006 Drentia
1041 2959 1070 3006 et
1081 2951 1176 3006 vicinis
1190 2949 1350 3018 provinciis:
1365 2935 1458 2998 titfrid

258 3037 384 3088 aSande
402 3038 434 3087 de
451 3036 659 3104 Effernoeatione
681 3035 790 3090 libellus
813 3035 1040 3104 elegantissimus.
1066 3037 1142 3100 Quid
1159 3052 1226 3089 vero
1248 3035 1290 3088 vir
1306 3022 1459 3086 doctasttittl¹

258 3117 373 3172 meliust
390 3118 472 3182 Dicit,
490 3118 546 3170 vim
558 3119 637 3172 istam
653 3121 826 3173 festucariam
842 3138 942 3174 nomen
957 3121 1136 3175 obtinuisses
1148 3121 1290 3174 Praetoria
1302 3116 1458 3176 vindictaque

256 3209 284 3258 et
292 3204 402 3272 festuca
421 3203 494 3257 diota
521 3205 557 3258 sit
583 3207 657 3272 apud
682 3208 810 3259 Plautum
835 3206 895 3259 Mil.
914 3207 1022 3275 plurios.
1049 3207 1109 3260 Act.
1126 3207 1149 3260 I
1150 3207 1177 3260 V.
1195 3225 1233 3260 so.
1248 3212 1272 3258 1.
1291 3223 1314 3256 o.
1328 3209 1363 3256 15.
1375 3195 1458 3252 Persian
1487 3239 1488 3246 1

257 3289 313 3344 &a
333 3289 359 3340 V.
378 3308 402 3341 o.
419 3295 476 3343 175.
495 3291 576 3343 Unde
593 3306 649 3343 uon
666 3298 767 3344 temere
785 3292 892 3358 conjici,
910 3293 971 3360 ejus
992 3293 1121 3356 festucae,
1139 3307 1224 3360 qnam
1241 3275 1457 3343 irs-manumissioni

254 3375 305 3428 bus
325 3373 506 3440 adhibuerint,
524 3377 605 3430 etiam
624 3378 652 3432 in
670 3375 731 3430 aliis
755 3376 985 3432 vindicationibus
1008 3395 1090 3432 usum
1107 3379 1202 3440 fuisse,
1228 3377 1258 3430 in
1275 3373 1365 3442 primis
1378 3373 1455 3437 111111

253 3458 417 3511 vindicando
435 3461 508 3514 dicta
526 3462 562 3514 sit
579 3462 706 3514 vindicta.
731 3463 787 3515 Sed
804 3464 915 3516 meliore
936 3465 999 3532 jure
1023 3463 1146 3522 mirarer,
1165 3463 1238 3514 unde
1256 3463 1323 3512 banc
1339 3445 1457 3509 obstulit·

252 3561 315 3596 nem
337 3560 415 3596 suam
439 3547 559 3599 hauserit
579 3547 754 3600 Clarissimus
775 3549 919 3612 Brancbu,
942 3548 996 3600 nisi
1014 3563 1057 3599 res
1083 3547 1144 3614 ipsa
1162 3548 1280 3609 doceret,
1298 3560 1356 3597 eum
1371 3535 1458 3592 notulam·
1486 3565 1487 3608 p

254 3645 335 3697 qnam
354 3629 473 3696 Thysius
488 3637 514 3683 et
532 3631 652 3684 Oiselius
668 3632 751 3684 Gellii
769 3634 855 3686 textui
873 3634 1038 3698 adleverant,
1056 3633 1129 3686 bona
1146 3633 1200 3684 fide
1212 3635 1360 3700 sequutum
1375 3619 1459 3686 1111Ῑῦεπ

252 3714 443 3781 conjecturam,
469 3716 605 3782 aliamque
630 3717 803 3782 substituere,
828 3733 943 3788 eamque
963 3719 1041 3770 nullo
1065 3722 1225 3782 argumento
1243 3715 1362 3782 probare,
1380 3706 1459 3760 nolti

253 3812 372 3849 errorem
384 3798 525 3853 Heineccii
537 3799 664 3864 indicare,
677 3801 718 3854 uti
728 3802 756 3854 in
769 3803 848 3856 titulo
860 3804 958 3870 capitis
970 3802 1145 3868 promittitur,
1159 3803 1209 3856 sed
1226 3802 1280 3855 sibi
1291 3802 1393 3867 placere·
1406 3789 1459 3842 litii·

252 3883 330 3944 Quae
350 3883 514 3938 Heineeeius
540 3886 678 3960 hocloco
705 3885 738 3938 dc
765 3889 966 3940 effesturatione
985 3888 1057 3956 juris
1082 3887 1237 3939 Germanici
1259 3887 1294 3937 ad
1312 3875 1458 3950 explicandum

243 3967 368 4034 festucae
386 3967 413 4019 iu
426 3969 463 4021 rei
480 3969 662 4022 vindicatione
676 3971 748 4038 juris
760 3972 971 4036 Romanisusum
983 3973 1082 4036 attulit,
1096 3973 1156 4040 jam
1174 3973 1273 4038 eGajo
1287 3971 1334 4022 IV.
1348 3969 1366 4035 §-
1378 3968 1409 4017 lb
1420 3961 1459 4010 ⁵⁰⁰¹

251 4053 426 4106 emendanda.
445 4055 560 4106 Festuoa
578 4053 650 4107 enim
669 4057 762 4110 hastae
779 4059 848 4122 loco,
873 4057 984 4108 ethaeo
1002 4057 1109 4122 signum
1125 4055 1196 4124 justi
1215 4055 1327 4110 dominii
1343 4051 1398 4104 fuit:
1412 4039 1458 4095 unu
1484 4049 1485 4118 1

250 4139 353 4190 festuca
371 4139 452 4191 rebus
470 4139 588 4190 maxime
606 4141 761 4205 mobilibus,
778 4157 848 4210 qnae
866 4141 894 4194 iu
909 4144 974 4210 jure
991 4141 1208 4207 vindicabantur,
1225 4141 1328 4207 imponi
1343 4135 1416 4190 solitu.
1434 4124 1459 4177 Gi

250 4221 333 4288 Ilugo
353 4223 389 4274 R.
406 4223 438 4276 G.
456 4238 483 4287 p.
497 4227 557 4278 313.
578 4226 634 4292 (ed.
650 4227 717 4294 XI.)
742 4225 831 4280 Haud.
864 4224 1008 4280 Aberravit
1030 4227 1142 4296 quidem
1167 4226 1312 4279 averitate
1326 4212 1458 4276 Remmius

249 4313 278 4358 at
288 4323 343 4359 non
352 4312 465 4371 tanturn,
478 4315 609 4376 quantum
621 4329 683 4366 eum
695 4311 868 4378 redarguerat
880 4314 1016 4364 Branchu.
1031 4312 1095 4366 dam
1109 4313 1209 4366 etenim
1224 4331 1239 4364 e
1251 4310 1320 4378 Gajo
1331 4303 1459 4370 pompeium

249 4390 387 4453 lfflbemub
398 4408 433 4444 ox
443 4394 556 4448 aedibus
569 4412 678 4464 quoque
688 4414 744 4448 rem
753 4397 881 4464 aliquam,
894 4399 968 4462 velut
977 4398 1104 4472 tegulam,
1120 4415 1190 4466 quac
1201 4399 1282 4450 aedes
1297 4379 1458 4465 quodamsed*

248 4475 368 4536 referret,
385 4475 414 4528 in
426 4476 474 4543 jus
493 4495 552 4532 esse
571 4482 687 4535 adlatam
709 4483 772 4547 (lV.
789 4483 810 4548 t.
828 4484 882 4546 17.)
892 4501 900 4543 ;
919 4482 947 4534 in
970 4498 1004 4534 co
1022 4487 1112 4536 tamen
1130 4487 1223 4550 lapsus
1240 4487 1281 4532 est
1294 4481 1395 4534 Aucus,
1409 4461 1458 4533 quod

249 4557 337 4626 ipsam
354 4559 427 4614 illam
446 4580 502 4617 rem
520 4568 650 4622 festucam
670 4565 754 4620 fuisso
777 4568 942 4634 appellatam
960 4566 1011 4620 sibi
1030 4568 1212 4634 persuaderet
1230 4563 1314 4618 Mitte
