3056 5168
660 413 736 482 lan
761 411 822 482 Ν.
846 413 927 482 Τιτ.
951 413 1044 481 m

809 589 892 672 §L

311 811 437 873 Postea
462 815 498 871 ct
515 805 603 872 aliae
625 807 810 871 calumniae
831 827 962 889 poenae
983 805 1211 887 invaluerunt,
1233 805 1345 871 veluti
1367 807 1477 890 exsilii,

228 918 285 983 vel
303 914 521 1002 relegationis
537 916 572 978 in
589 913 740 996 insulam,
755 912 810 977 vel
826 914 953 977 ordinis
970 913 1171 978 amissionis:
1184 915 1312 978 Paulus
1332 915 1478 980 Sentrrtt.

228 1025 369 1108 lteccput.
388 1024 424 1086 V.
438 1021 529 1083 411.
547 1022 649 1100 Quod
662 1031 775 1085 tamen
789 1022 906 1084 itidem
924 1022 967 1084 de
982 1023 1103 1085 caussis
1117 1022 1348 1086 criminalibus
1362 1031 1477 1086 tannim

228 1133 362 1197 videtur
381 1129 655 1214 intelligendum,
669 1151 732 1192 nec
746 1151 814 1192 non
837 1129 879 1191 de
905 1130 1139 1194 controversiis
1157 1137 1271 1192 status.
1291 1129 1384 1192 Nam
1399 1140 1432 1193 et
1448 1131 1479 1193 in

222 1239 279 1302 ‘bis
294 1238 415 1302 actoris
430 1237 593 1302 calumnia
609 1237 729 1300 exsilio
743 1245 876 1320 poterat
890 1239 1017 1321 puniri:
1035 1236 1160 1301 Paulus
1177 1238 1336 1299 &mena
1350 1238 1479 1320 Receptt.

234 1347 270 1410 V.
285 1346 315 1410 1.
327 1348 358 1410 5.
371 1346 411 1409 In
428 1345 549 1409 caussis
560 1344 713 1408 civilibus
729 1343 966 1407 calumniantes
981 1356 1110 1409 actores
1125 1345 1160 1407 in
1172 1345 1342 1428 impensas
1354 1345 1479 1408 damna·

228 1457 364 1520 bantur:
385 1453 424 1516 L.
436 1453 487 1516 79.
502 1458 604 1535 princ
622 1454 663 1513 1).
679 1453 721 1514 de
734 1451 835 1514 Juda'c.
856 1451 925 1515 imo
939 1447 975 1516 et
995 1455 1030 1516 in
1046 1451 1266 1537 quadruplum
1282 1455 1377 1538 ejus,
1400 1455 1480 1538 quod

125 1567 129 1580 '
230 1563 303 1648 quis
321 1562 391 1626 litis
406 1561 502 1624 alteri
515 1560 740 1623 intendendae
756 1579 868 1622 caussa
883 1571 1076 1645 acceperat:
1096 1560 1172 1623 nl.
1186 1581 1230 1642 sq.
1246 1563 1289 1621 D.
1306 1562 1350 1622 de
1365 1561 1481 1622 Calm-

229 1675 342 1733 maror.
370 1668 438 1732 Sed
461 1669 504 1732 de
525 1669 682 1753 impensis
702 1666 771 1730 litis
794 1689 814 1729 a
835 1675 962 1730 temere
983 1668 1139 1752 litigante
1162 1668 1283 1730 victori
1308 1669 1480 1731 restituen-

230 1778 281 1841 dis
301 1777 364 1862 ipsi
378 1776 604 1841 Jureconsulti
625 1775 659 1840 in
674 1776 740 1840 suis
760 1775 885 1838 libellis
900 1776 997 1860 plura
1017 1775 1204 1840 liberaliter
1218 1775 1301 1838 dare
1327 1777 1444 1840 solent

811 1949 892 2032 ss
969 1946 992 1973 ··

332 2065 488 2120 Calumaiae
497 2065 631 2136 jada-ium
646 2065 790 2135 privatm
810 2065 981 2118 θσηίνανίιιηι
990 2066 1134 2136 judiciam.
1152 2065 1338 2133 Restipelasio
1349 2065 1389 2130 ι).

312 2168 495 2233 Praeterea
522 2167 642 2231 actoris
669 2166 833 2230 calumnia
854 2170 1073 2231 coercebatur
1097 2175 1133 2229 et
1153 2165 1342 2230 calumniae
1356 2165 1477 2250 judicio

235 2276 414 2360 (privato),
430 2285 465 2340 et
486 2275 654 2339 contrario
670 2274 815 2360 judicio,
830 2283 865 2337 et
885 2274 1148 2358 restipulatione.
1170 2273 1371 2338 calumniae
1392 2295 1478 2336 cansa

231 2384 428 2472 plerumque
450 2385 485 2448 in
499 2384 661 2448 decimam
682 2383 732 2445 rei
753 2382 975 2456 velsummae
996 2383 1123 2468 petitae
1144 2391 1274 2466 partem
1289 2391 1390 2446 actor
1409 2402 1480 2445 con·

128 2581 140 2590 ,
231 2493 337 2556 veniri
353 2500 485 2578 poterat
499 2489 546 2571 ¹¹),
560 2501 698 2574 propter
717 2490 893 2553 interdicta
911 2511 992 2553 vero
1013 2492 1046 2554 in
1064 2500 1213 2574 quartam
1227 2498 1375 2573 partem.
1393 2490 1480 2552 Lice·

232 2600 292 2663 bat
306 2599 405 2662 etiam
426 2619 497 2678 reo,
513 2599 621 2660 statim
643 2599 766 2680 inipso
782 2598 903 2681 judicii
925 2598 1039 2661 limine
1054 2600 1096 2662 ad
1112 2598 1298 2662 calumniae
1321 2599 1477 2661 actionem

232 2705 425 2788 confugere,
440 2704 504 2768 nisi
518 2695 744 2788 jusjurandum
764 2704 948 2768 calumniae
964 2708 1006 2769 ab
1022 2717 1135 2772 actore
1156 2708 1296 2794 exigere
1313 2705 1480 2784 maneti).

233 2812 406 2877 calumnia
427 2823 536 2877 autem
565 2813 651 2878 adsit
672 2814 793 2877 actoris
816 2823 850 2877 et
871 2817 1032 2898 probetur
1051 2837 1187 2878 necesse
1210 2823 1276 2895 est,
1302 2824 1343 2878 ut
1359 2813 1479 2901 judicio

233 2921 415 2986 calumniae
432 2920 645 2984 condemnari
660 2921 774 3004 possib
796 2921 974 2986 Nonnullis
992 2932 1103 2986 tamen
1119 2946 1162 2986 ex
1176 2923 1281 2986 causis
1297 2932 1441 3006 propter
1452 2919 1480 2982 id

233 3030 336 3093 solum
361 3039 471 3112 actor,
493 3030 584 3114 quod
606 3050 740 3108 causam¹
756 3049 822 3092 non
845 3030 1008 3112 tenuerit,
1036 3037 1195 3096 contrario
1208 3033 1336 3112 judicio
1357 3035 1481 3116 poterat

235 3137 393 3220 damnari,
408 3137 508 3200 modo
529 3137 563 3200 in
578 3136 749 3220 decimam,
769 3137 868 3200 modo
889 3139 924 3200 in
941 3139 1087 3222 quintam
1102 3147 1247 3223 partem;
1268 3137 1370 3201 velut
1392 3139 1417 3199 si
1437 3137 1482 3198 in-

226 3245 385 3330 juriarum
410 3254 566 3330 ageretur
591 3248 678 3330 (quo
701 3246 789 3310 facto
816 3246 964 3310 decimae
992 3247 1094 3330 partis
1115 3247 1202 3310 actio
1223 3267 1286 3308 reo
1317 3245 1481 3323 dabatur),

233 3362 305 3436 aut,
320 3355 347 3416 si
365 3352 482 3416 mulier
496 3353 663 3417 diceretur
682 3355 806 3416 ventris
827 3355 960 3417 nornine
978 3355 1062 3418 dolo·
1081 3354 1168 3418 malo
1190 3355 1225 3417 in
1240 3354 1476 3438 possessionem

233 3462 328 3524 missa
345 3480 483 3547 eamque
498 3462 540 3525 ad
556 3461 655 3524 alium
671 3462 873 3525 transtulisse
888 3466 933 3544 k).
949 3464 993 3526 Et
1006 3461 1268 3548 restipulationis
1284 3483 1400 3546 poena
1414 3481 1481 3522 cer-

233 3567 274 3631 tis
296 3576 420 3633 tantum
442 3569 476 3632 in
500 3569 604 3633 causis
622 3568 730 3634 locum
753 3571 868 3635 habuit
887 3569 969 3651 (vid.
989 3593 1086 3656 supra
1105 3570 1173 3633 Tit.
1189 3569 1251 3633 Vl.
1266 3569 1323 3648 36,
1339 3574 1404 3654 y.)‚
1426 3588 1481 3632 nec

233 3676 347 3760 utique
363 3676 462 3758 iniis,
478 3699 613 3762 quarum
625 3679 757 3742 nomine
773 3680 970 3744 contrarium
985 3679 1146 3764 judicium
1163 3676 1324 3754 dabatur3
1341 3687 1481 3742 ceterum

301 3913 333 3982 g)
354 3915 415 3980 oaj.
433 3914 482 3966 lv,
500 3915 521 3982 ς.
541 3920 685 3969 irs-181.
711 3917 798 3973 Mitt.

302 3999 335 4064 b)
356 3999 507 4052 Meminere
531 4001 614 4068 hujus
639 4003 759 4056 decimae
781 4003 867 4070 partis
885 4019 1008 4056 summae
1031 4001 1359 4075 libellocomprehensae
1378 4002 1480 4055 Diocle·

234 4079 323 4136 danus
340 4088 368 4135 et
385 4084 572 4137 Maximianus
592 4088 723 4153 Augusti:
743 4088 776 4140 L.
794 4091 818 4140 3.
839 4087 867 4140 0.
886 4088 1046 4156 Hermopen.
1065 4089 1096 4139 de
1118 4087 1237 4138 Calama.
1259 4089 1317 4140 Sed
1336 4105 1400 4141 eam
1419 4085 1481 4138 deri

234 4183 304 4220 mam
323 4184 374 4220 sua
391 4175 478 4222 aetate
496 4171 584 4223 minus
603 4173 729 4225 usitatam
747 4172 846 4237 fuisse,
864 4179 978 4226 testatur
991 4172 1187 4226 Tribonianus:
1206 4173 1227 4238 ξ.
1244 4177 1267 4224 l.
1287 4172 1358 4224 Just.
1376 4172 1401 4225 l.
1417 4182 1435 4224 t.
1452 4171 1479 4222 lt

236 4252 343 4324 reduxit
367 4258 456 4306 tamen
482 4272 541 4309 eam
565 4258 738 4310 Justinianus
765 4257 875 4310 Novella
903 4259 997 4312 CXII.
1025 4265 1052 4311 2.
1074 4259 1158 4310 Plura
1181 4258 1284 4309 dehac
1306 4257 1365 4310 litis
1385 4257 1479 4310 decim

235 4337 402 4403 Theophilus
423 4341 460 4392 od
475 4342 496 4408 ξ.
509 4348 551 4395 24,
569 4344 634 4396 Inst.
653 4345 685 4398 de
702 4344 805 4396 Action.
823 4349 850 4396 et
867 4346 961 4397 Franc.
976 4345 1087 4396 Juretus
1106 4344 1143 4394 ad
1154 4341 1345 4409 Symmachum
1366 4341 1425 4394 Lib.
1442 4335 1478 4391 li.

235 4419 316 4488 Epist.
334 4428 376 4490 bb.
395 4423 523 4491 Cujacins
546 4427 690 4481 ohservare.
710 4428 772 4479 Vll.
792 4435 818 4482 ὁ.
836 4430 915 4483 Heia.

302 4506 326 4572 i)
347 4507 408 4574 Gaj.
425 4509 474 4563 IV.
490 4511 511 4578 ξ.
532 4516 588 4565 176.
607 4540 639 4548 -
658 4511 700 4564 Cf.
717 4511 829 4566 Heffter.
851 4513 958 4567 observ.
976 4515 1012 4566 ad
1026 4514 1087 4584 Graj.
1108 4508 1193 4564 Milli.
1274 4513 1279 4527 '

304 4591 336 4657 k)
357 4591 522 4662 Gaj.1V.§.
542 4599 686 4651 177-179.
706 4595 792 4651 Milli.
1028 4594 1033 4598 ’
