3130 5148
468 379 522 446 Da
547 379 712 446 vasrrrm
736 401 784 448 aa
806 380 913 449 duna.
1269 389 1316 456 35

72 563 201 621 strarunt
216 553 401 618 Schilterus
412 555 446 616 in
460 554 707 616 Menaduotisne
711 556 882 638 philosoph.
892 556 1001 615 moral.
1014 555 1059 615 od
1064 557 1246 637 jurisprud.
1257 557 1317 618 o.I.
1339 609 1344 622 ,

73 664 156 726 Vinc.
174 662 375 725 Gravinade
395 669 471 722 ortu·
480 669 512 722 et
524 680 696 741 progressu
704 663 773 741 jur.
791 664 868 724 oiotl.
888 683 912 724 c.
927 661 979 722 44.
988 683 1023 743 p.
1034 661 1085 724 80.
1105 663 1176 725 Em.
1193 663 1317 727 Merill.

76 771 190 830 observ.
210 772 239 828 I.
253 767 284 830 8.
304 775 339 830 et
357 766 516 850 singulari
532 788 569 829 ac
582 766 775 852 pererudita
793 769 945 831 oratione
961 767 1003 832 V.
1020 768 1056 832 C.
1073 770 1170 834 Ever.
1184 771 1275 835 Otto.

647 939 677 1019 s.
697 936 728 1000 a.

480 1067 555 1121 Unde
572 1067 655 1120 multo
673 1069 702 1120 ia
716 1069 784 1138 jure
804 1067 902 1122 Stoico.

141 1185 237 1248 Hinc
250 1183 536 1269 frequentissimae
548 1185 582 1248 in
594 1185 672 1268 jure
683 1193 797 1248 nostro
808 1185 835 1248 Ι.
850 1186 1057 1248 derivationes
1069 1190 1226 1250 nominum
1239 1189 1316 1251 satis

71 1302 249 1375 contortae,
274 1290 389 1378 quales
413 1291 524 1356 stoicis
550 1301 645 1354 erant
664 1279 852 1375 sollemnes,
877 1313 905 1354 e.
919 1315 950 1376 g.
969 1299 1200 1356 testamentum
1225 1295 1318 1378 quasi

71 1401 197 1463 testatio
217 1399 356 1462 mentis:
372 1420 425 1482 pr.
442 1401 520 1461 [nst.
532 1401 570 1460 de
585 1400 717 1461 Testem.
729 1401 795 1462 ord.
811 1409 967 1483 mutuum,
983 1399 1076 1488 quasi
1088 1398 1176 1484 quod
1190 1421 1232 1462 ex
1243 1421 1318 1464 meo

71 1509 101 1570 fit
114 1517 223 1572 tuum:
245 1508 283 1568 L.
293 1505 323 1568 2.
338 1508 367 1590 §.
380 1505 411 1568 2.
430 1507 471 1567 D.
490 1507 611 1568 delieb.
626 1508 709 1568 cred.
724 1507 901 1592 peculium,
914 1508 1006 1592 quasi
1027 1506 1148 1591 pusilla
1167 1507 1319 1591 pecunia,

70 1615 129 1678 sive
147 1613 305 1698 pusillum
318 1613 569 1698 patrimonium:
588 1613 626 1674 L.
640 1615 670 1674 5.
687 1615 716 1694 §.
729 1613 760 1675 3.
774 1617 816 1676 1).
831 1617 870 1676 de
884 1615 991 1675 Peoal.
1013 1612 1202 1696 divortium,
1226 1613 1320 1698 quasi

70 1721 239 1784 diversitas
251 1722 421 1804 mentium,
436 1743 502 1806 qua
519 1721 553 1784 iu
566 1720 711 1783 diversas
722 1729 833 1804 partes
852 1721 931 1790 itur:
942 1722 980 1782 L.
988 1719 1018 1782 2.
1029 1743 1081 1804 pr.
1096 1722 1137 1782 D.
1149 1723 1187 1783 de
1198 1724 1320 1784 Dioort.

71 1811 201 1915 agnati,
217 1828 311 1913 quasi
339 1851 359 1890 a
375 1836 471 1911 patre
500 1828 654 1912 cognati:
681 1829 718 1890 L.
740 1828 771 1891 7.
789 1830 830 1890 1).
853 1830 892 1890 de
913 1828 1016 1912 Legit.
1036 1837 1093 1892 tut.
1111 1828 1191 1891 Vid.
1208 1828 1320 1914 Cujac.

75 1939 140 2000 Ols.
153 1937 213 1998 XI.
227 1935 279 1997 37.
303 1935 375 1997 Em.
391 1933 514 1998 Merill.
532 1936 657 1996 Obsero.
676 1935 707 2018 I..
718 1933 748 1997 8.
765 1957 810 2019 sq.
828 1935 1131 2019 Frequentissimae
1147 1936 1192 1998 II.
1208 1936 1321 2017 delini-

71 2048 163 2106 tvboes
177 2063 268 2105 mere
283 2042 420 2123 stoicae,
432 2050 499 2104 tum
514 2062 595 2103 vero
614 2040 677 2104 III.
689 2035 854 2106 divisiones
865 2042 1135 2126 stoicaequalem
1150 2062 1220 2105 esse
1229 2041 1320 2105 illam

71 2172 172 2212 rerum
201 2147 423 2232 corporalium
449 2145 484 2210 'et
504 2147 772 2230 incorporalium,
795 2169 838 2210 ex
861 2148 956 2211 Sexti
975 2148 1134 2231 Empirici
1162 2149 1231 2210 VII.
1250 2149 1321 2209 odo.

73 2258 216 2319 Melitera.
231 2265 266 2319 et
278 2255 396 2318 Senes.
411 2255 511 2335 Epist.
529 2255 651 2316 LVIII.
670 2255 859 2317 observavit
876 2253 1019 2317 Oiselius
1036 2256 1080 2316 od
1099 2256 1177 2335 Geji
1190 2253 1321 2316 Instll.
1427 2237 1429 2247 ¹

71 2364 97 2438 1,
107 2365 138 2425 1.
146 2388 180 2447 p.
190 2387 229 2424 m.
242 2361 293 2426 73.
314 2361 614 2445 Frequentissimae
632 2358 777 2444 denique
793 2360 855 2424 IV.
866 2363 1035 2426 decisiones
1051 2381 1094 2424 ex
1108 2359 1322 2423 interioribus

72 2470 299 2555 philosophiae
322 2469 447 2532 stoicae
469 2469 640 2552 principiis
658 2468 841 2548 derivatae,
866 2466 981 2551 quales
1000 2467 1210 2551 collegerunt
1224 2466 1323 2529 Vinc.

74 2578 215 2642 Gravina
227 2581 248 2638 l.
262 2599 287 2640 o.
301 2576 481 2638 Schilterus
492 2576 512 2636 l.
528 2595 553 2637 o.
566 2584 600 2637 et
612 2575 655 2639 V.
666 2575 703 2637 C.
716 2575 815 2639 Ever.
829 2575 911 2638 Otto
927 2576 966 2636 de
971 2576 1082 2658 pbv'los.
1101 2575 1207 2637 Stoico
1218 2575 1322 2636 Joreo.

74 2684 161 2770 [Quo
177 2686 213 2748 in
224 2685 339 2768 primis
354 2683 524 2768 pertinent
542 2682 727 2746 decisiones
751 2683 794 2745 de
810 2683 977 2768 promissis
995 2681 1029 2746 vi
1046 2696 1079 2746 et
1098 2690 1188 2745 metu
1209 2689 1324 2744 extor-

73 2793 127 2854 tis:
147 2791 391 2874 L.21.§.5.1).
411 2792 502 2868 Quod
510 2799 582 2852 met.
596 2810 697 2852 oooss.
714 2798 748 2854 et
759 2790 802 2853 de
816 2791 999 2875 αὐτοχειρίᾳ.
1016 2791 1054 2852 L.
1071 2792 1127 2876 olt.
1142 2789 1172 2871 §.
1185 2787 1215 2849 4.
1234 2789 1323 2850 D.de

74 2900 125 2973 Iis,
142 2903 199 2982 qui
208 2909 285 2962 ente
300 2906 379 2960 sent.
394 2894 501 2982 mort]

657 3043 687 3126 s.
708 3043 739 3106 4.

354 3174 505 3228 Aemulatio
525 3175 596 3226 inter
604 3174 805 3244 jureconsultos
822 3183 847 3227 et
860 3171 1038 3243 philosophos.

153 3293 314 3371 Quamvis
326 3313 406 3355 vero
415 3291 647 3376 philosophiae
659 3291 870 3356 amantissimi
886 3295 996 3354 essent
1007 3285 1152 3352 Romani
1161 3287 1325 3350 Jureeon-

77 3400 164 3464 sulti:
184 3421 317 3485 semper
332 3406 443 3462 tamen
455 3396 543 3463 iuter
563 3420 620 3463 eos
634 3399 848 3483 reliquosque
861 3397 1078 3482 philosophos
1092 3392 1276 3492 sinodusque,
1290 3392 1325 3456 in

76 3509 182 3590 primis
198 3508 396 3592 Epicureos,
421 3507 582 3592 quaedam
601 3505 823 3570 intercessisse
845 3505 977 3569 videtur
994 3502 1183 3567 aemulatio.
1206 3503 1325 3587 quue

77 3616 241 3697 pertinere
258 3615 453 3677 arbitramur
463 3615 635 3678 verbosam
648 3613 740 3678 illam
751 3611 890 3698 Ulpiani
903 3612 1178 3676 declamationem
1196 3610 1238 3674 de
1250 3630 1327 3672 vera

77 3742 133 3785 aon
140 3724 262 3801 saceio
267 3725 560 3804 jureconsultorum
567 3721 777 3804 philosoplis:
793 3720 832 3781 L.
841 3718 871 3780 1.
883 3721 912 3802 ἓ.
923 3720 953 3781 1.
967 3721 1010 3781 Ι).
1021 3721 1060 3781 ds
1073 3721 1180 3782 iusto.
1195 3725 1225 3779 st
1239 3718 1327 3796 jors,

78 3847 138 3891 non
157 3828 344 3893 absimilem
370 3829 448 3911 illis,
469 3849 553 3914 quae
571 3828 731 3892 Horatius
752 3828 923 3908 Epistolsr.
944 3826 1012 3888 Lib.
1025 3830 1054 3888 1.
1071 3847 1118 3908 ep.
1136 3825 1166 3886 1.
1181 3843 1208 3886 o.
1218 3821 1270 3884 16.
1282 3841 1327 3903 sq.
1422 3909 1436 3926 α

77 3937 177 4000 cauit:

271 4043 369 4105 Nono
387 4045 479 4125 egilis
490 4047 540 4126 fio
557 4051 588 4105 et
602 4061 723 4104 mersor
743 4059 927 4103 summus
947 4059 1068 4114 vnum,

277 4150 411 4210 Virtutis
423 4170 526 4244 ,veros
548 4158 652 4212 custos
672 4148 856 4229 rigidusque
871 4148 1006 4208 satelles.

78 4270 170 4336 Gonf.
195 4270 267 4334 Cic.
289 4273 335 4332 od
349 4272 422 4332 lte.
436 4275 504 4333 III.
517 4271 547 4333 9.
570 4278 605 4333 et
623 4270 673 4333 10.
697 4269 755 4332 ubi
782 4268 919 4355 Epicuri
945 4265 1158 4350 philosophia
1176 4262 1329 4350 ἄπρακτος
1427 4321 1430 4327 .

77 4387 180 4441 astuta
192 4385 342 4442 vocatur.
355 4377 480 4440 Locum
494 4377 664 4462 praeclare
688 4375 848 4461 explicari
864 4373 998 4438 memini
1011 4373 1046 4436 in
1062 4371 1329 4465 Guudlingianis.

78 4482 202 4568 [masc.
216 4487 293 4548 XV.
307 4506 394 4548 num.
405 4485 434 4546 5.
443 4508 478 4569 p.
493 4482 729 4568 486-488.*]

1091 4537 1132 4672 3..
