3080 5154
352 347 423 430 Qus
447 346 513 458 Er!
530 347 585 416 Ex
611 351 715 434 Quin.
739 351 862 424 crass.
888 354 1038 426 Menon.
1280 369 1327 434 99

75 525 142 610 jicit
153 523 323 606 Norisius,
346 523 393 588 ab
409 523 538 590 indocti
556 525 683 591 scribae
700 549 797 592 manu
812 550 884 592 esse
908 529 1048 596 alterum
1066 535 1192 611 Senum
1214 538 1327 624 legem

79 653 149 696 sero
164 631 298 696 Aeliam
319 631 354 694 in
372 631 450 696 loco
464 632 636 698 Ciceronis
655 656 723 700 non
738 636 836 702 alium
851 659 940 722 esse,
960 661 1057 724 quam
1068 646 1128 726 jus
1143 647 1326 722 Aelianum,

79 739 127 803 vel
138 739 229 802 Aelii
245 743 424 822 trspartr'ta,
439 739 617 824 dequibus
632 763 731 828 supra
745 745 780 808 in
798 747 939 808 Praosm.
956 748 985 829 §.
1000 749 1031 811 8.

654 911 683 994 5.
705 911 735 974 2.

561 1027 643 1078 Ratio
663 1028 741 1098 bajus
759 1028 831 1098 lepra.

151 1125 369 1188 Occasionem
385 1122 454 1208 legi
473 1125 568 1190 dedit
579 1127 680 1190 nimia
696 1129 948 1194 manumittendi
963 1131 1116 1218 facilitas,
1133 1138 1322 1223 quatiebat,

78 1233 185 1295 uturbs
197 1233 411 1316 pessimorum
424 1233 722 1318 vilissimarumque
735 1235 854 1299 civium
872 1237 1017 1302 colluvie
1034 1241 1205 1308 adtineret.
1221 1246 1323 1325 Quod

77 1347 189 1424 quanto
206 1360 279 1403 cum
296 1339 462 1403 dedecore
478 1341 614 1425 publico
631 1342 730 1414 fuerit
747 1347 967 1430 conjunctum,
984 1349 1154 1431 praeclare
1176 1357 1323 1422 ostendit

19 1467 23 1473 ’
75 1449 202 1532 Dionys.
224 1446 336 1510 Halic.
351 1451 460 1530 Autiq.
479 1430 644 1513 nomjlts.
662 1449 712 1512 24.
738 1451 822 1515 Talis
836 1462 885 1514 est
900 1464 1004 1516 nostro
1023 1465 1159 1539 tempore
1174 1465 1324 1542 confusio,
1393 1527 1396 1533 ,

75 1560 154 1618 etsie
169 1555 214 1617 ad
226 1555 334 1618 sordes
354 1565 448 1638 atque
463 1561 662 1638 ignominiam
678 1559 884 1641 degenerauit
895 1559 1111 1627 Romanorum
1120 1569 1273 1648 probitas,
1288 1581 1327 1634 ut

74 1666 240 1726 nonnullis
260 1665 447 1746 latrociniis,
463 1669 621 1748 parietum
637 1667 902 1750 perfusionibus,
918 1675 1208 1750 prostitutionibus,
1225 1681 1322 1740 omui·

74 1771 179 1853 busque
195 1773 267 1832 alies
279 1771 456 1848 sceleribus,
470 1777 608 1854 pecunia
623 1777 766 1846 collecta,
779 1775 953 1860 libertatem
970 1779 1137 1862 redimant,
1154 1787 1321 1866 statimque

73 1900 103 1940 ss
114 1879 271 1940 Romanas
286 1879 432 1956 famant:
454 1883 512 1941 alii
523 1885 640 1943 consui
659 1881 806 1959 dominis,
824 1892 856 1944 et
872 1852 950 1946 sotii
967 1889 1200 1966 veneficiorum,
1223 1893 1319 1954 bomi-

72 1987 222 2059 miiiorum,
228 1986 482 2069 summorumque,
499 1996 563 2049 tum
581 1998 692 2049 eontra
707 1991 790 2071 deos,
806 2000 872 2052 tum
886 2000 996 2054 contra
1013 1998 1233 2076 rempublicam
1246 2019 1320 2061 sus-

73 2103 231 2175 ceptorum,
243 2115 313 2155 eam
324 2096 362 2155 ab
377 2097 437 2156 s‘lls's
449 2099 590 2177 gratiam
608 2100 779 2176 rser’pr'aut:
794 2099 917 2178 quidam
936 2102 1002 2161 ideo
1013 2109 1318 2180 manummittautur,

71 2211 101 2261 ut
115 2211 276 2284 acceptum
287 2221 305 2262 s
315 2183 441 2283 publico
446 2205 647 2281 frumentum
660 2213 866 2282 mutaturum,
881 2215 911 2265 et
921 2210 1025 2288 siqua
1041 2210 1106 2269 atta
1121 2210 1319 2275 leberab'tatis

69 2312 98 2368 is
114 2329 227 2390 egenas
247 2313 328 2370 erues
343 2312 553 2389 conseruntur
567 2331 587 2372 a
602 2311 818 2391 Principibus,
834 2312 909 2372 dant
927 2313 984 2385 bs‘s,
1002 2333 1023 2374 a
1038 2315 1149 2396 quibus
1163 2318 1323 2395 siatsaoti

70 2416 155 2477 liberi.
189 2415 416 2480 Adsedebant
445 2417 531 2481 uliae
556 2438 688 2481 caussae
719 2417 972 2481 manumittendi
1002 2441 1114 2504 parum
1147 2423 1318 2487 honestae.

69 2521 168 2606 Saepe
186 2523 314 2588 domini
332 2543 443 2589 servos
460 2545 574 2590 omnes
592 2526 868 2590 manumittebant
884 2525 918 2590 in
935 2527 1083 2592 fraudem
1098 2530 1317 2596 crediturusne

70 2627 166 2694 Tacit.
184 2635 272 2696 Aua.
282 2634 355 2695 XV.
370 2634 421 2696 55.
443 2633 553 2717 Saepe
572 2635 659 2698 servi
675 2634 899 2717 aminoribns,
916 2655 1054 2719 quorum
1073 2658 1201 2703 amores
1222 2641 1318 2725 adju-

70 2750 192 2823 verant,
206 2739 400 2804 libertatem
427 2742 491 2805 sibi
509 2742 586 2805 loco
608 2743 770 2806 mercedis
794 2741 1046 2827 stipulabantur.
1064 2745 1165 2830 Cujus
1183 2751 1233 2811 rei
1257 2769 1318 2812 cx-

70 2848 168 2932 empla
184 2849 290 2913 multa
303 2849 338 2912 in
355 2869 483 2912 scenam
499 2850 686 2934 producunt
702 2847 881 2914 Terentius
898 2860 932 2914 et
948 2853 1097 2916 Plautus.
1184 2855 1187 2862 ’

647 3007 677 3088 s.
697 3006 728 3073 a.

493 3121 584 3174 Plura
601 3121 680 3192 biffus
698 3123 761 3192 lepis
779 3123 875 3192 capitu.

138 3223 224 3285 Eam
250 3221 438 3305 licentiam,
456 3244 554 3307 quum
575 3223 714 3307 indigna
736 3223 907 3286 videretur
927 3221 1071 3306 Augusti
1093 3221 1206 3285 seculo
1214 3270 1224 3304 ‚
1246 3222 1317 3287 lata

68 3328 119 3392 hac
141 3331 221 3414 lege
242 3330 459 3393 coercendam
482 3332 622 3414 putabat
638 3331 798 3414 Princeps
818 3329 1097 3414 prudentissimus.
1120 3330 1196 3407 Qua
1212 3329 1254 3393 de
1277 3351 1314 3392 re

68 3435 195 3502 Sueten.
214 3439 321 3500 Oetae.
331 3440 467 3521 August.
480 3459 505 3500 c.
515 3438 568 3499 40.
581 3439 831 3500 Manumitteudi
839 3439 962 3500 modum
976 3441 1163 3500 terminavit.
1177 3437 1222 3502 Et
1233 3459 1315 3524 pau-

68 3544 105 3606 cis
117 3545 317 3630 interjectis:
338 3546 442 3622 Quam
455 3554 488 3608 et
497 3548 535 3608 de
550 3567 681 3608 numero
692 3555 724 3607 et
733 3547 773 3607 de
783 3547 953 3608 conditione
962 3566 1000 3607 ao
1009 3547 1187 3628 drit'ereutia
1197 3568 1314 3621 eorum,

68 3657 115 3732 qui
125 3660 438 3726 mauunsittsreutur,
458 3657 579 3716 mersare
594 3657 745 3716 caveret:
763 3655 819 3714 boc
838 3671 958 3734 quoque
981 3655 1113 3734 arbp'eoit,
1134 3677 1175 3718 ue
1193 3658 1315 3718 uinctus

69 3779 204 3842 msquam
224 3771 365 3823 tortusue
392 3764 461 3840 quis
490 3762 554 3823 ullo
571 3762 727 3822 libertatis
753 3779 870 3844 genere
894 3763 1049 3822 ciuitatem
1075 3762 1313 3843 adipisceretur.

68 3863 152 3930 Prius
174 3868 346 3953 Augustus
366 3867 446 3951 lege
467 3869 568 3930 Fusio
591 3867 747 3942 Caninio,
769 3867 933 3952 posterius
955 3866 1056 3930 Aelia
1078 3867 1195 3930 Sentis
1217 3886 1313 3950 prae-

67 3975 149 4038 stitit.
173 3974 265 4053 Quin
282 3985 348 4039 tarn
364 3976 582 4038 necessariam
598 3983 731 4060 tamque
749 3975 883 4058 dignam
902 3972 1016 4038 seculo
1030 3995 1090 4036 suo
1105 3974 1190 4037 hanc
1200 3973 1312 4057 legem

68 4081 270 4146 existimabat
284 4083 467 4166 Angustus,
482 4091 519 4146 nt
534 4083 624 4146 inter
641 4083 798 4146 mandata
812 4089 973 4168 extrema,
989 4102 1075 4164 qnae
1091 4081 1231 4144 Tiberio
1251 4079 1313 4141 Se-

65 4191 215 4274 natuiqne
236 4198 272 4253 et
287 4191 414 4274 populo
431 4190 586 4253 Romano
603 4190 760 4274 dederat,
776 4191 872 4275 hujus
890 4209 1024 4274 quoque
1040 4188 1126 4272 legis
1139 4208 1313 4253 commen-

67 4291 151 4360 daret
166 4297 360 4362 custodiam.
377 4295 453 4376 Qua
470 4298 512 4361 de
528 4318 564 4360 re
578 4297 647 4361 Dio
658 4298 746 4362 Cass.
763 4299 847 4361 Hist.
859 4297 948 4359 LVI.
962 4295 1013 4359 33.
1029 4298 1095 4364 Καὶ
1110 4292 1146 4360 rb
1161 4300 1312 4380 τέταρτοι,

70 4401 259 4486 (ἐγέγραπτο)
276 4405 404 4482 ἐντολὰς
421 4409 474 4472 sai
491 4403 672 4490 ἐπισκήψεις
689 4411 732 4490 τῷ
754 4413 887 4490 Τιβερίῳ
903 4407 954 4468 καὶ
973 4408 1016 4488 aqi
1033 4405 1139 4486 κοινῷ,
1158 4401 1255 4479 ἄλλος
1270 4430 1313 4481 rs,

67 4510 110 4572 sui
124 4502 204 4588 ὅπως
216 4510 286 4596 μήτ’
301 4511 533 4596 ἆπελευθερῶσι
547 4513 692 4592 πολλούς,
704 4519 754 4579 ἵνα
765 4512 806 4596 μὴ
819 4512 1028 4577 παντοδαποῦ
1043 4508 1135 4595 ὄχλου
1151 4508 1210 4594 τὴν
1222 4511 1314 4578 πόλιν

1073 4610 1114 4670 7*
