3080 5154
210 385 257 452 rs
340 479 345 485 ἡ
684 377 760 446 nn.
785 377 810 448 1.
837 377 916 445 ‘rm
942 377 987 447 n.

209 553 268 620 sed
284 562 319 618 et
329 553 494 635 coloniae,
506 553 604 618 urbes
619 552 740 635 sociae,
757 561 874 636 gentes
890 554 1015 618 amicae
1032 560 1066 616 et
1082 549 1234 616 devictae
1245 573 1320 616 suos
1330 551 1470 615 Romae

209 671 368 748 patronos
383 662 555 746 eligebant
570 682 614 724 ex
629 661 785 746 patriciis,
809 669 844 724 et
858 669 976 745 postea
990 660 1162 723 senatoriis
1183 659 1326 741 familiis,
1343 661 1470 744 quibus

209 789 448 853 saepenumero
476 779 607 834 senatus
632 769 872 832 controversias
899 767 1028 848 illarum
1057 767 1259 858 decidendas
1282 767 1470 831 commisit:

208 878 348 961 Dionys.
361 876 441 940 Hal.
457 879 500 940 ΙΙ.
516 876 566 940 11.
583 876 702 940 Cicero
718 877 758 938 de
779 876 870 956 Osstc.
885 877 911 938 Ι.
926 875 976 938 11.
1006 876 1079 938 Imo
1096 873 1220 938 nullum
1242 882 1370 937 temere
1392 881 1471 937 erat
1535 945 1536 952 ἵ

209 985 453 1068 negotiatorum
475 1003 602 1067 corpus,
618 983 742 1046 nullum
761 983 919 1045 artificum
935 981 1124 1067 collegium,
1150 983 1240 1066 quod
1259 1001 1325 1044 non
1349 989 1471 1064 patro-

209 1113 287 1166 num
305 1091 368 1156 sibi
381 1091 566 1154 &manem
582 1091 755 1174 quamdam
776 1089 933 1154 familiam
955 1090 1155 1175 adoptasset
1177 1089 1232 1152 Sic
1244 1087 1281 1151 in
1300 1108 1470 1152 marmore

91 1217 97 1228 ’
210 1197 407 1262 Surrentino
423 1197 511 1281 apud
526 1197 661 1260 Reines.
676 1197 836 1278 Inscripta
857 1197 965 1259 Glauce
986 1195 1038 1258 VI.
1053 1219 1084 1260 η.
1097 1195 1253 1260 XXXIX.
1263 1217 1298 1278 p.
1306 1190 1382 1258 412.

335 1320 466 1368 rnavro.
484 1321 597 1369 ruere.
615 1320 755 1369 rausro.
778 1321 808 1366 v.
826 1321 854 1366 c.
872 1321 1021 1368 maranno
1054 1363 1058 1370 .

447 1427 500 1474 AB.
519 1429 667 1476 omerus.
685 1426 843 1474 Paraouo

209 1537 261 1582 ou.
284 1535 424 1582 munira.
444 1535 617 1582 maenum.
636 1534 785 1582 suenum.
805 1523 1004 1582 bullenses.
1021 1535 1113 1581 ortuo

447 1641 500 1688 ur.
515 1641 676 1690 acaunus.
697 1639 989 1690 euaunurrnoaum
1093 1627 1101 1634 ’

489 1747 884 1796 suaroam.uouru1rar1.
902 1749 984 1796 mus

489 1854 695 1904 mauriennam.
715 1855 919 1904 cunavlmufl.

208 1947 263 2010 Ita
277 1953 312 2010 et
337 1947 518 2032 municipes
541 1946 712 2011 civilitani
737 1947 771 2009 11.
791 1967 971 2008 anemurum
999 1967 1181 2008 raucorum
1210 1947 1246 2008 V.
1265 1946 1298 2010 0.
1321 1963 1471 2010 cremnos

209 2069 450 2129 Posruaosouu
469 2071 549 2119 urus
571 2072 636 2120 suu
655 2070 884 2129 Posruarsouu
901 2069 975 2117 surs
993 2069 1170 2118 Paraouos
1186 2069 1471 2118 coorrnvnnurrr.

211 2159 342 2222 Gruter.
369 2162 525 2244 Inscriptt.
538 2185 573 2245 p.
595 2162 779 2225 CCCLXII.
794 2161 822 2222 1.
846 2159 901 2224 Sic
919 2170 953 2223 et
980 2159 1061 2223 alibi
1084 2159 1261 2223 laudantur
1285 2178 1471 2226 Parnouus

209 2255 444 2332 capuanorum
461 2287 573 2333 conen
593 2287 617 2334 n
638 2285 827 2358 mereamus
856 2283 1060 2332 onrcmams.
1081 2266 1175 2331 Idem
1193 2289 1228 2350 p.
1250 2268 1421 2331 eoem.
1439 2268 1471 2330 1.

209 2391 469 2440 sunssrnuoaun
487 2394 665 2444 connoms
685 2395 728 2441 aa
744 2394 882 2441 amoma
901 2391 1080 2439 pannosus
1095 2397 1129 2457 p.
1145 2373 1382 2438 MXXVIL3.:
1406 2393 1473 2438 Pn-

210 2501 316 2548 raom
330 2501 570 2548 conuuoroaum
589 2501 895 2552 cuurouanroaunr:
912 2463 1057 2546 Reiuess
1067 2485 1166 2545 Clam.
1182 2481 1291 2544 nabe.
1308 2500 1473 2546 nunnae-

209 2595 415 2653 raonoa'un:
437 2590 531 2654 Idem
555 2591 897 2656 immanentes:
929 2589 1023 2652 Idem
1043 2592 1085 2652 ΙΙ.
1109 2589 1159 2653 17.
1186 2607 1473 2656 neuunounonun

210 2713 433 2761 osrmusrun:
463 2698 557 2761 Idem
580 2698 965 2762 marcomanorum
986 2714 1209 2762 onuanroauu
1235 2715 1281 2761 nx
1304 2714 1473 2761 asemon:

209 2803 302 2868 Idem
326 2805 378 2870 VI.
396 2803 466 2867 123.
483 2822 561 2868 enar
580 2823 804 2870 rouunrruns.
823 2804 872 2869 ld.
890 2807 1032 2888 Adpend.
1048 2827 1134 2868 nam.
1158 2805 1244 2868 VIII.
1262 2805 1391 2869 Horum
1406 2829 1474 2890 pa-

210 2921 378 2976 tronorum
395 2913 485 2976 ineo
511 2914 712 2978 consistebat
733 2913 889 2996 officium,
914 2921 948 2977 ut
973 2911 1187 2994 coloniarum,
1206 2913 1343 2994 urbium,
1355 2911 1474 3002 ¹colle-

171 3012 176 3026 '
211 3021 350 3104 giorum,
369 3043 540 3106 pagorum,
560 3021 698 3107 negotia
725 3021 759 3084 in
786 3028 901 3085 senatu
925 3027 960 3083 et
983 3020 1065 3084 urbe
1089 3042 1160 3084 sese
1184 3029 1362 3102 curaturos,
1381 3023 1474 3084 reci-

212 3135 339 3212 perent.
369 3129 446 3208 Quo
477 3129 660 3193 officiorum
691 3149 815 3212 genere
847 3129 894 3192 ita
924 3128 1118 3215 plerumque
1143 3148 1220 3192 aere
1243 3129 1475 3210 emungebant

212 3237 364 3318 clienteS,
380 3246 416 3301 ut
437 3235 568 3320 legibus
597 3237 691 3301 novis
714 3259 797 3320 opus
816 3231 904 3301 esset
930 3237 972 3301 ad
997 3236 1082 3300 hanc
1106 3243 1318 3321 patronorum
1337 3237 1475 3319 rapaci-

129 3371 137 3384 ¹
211 3351 312 3410 tatem
334 3337 566 3409 coercendam
589 3345 647 3408 Tit.
662 3347 693 3408 0.
717 3347 826 3409 Theod.
842 3347 881 3408 de
901 3347 1061 3408 Patroclo.
1078 3349 1169 3407 turbor.
1191 3345 1257 3407 La.
1277 3343 1335 3406 XI.
1354 3347 1400 3406 tit.
1417 3343 1475 3405 24.

213 3461 248 3516 et
267 3455 338 3515 eod.
346 3455 426 3514 Just.
440 3451 508 3513 Lib.
519 3453 575 3513 XI.
587 3457 632 3516 rit.
643 3452 694 3516 53.
706 3454 823 3517 Liban.
840 3455 928 3516 Orat.
944 3457 1012 3534 περὶ
1026 3453 1088 3518 τῶν
1105 3455 1305 3534 annotanda.
1319 3471 1351 3534 p.
1363 3449 1414 3511 14.
1423 3473 1474 3534 aq.

213 3561 284 3622 edit.
303 3557 544 3623 JaciGothofr.
561 3557 656 3623 Alias
668 3563 776 3625 veteri
791 3564 867 3646 jure
886 3561 1031 3646 gratuita
1045 3568 1141 3624 erant
1160 3559 1248 3622 inter
1263 3568 1419 3644 patronos
1436 3569 1475 3650 et

214 3773 329 3836 Auctor,
350 3772 409 3824 sinc
427 3772 615 3826 emendatione
633 3773 821 3844 relinquimus.
848 3773 945 3828 Aliena
962 3771 1033 3825 enim
1050 3770 1115 3825 sunt
1132 3772 1167 3826 ab
1184 3768 1359 3824 Heinecciani
1377 3773 1475 3839 operis

213 3856 307 3910 indole
317 3871 349 3909 ac
359 3859 434 3921 dne,
451 3860 606 3928 nequedum
624 3859 691 3912 satis
708 3863 851 3925 explorata
867 3858 902 3910 ab
920 3857 963 3922 iis,
985 3858 1033 3927 qui
1050 3858 1085 3910 de
1102 3857 1183 3908 rebus
1200 3855 1336 3910 historicis
1354 3859 1476 3924 scripse-

214 3949 292 4006 runt,
315 3941 451 4012 siquidem
475 3943 522 3996 alii
539 3943 568 3996 in
585 3945 620 3998 iis
641 3946 698 3998 lere
715 3944 881 4008 subairtunt,
904 3959 977 4012 quae
999 3959 1018 3996 a
1033 3942 1170 3996 veteribus
1187 3939 1366 4008 scriptorilnrs
1385 3941 1477 4007 (inter

216 4041 319 4096 eosque
338 4026 420 4080 etiam
437 4045 455 4081 a
472 4029 612 4097 Cicerone,
623 4031 657 4083 de
674 4030 778 4094 republ.
792 4029 829 4081 ΙΙ.
842 4031 884 4096 9.)
905 4015 1052 4082 memoriae
1069 4027 1178 4094 prodita
1194 4032 1267 4090 suut,
1285 4026 1333 4078 alii
1351 4031 1477 4080 veterum

215 4111 258 4164 his
277 4110 311 4164 de
329 4111 411 4163 rebus
433 4115 602 4170 narrationes
621 4114 819 4180 propemodum
836 4119 868 4166 ut
885 4115 996 4166 fabellas
1020 4112 1181 4179 rejiciendas
1203 4127 1264 4166 esse
1281 4117 1401 4164 censent.
1430 4113 1477 4165 cf.

217 4195 343 4262 Hugonls
361 4197 396 4248 R.
417 4194 451 4250 G.
470 4188 524 4252 Xl.
543 4216 569 4266 p.
589 4202 719 4253 irs-87.
738 4198 920 4251 Wachsmuth
936 4192 983 4252 b‘lt.
1003 4198 1097 4251 Gereb.
1117 4198 1142 4248 d.
1162 4197 1200 4249 R.
1221 4197 1312 4250 &eutr
1330 4212 1356 4262 p.
1373 4199 1421 4249 181
1441 4227 1476 4236 -

218 4285 290 4344 191.,
302 4288 360 4334 tum
376 4298 443 4334 vero
460 4300 531 4352 quae
545 4285 712 4347 waltherus,
724 4283 903 4336 Niebuhrium
922 4289 1064 4352 sequutus,
1076 4282 1105 4334 in
1117 4281 1237 4334 medium
1248 4282 1360 4348 profert,
1373 4281 1391 4331 l.
1405 4282 1423 4332 l.
1437 4283 1475 4333 B.

132 4389 136 4396 -
216 4365 239 4418 1.
255 4384 279 4417 a
291 4371 335 4418 aa.
354 4369 500 4421 cratem
516 4385 543 4420 v.
561 4367 693 4421 ausone
718 4369 791 4436 ars.
810 4370 836 4421 a.
856 4367 928 4422 rra.
947 4369 1023 4422 sm.
1045 4353 1151 4420 raus
1169 4371 1194 4420 a.
1211 4369 1274 4419 aa.
1293 4363 1360 4433 iniq.
1385 4365 1475 4431 inpri-

217 4451 269 4504 mis
288 4467 315 4518 p.
327 4455 440 4506 tte-71.
457 4471 482 4506 o.
499 4458 525 4506 4.
545 4469 572 4519 p.
592 4457 650 4506 186.
671 4467 712 4522 sq.
730 4470 758 4521 p.
771 4459 832 4510 2⁰0.
845 4469 907 4522 sqq.
925 4454 959 4506 Ρ.
978 4453 1012 4505 de
1029 4453 1128 4506 Kobbe
1144 4453 1212 4506 uber
1230 4450 1331 4505 (lurica
1345 4451 1402 4504 und
1416 4451 1475 4506 cii-

126 4541 129 4548 “
217 4542 306 4590 euten.
324 4537 395 4591 Lttb.
415 4543 490 4592 1888.
510 4538 598 4592 msa
