3062 5164
211 409 284 478 264
589 401 772 471 humanu
796 400 873 470 Lm
897 401 925 470 1.
950 399 1037 470 Car.
1061 401 1089 470 1.

217 579 379 662 edixisse,
401 587 454 652 cd,
473 575 992 661 qutuomamharsntmrmses
1011 578 1112 640 edicto
1132 578 1166 640 0.
1185 577 1459 640 audiremus

216 689 322 751 redire
338 691 371 748 r'n
386 689 528 748 Mater
540 706 618 748 mas
632 685 821 754 detumeat,
834 705 876 746 ne
891 687 963 764 quia
980 705 1088 746 corum
1107 687 1236 757 Romae,
1249 686 1307 748 scd
1318 705 1418 744 omncs
1429 687 1460 746 in

216 789 1073 866 amendamurcenmmmreLiv.XL11.lo.Quum
1085 813 1128 852 ne
1138 792 1185 855 sic
1196 793 1329 875 quidem
1339 790 1460 852 fraudes

218 901 302 964 istae
323 899 579 982 impedirentur:
598 899 633 960 in
648 896 798 960 eamdem
815 898 1013 960 seutentiam
1031 920 1120 960 anno
1139 917 1274 962 boumn.
1291 921 1311 961 a
1326 899 1364 960 L.
1381 897 1460 959 Lici·

217 1007 275 1070 nio
289 1006 407 1070 Crasso
425 1015 461 1069 et
475 1006 518 1083 Q.
531 1006 645 1068 Mucio
660 1002 824 1067 Scaevola
838 1003 930 1068 Coss⁴
945 1004 1016 1069 lata
1032 1013 1084 1068 est
1098 1004 1157 1067 lex
1171 1007 1293 1068 uma
1305 1013 1343 1067 et
1353 1007 1461 1077 Mucio,

220 1123 258 1178 ut
280 1113 361 1178 socii
381 1122 416 1176 et
432 1113 545 1176 Latini
564 1112 705 1174 nominis
727 1113 760 1174 in
780 1133 858 1174 suae
882 1112 1022 1196 quisque
1041 1113 1184 1176 civitatis
1199 1113 1255 1197 jus
1277 1093 1461 1194 redigeren-

217 1230 272 1286 tur
286 1223 331 1302 ¹¹).
352 1220 479 1284 Verum
497 1241 538 1284 ea
555 1218 633 1303 lege
653 1220 700 1282 ita
718 1219 856 1282 alienati
874 1228 950 1282 sunt
965 1219 1066 1282 animi
1082 1220 1265 1303 principum
1280 1219 1460 1282 Italicorum

218 1328 427 1413 populorum,
439 1337 476 1392 ut
491 1349 532 1391 ea
548 1327 604 1391 vel
618 1328 759 1396 maxime
777 1347 890 1390 caussa
906 1329 1007 1391 suerit
1023 1325 1157 1391 conflati
1171 1327 1285 1410 paullo
1298 1336 1372 1410 post
1387 1324 1462 1389 belli
1518 1357 1519 1406 r

162 1421 167 1426 ⁵
217 1435 344 1500 Italici:
366 1436 487 1500 Cicero
500 1457 563 1518 pro
583 1437 675 1497 Gom.
701 1433 869 1496 corbaal.
886 1436 926 1496 dc
944 1436 1032 1517 Offic.
1048 1438 1108 1497 ΙΙΙ.
1120 1436 1170 1499 ll.
1188 1435 1364 1521 [Wragm.
1382 1435 1462 1495 Orat.

217 1565 277 1626 pro
293 1545 325 1606 0.
338 1546 430 1606 cora
445 1543 533 1626 apud
547 1543 735 1606 Ernestium
749 1541 783 1603 iu
800 1543 931 1624 Fragrn.
946 1543 1007 1604 Oic.
1015 1565 1048 1624 p.
1063 1542 1176 1629 lota]
1196 1543 1318 1606 Ascon.
1333 1541 1463 1604 Pedian.

219 1651 265 1712 od
277 1653 377 1741 camd.
396 1652 487 1712 Orat.
496 1672 531 1732 p.
546 1649 619 1712 131.
634 1671 678 1712 ex
693 1649 774 1712 edit.
790 1670 876 1732 quae
892 1648 1017 1733 prodiit
1031 1651 1139 1734 Iugd.
1150 1653 1227 1714 Bm.
1238 1647 1330 1713 1675.
1339 1646 1388 1709 12

553 1942 652 1996 cmm
669 1943 781 2006 now,
797 1825 935 2022 ἕξω...
951 1945 979 1996 a
991 1943 1144 2014 procaces.

305 2059 414 2140 Quum
431 2082 512 2125 vero
527 2083 642 2125 census
658 2062 777 2124 flerent
795 2061 943 2126 Romae:
958 2064 1136 2147 oportebat
1153 2061 1253 2141 cives,
1269 2059 1327 2144 qui
1342 2058 1464 2122 uomina

221 2167 437 2254 fortunasque
458 2170 608 2254 profiteri
632 2178 809 2253 cuperent,
826 2190 868 2234 eo
892 2170 1120 2254 commigrare.
1141 2169 1231 2232 Hinc
1251 2168 1290 2230 P.
1307 2167 1417 2250 Scipio
1433 2167 1464 2228 in

220 2277 389 2359 oratione,
407 2299 504 2362 quam
523 2277 651 2341 Censor
666 2277 710 2340 ad
724 2277 883 2362 populum
901 2256 1035 2360 habuit,
1051 2277 1141 2340 inter
1157 2276 1233 2358 alia,
1256 2296 1343 2360 quae
1361 2282 1466 2338 contra

219 2386 380 2471 majorum
397 2384 547 2448 instituta
564 2385 700 2467 fierent,
720 2386 819 2449 etiam
837 2384 902 2447 hoc
918 2385 1150 2469 reprehendit,
1165 2385 1249 2466 quod
1264 2385 1407 2446 absentes
1415 2384 1466 2463 ju·

220 2494 353 2554 beantur
371 2496 506 2563 cenacrr',
530 2499 565 2552 ct
586 2494 632 2553 ad
646 2513 774 2554 censam
791 2496 911 2554 nonani
923 2477 1048 2556 necesse
1064 2497 1106 2554 ait
1120 2493 1242 2554 centro:
1262 2489 1353 2554 Gell.
1370 2490 1466 2550 Noctt

218 2601 315 2662 Aac.
338 2599 373 2660 V.
386 2597 438 2659 19.
453 2597 497 2676 ¹).
517 2597 558 2658 ln
574 2598 837 2680 provinciis.n0n
855 2619 972 2663 census
989 2599 1185 2678 habebatur,
1201 2597 1260 2662 sed
1281 2597 1385 2662 fiebat
1397 2615 1466 2678 pro-
1520 2580 1521 2662 J

208 2705 313 2784 sessio
332 2706 505 2766 censualia:
530 2703 569 2764 L.
589 2707 645 2766 alt.
672 2705 704 2766 0.
733 2706 809 2767 Sine
830 2727 926 2768 censu
948 2711 999 2770 ccl
1019 2710 1128 2789 rcb'qu.
1155 2707 1231 2785 Qua
1256 2704 1299 2769 de
1321 2726 1358 2766 re
1382 2711 1466 2768 vetut

217 2811 439 2896 fragmentum
456 2810 691 2888 Jureconsulti‚
704 2812 795 2897 quod
812 2835 857 2877 ex
874 2815 991 2878 codice
1003 2815 1202 2900 Rumpfiauo
1222 2813 1328 2877 edidit
1339 2811 1466 2874 Salmas

218 2921 259 2984 dc
278 2921 367 2981 modo
390 2938 478 2980 usur.
496 2917 546 2978 19.
558 2940 593 3000 p.
613 2918 685 2981 878.
706 2920 785 2984 Ἀλλ’
803 2926 835 2986 ἐν
859 2927 894 3013 τῇ
915 2921 1005 2988 πόλει
1018 2921 1173 3006 Ῥωμαίων
1193 2921 1270 3014 po'rp
1292 2920 1467 3006 ἆποτίμησιν

291 3123 557 3193 k)1·:xstititetiam
574 3125 603 3178 in
619 3127 742 3180 camdem
760 3145 818 3180 rem
836 3130 882 3180 lex
901 3127 1034 3196 quaedam
1052 3129 1148 3194 Papia,
1165 3128 1244 3194 cujas
1263 3124 1371 3179 disertis
1387 3124 1467 3177 verbis

218 3209 342 3264 meminit
360 3209 456 3262 Cicero
471 3226 524 3278 pro
541 3209 632 3262 Balbo
656 3230 678 3264 c.
697 3217 739 3264 23.
757 3215 849 3266 Valer.
871 3211 950 3267 Max.
974 3211 1033 3264 III.
1056 3217 1081 3265 4.
1099 3219 1126 3267 ὁ.
1149 3213 1230 3268 Unde
1254 3211 1357 3265 fallitur
1383 3209 1467 3274 Steph-

217 3296 282 3348 Vin.
303 3295 419 3375 Pighius
435 3295 464 3346 ia
487 3293 634 3348 Observata
653 3298 691 3349 od
706 3299 797 3351 valer.
821 3298 900 3351 Max.
924 3298 942 3350 l.
960 3315 982 3350 c.
1000 3296 1048 3365 qui
1067 3299 1139 3352 hanc
1163 3302 1251 3365 legem
1272 3298 1356 3362 piane
1379 3295 1466 3360 expio

217 3381 335 3434 tendam
348 3385 434 3445 putat.
451 3380 510 3432 Nec
526 3380 617 3432 minim
639 3386 711 3434 errat
733 3381 796 3434 Car.
823 3383 917 3449 Sigon.
941 3385 973 3435 dc
990 3384 1098 3452 antiquo
1111 3384 1179 3452 jare
1197 3383 1260 3436 Ital.
1285 3379 1345 3433 111.
1367 3385 1400 3442 1.,
1423 3375 1466 3446 qui

218 3464 343 3518 eamdem
361 3464 503 3516 confundit
520 3481 583 3518 cum
601 3467 661 3532 iege
672 3467 761 3533 Papia
779 3468 811 3520 de
820 3469 979 3537 pereprinis,
997 3469 1031 3521 de
1043 3483 1098 3536 qua
1110 3467 1182 3520 intra
1193 3481 1314 3533 agemus.
1327 3465 1389 3518 Hac
1404 3464 1466 3517 enim

220 3551 279 3614 lege
296 3563 352 3599 non
370 3563 465 3600 omnes
483 3547 618 3615 peregrini
636 3551 822 3617 ejiciebantur,
841 3553 890 3606 sed
908 3551 977 3605 socii
995 3558 1022 3605 et
1040 3551 1133 3605 Latini
1151 3552 1278 3613 nominis,
1297 3549 1346 3618 qui
1358 3552 1466 3602 Romam

219 3631 471 3698 commigraverant,
490 3634 601 3688 domum
620 3635 709 3688 redire
723 3638 898 3703 jubebantur,
916 3655 965 3690 ceu
984 3637 1117 3703 exemptis
1136 3653 1152 3701 a
1170 3635 1283 3689 Valerio
1301 3633 1429 3690 Maximo
1446 3637 1467 3683 ct

219 3719 352 3772 Cicerone
366 3719 463 3770 adlatis
483 3726 565 3785 patet.
592 3721 684 3784 Quum
708 3738 775 3774 vero
793 3726 839 3776 lcx
857 3720 972 3775 Claudia
990 3721 1079 3788 prima
1095 3721 1182 3773 fuisse
1199 3721 1338 3784 videatur,
1364 3735 1421 3788 qna
1441 3731 1467 3768 ea

218 3804 252 3856 dc
269 3819 299 3856 re
316 3808 406 3854 actum
425 3809 474 3866 est,
491 3820 578 3872 eaque
590 3806 646 3858 lata
668 3807 704 3860 sit
715 3823 787 3860 anno
801 3823 916 3860 ccxxvi.
930 3814 995 3874 post
1012 3810 1099 3874 legem
1117 3822 1182 3859 vero
1194 3805 1328 3858 Liciniam
1342 3805 1466 3864 Muciam,

220 3889 302 3940 iatam
320 3905 392 3942 anno
410 3903 519 3942 actvm.
537 3889 627 3945 statim
646 3893 748 3946 bellum
766 3893 917 3945 Marsicum
936 3892 1076 3956 exarserit,
1093 3907 1151 3960 quo
1179 3891 1332 3957 composito
1357 3891 1466 3956 dataque

219 3973 326 4026 Latinis
343 3973 459 4037 civitate,
477 3977 536 4042 lege
554 3977 713 4044 hujusmodi
730 3995 787 4031 non
804 3978 922 4044 amplius
940 3994 1010 4043 opus
1029 3978 1093 4030 tuit:
1111 3980 1194 4030 latam
1211 3993 1272 4029 esse
1284 3983 1396 4044 oportet
1408 3979 1466 4028 banc

220 4059 308 4123 legem
326 4056 396 4110 inter
413 4075 513 4113 annum
532 4078 645 4116 ccxxvi.
661 4069 689 4115 et
705 4079 807 4115 annum
825 4077 934 4116 nctvru.
953 4063 1100 4131 Quumque
1112 4073 1195 4128 porro
1213 4078 1248 4114 cx
1259 4063 1311 4113 bac
1328 4063 1390 4128 lege
1402 4061 1466 4113 dam·

220 4148 302 4194 natus
319 4140 356 4194 sit
372 4143 415 4198 M.
434 4147 595 4212 Perpennae
612 4149 695 4202 Coos.
714 4155 806 4214 pater,
830 4148 915 4217 idque
939 4150 1039 4202 tactum
1058 4147 1094 4200 sit
1111 4147 1186 4200 brevi
1205 4153 1402 4213 postmortem
1419 4141 1465 4202 titii,

222 4243 292 4294 quae
310 4226 339 4280 in
356 4243 458 4282 annum
469 4246 583 4286 ccxxiv.
602 4233 709 4286 incidit:
727 4232 806 4286 facile
820 4240 902 4300 patet,
913 4249 969 4286 non
980 4236 1095 4288 multum
1113 4237 1176 4284 aute
1186 4233 1261 4284 hunc
1271 4247 1375 4284 anuum
1390 4235 1465 4296 legem

220 4311 291 4363 hanc
309 4312 424 4379 Papiam
442 4316 579 4370 conditam
598 4335 672 4371 esse:
698 4318 762 4374 Vid.
783 4320 926 4372 Commeat.
951 4327 1017 4371 nost.
1036 4319 1073 4370 od
1090 4320 1154 4386 Lep.
1171 4316 1229 4368 .Ιαὶ.
1247 4326 1274 4368 et
1292 4317 1367 4384 Pop.
1389 4319 1465 4382 Popp·

221 4395 254 4447 1..
272 4395 297 4446 Ι.
314 4414 336 4448 c.
357 4403 379 4450 l.
393 4417 422 4466 p.
442 4405 483 4452 ll.
501 4401 589 4469 [Tem.
615 4403 694 4454 VIII.
719 4402 801 4473 oppa]
819 4405 901 4458 Hem.

291 4481 315 4548 1)
335 4483 378 4534 Dc
395 4499 479 4536 censu
496 4487 683 4540 Romanorum
696 4486 821 4556 inprimis
838 4491 887 4544 m.
907 4489 1039 4544 Huschke
1064 4487 1224 4556 Verscmnp
1243 4487 1288 4539 dec
1308 4485 1385 4540 sen.
1406 4478 1465 4536 ritt-

221 4563 289 4632 cap.
308 4567 347 4622 Χ.
364 4583 391 4634 p.
408 4572 468 4624 609.
486 4585 547 4639 sqq.
565 4571 652 4626 rasta
