3040 5164
197 335 280 452 ¹sm
662 380 738 448 aa.
765 379 809 446 ιι.
836 379 918 446 rn.
943 377 1006 446 ιιι.

142 617 147 628 ,
209 557 309 620 modo
325 561 512 639 opponatur
527 555 736 638 corporibus:
751 555 788 616 1..
800 554 851 616 46.
870 555 909 616 1).
930 555 969 614 de
987 553 1122 614 Gondr‘ct.
1141 551 1239 613 tndeb.
1256 551 1293 612 L.
1314 552 1342 611 5.
1356 555 1440 632 princ.

209 669 250 727 D.
270 666 309 726 de
324 665 456 744 Impone.
471 665 504 723 in
523 683 574 724 res
591 664 653 725 dot.
669 663 707 726 1..
723 665 779 724 alt.
796 664 837 723 Ι).
854 662 893 722 de
907 661 1009 722 Adim.
1023 663 1119 742 tegat.
1141 659 1248 721 Prout
1262 656 1386 720 scilicet
1398 659 1441 720 vel

210 793 262 834 res
277 772 362 855 ipsa,
378 768 435 833 vel
444 771 498 854 jus
516 791 573 832 seu
589 769 694 850 valor,
712 768 948 846 consideratur,
965 767 1011 829 ita
1025 766 1081 829 vel
1097 757 1324 850 corporalibus
1339 766 1390 829 vel
1403 767 1442 828 in-

210 877 435 963 corporalibus
450 878 547 940 rebus
563 877 794 940 adnumeratur
810 875 960 961 pecunia.
981 873 1124 959 [Eodem
1141 874 1241 936 modo
1258 873 1441 936 stillicidium

209 985 557 1068 rehumcorporalibus
587 985 783 1048 adcensetur
802 1007 821 1046 a
843 984 949 1046 Cicer.
975 984 1073 1065 lbpic.
1096 1005 1122 1044 c.
1137 983 1167 1044 5.
1189 981 1442 1066 incorporalibus,

211 1115 330 1176 nempe
346 1093 567 1173 servitutibus,
587 1116 607 1155 a
623 1093 646 1158 J
648 1089 890 1176 ureconsultis.]

797 1240 826 1321 ς.
847 1240 878 1302 4.

404 1359 460 1410 Res
476 1358 658 1427 incorporales
676 1368 701 1411 ct
718 1359 770 1428 ipsi
787 1358 910 1408 exsistere
929 1357 1119 1424 quodammodo
1137 1355 1276 1424 crepabant.

295 1458 423 1521 Eodem
441 1480 482 1520 ex
504 1459 614 1539 fonte,
631 1459 666 1522 id
686 1466 749 1539 est,
770 1479 812 1520 ex
828 1456 1038 1542 philosophia
1057 1457 1181 1538 Stoica,
1197 1458 1356 1539 manavit,
1371 1458 1441 1542 quod

212 1562 264 1631 res
290 1566 516 1652 incorporales
541 1589 561 1628 a
585 1566 826 1630 Jureconsultis
851 1566 954 1648 magis
972 1565 1029 1646 iis,
1057 1587 1142 1649 quac
1162 1587 1228 1628 non
1252 1574 1344 1644 sunt,
1364 1586 1439 1648 quan

201 1696 298 1759 ¹quae
317 1681 408 1754 sunt,
426 1675 689 1737 adnumerantur.
711 1673 834 1737 Paulus
853 1695 930 1736 sane
948 1675 984 1734 L.
999 1673 1028 1734 1.
1042 1675 1082 1734 D.
1099 1673 1138 1734 de
1158 1675 1223 1734 Usu
1239 1682 1269 1733 et
1284 1674 1382 1752 usust.
1397 1677 1440 1753 leg.
1507 1663 1508 1672 ¹

53 1795 56 1802 '
176 1818 180 1824 .
213 1783 387 1845 servitutes
407 1803 509 1862 neque
527 1805 564 1842 cc
580 1782 673 1852 bonis,
686 1767 788 1864 ireque
806 1789 898 1843 extro
918 1781 998 1842 bona
1016 1803 1084 1842 esse
1102 1780 1293 1861 contendit,
1313 1780 1391 1864 quod
1409 1801 1440 1841 ex

213 1889 382 1973 principiis
397 1888 464 1950 illis
475 1888 671 1972 Stoicorum,
690 1911 775 1974 quae
791 1887 905 1972 paullo
925 1897 1002 1952 ante
1020 1887 1269 1970 declaravimus,
1292 1888 1438 1971 explican-

214 1997 289 2060 dum
307 2017 395 2077 esse,
413 1995 541 2060 erudite
556 1997 655 2060 docet
673 1997 751 2062 Ger.
766 1997 882 2060 Noodt
898 1997 1052 2058 Probabit.
1066 1998 1106 2057 II.
1122 1995 1151 2058 3.
1163 2019 1195 2077 p.
1210 1995 1262 2059 48.
1279 2018 1323 2077 sq.

696 2175 698 2181 ·
728 2171 958 2184 ···-····“·““““
1507 2159 1508 2210 l

579 2337 583 2348 .
665 2286 750 2349 LIB.
772 2288 817 2350 ΙΙ.
839 2287 931 2350 ΤΙΤ.
953 2285 1014 2348 ΠΙ.

825 2445 860 2482 DE

262 2560 652 2636 sunvlvuvluus
679 2561 1025 2636 Rusvlcouum
1048 2560 1228 2659 AvQUrs
1257 2559 1411 2634 URBA-

552 2681 742 2792 Nonum
766 2681 1133 2756 PRAEDIORUM.

298 2842 525 2927 Incorporalia
547 2853 622 2907 sunt
645 2845 755 2907 omnia
774 2845 868 2928 jura,
892 2853 991 2927 atque
1006 2844 1101 2907 adeo
1130 2845 1227 2908 etiam
1250 2855 1449 2908 suuvrrvrm.

216 2953 295 3014 Hac
317 2949 372 3014 vel
393 2971 603 3033 personarum
626 2959 700 3014 sunt
719 2955 856 3031 (vocant
876 2951 978 3036 vulgo
998 2956 1213 3038 personales),
1238 2952 1294 3016 vel
1314 2971 1416 3014 rerum
1432 2968 1450 3007 s.
1507 2993 1508 3024 ἶ

216 3057 424 3142 praediorum
443 3061 580 3137 (vocant
594 3063 696 3120 rooles
712 3080 769 3121 seu
778 3062 989 3141 praedictas).
1012 3059 1165 3124 Serviunt
1181 3061 1268 3125 enirn
1284 3083 1352 3124 non
1369 3057 1449 3122 modo

217 3165 355 3251 praedia
369 3165 497 3228 rusticis
515 3175 615 3250 atque
634 3168 765 3230 urbanis
783 3166 944 3250 praediiS,
961 3147 1073 3231 verum
1093 3169 1190 3232 etiam
1210 3168 1351 3252 praedia
1366 3177 1397 3230 et
1410 3184 1449 3227 res

99 3297 107 3324 ι
217 3275 381 3358 personis,
408 3275 585 3337 constituto
607 3274 642 3336 in
666 3274 732 3336 illis
760 3274 945 3356 usufructu,
972 3296 1030 3338 usu
1052 3275 1106 3338 vel
1126 3274 1337 3339 habitatione
1360 3274 1404 3340 vel
1420 3274 1445 3332 in

148 3393 154 3398 '
218 3403 313 3444 servo
330 3381 448 3465 operis.
470 3383 524 3445 De
539 3382 606 3445 illis
622 3381 719 3445 titulo
735 3382 799 3445 lIl.
821 3384 875 3445 De
891 3382 939 3446 his
954 3383 1005 3446 tit.
1016 3383 1084 3474 vIV.
1100 3392 1134 3446 et
1151 3384 1193 3447 V.
1209 3385 1330 3467 agitur.

807 3537 835 3616 §-
858 3537 887 3597 1.

569 3651 706 3707 Quaenam
722 3652 835 3718 praedm
853 3653 953 3706 rustica
971 3660 997 3703 ct
1013 3650 1135 3704 urbana?

303 3750 470 3816 Sunvrrvs
489 3767 610 3815 Runurs
626 3751 776 3814 inhaeret
794 3753 957 3838 praediis,
975 3723 1159 3838 iisdemque
1176 3761 1365 3836 praestatur
1378 3748 1454 3830 ιι).Α

218 3859 356 3945 praedio
367 3858 557 3922 dominante
570 3859 651 3922 illae
665 3861 839 3923 servitutes
849 3885 867 3924 a
878 3860 1119 3925 iureconsultis
1128 3862 1161 3923 in
1168 3862 1454 3946 jurejununrtouvn

216 3973 259 4028 ‘ac
275 3982 495 4031 Rus'rrconum
513 3983 732 4032 Pnnuuronum
759 3967 957 4032 dividuntur.
980 3969 1048 4032 Sed
1068 3990 1149 4032 cave
1172 3968 1225 4031 hic
1248 3967 1402 4052 respicias
1423 3961 1454 4027 ad

218 4074 338 4138 locum.
353 4073 498 4136 Praedia
514 4075 600 4137 enim
618 4098 682 4140 non
698 4076 818 4157 aloco,
837 4077 895 4139 sed
911 4079 952 4140 ab
970 4097 1028 4140 usu
1043 4077 1370 4162 cognominabantur.
1385 4073 1454 4136 Nam

221 4182 339 4245 eodem
360 4180 512 4246 modoet
535 4186 658 4246 urbana
677 4189 830 4268 monastrio
855 4185 983 4248 rusticis
1005 4205 1072 4248 non
1095 4185 1182 4262 loco,
1201 4184 1258 4247 sed
1278 4205 1397 4269 opere,
1416 4201 1456 4242 sc-

290 4390 320 4455 a)
341 4389 373 4440 E.
394 4389 542 4441 Schrader:
567 4391 613 4440 wie
637 4389 696 4440 kam
722 4407 784 4440 man
806 4391 861 4457 anf
880 4344 920 4442 dii
939 4391 1022 4443 alelen
1046 4385 1228 4461 aaffallcnden
1249 4391 1331 4442 Sit'tze
1358 4387 1397 4439 tei
1418 4387 1455 4435 der
1507 4343 1508 4404 l

223 4474 370 4540 dinpticben
388 4472 616 4525 Diemtbarketten
633 4473 690 4524 aad
705 4472 820 4526 welcben
835 4475 912 4541 Gaap
929 4475 1009 4526 aelim
1030 4477 1070 4527 dic
1089 4475 1253 4544 Ausbildanp
1273 4475 1359 4526 dieser
1373 4469 1457 4526 Stra!

145 4596 149 4604 .
222 4555 251 4608 in
269 4554 311 4623 Ej.
329 4558 376 4610 cia.
394 4557 463 4612 Aba.
481 4557 517 4610 ΙΙ.
535 4573 601 4612 num
620 4559 653 4610 V»
671 4573 697 4623 p.
716 4562 881 4612 aer-3³2.
901 4557 986 4612 natal.
