3080 5154
564 387 619 456 Du
643 385 797 458 Nurrus.
1202 435 1206 444 ·
1233 395 1303 462 12³

65 566 123 628 tilio
140 547 277 643 vendito
300 571 358 628 aut
380 564 574 648 cuicumque
596 561 671 643 alii,
693 564 801 645 pretio
822 572 880 629 aut
903 565 1068 650 mancipio
1089 563 1239 648 reddito,
1261 565 1304 628 ad

66 673 291 756 ingenuitatem
313 691 512 755 provocare:
534 671 571 732 1..
585 668 615 731 2.
638 671 670 732 0.
688 671 727 732 de
748 671 840 734 Patr.
861 678 918 753 qm·
926 676 978 756 fll.
996 675 1130 736 distros.
1152 672 1241 751 Imo,
1260 693 1303 736 ne

66 788 93 841 st
109 779 165 840 bac
184 779 383 842 venditione
402 776 730 862 sanguinolentorum
751 784 837 840 esset
861 800 961 862 opus,
981 779 1096 865 paullo
1117 787 1195 864 post
1216 779 1304 843 idem

65 886 237 969 Imperator
251 885 371 967 sanxit,
387 893 423 949 ut
436 887 554 969 inopes
568 892 723 968 parentes
742 884 897 948 alimenta
916 909 935 950 e
948 887 1083 972 publico
1098 888 1304 972 acciperent=

66 993 94 1053 l.
109 994 134 1052 l.
151 1002 180 1054 et
197 993 237 1054 Ι..
249 992 278 1056 2.
298 994 331 1054 C.
346 995 459 1058 lbcod.
476 994 515 1055 dc
533 995 679 1056 Aliment.
698 1013 779 1074 quac
799 996 878 1074 ἔπερ.
889 1003 1016 1076 parent.
1031 1019 1049 1059 ε
1060 998 1185 1078 publico
1195 1005 1306 1078 petere

66 1101 166 1160 delent.
183 1099 254 1161 Lat.
274 1101 333 1163 XI.
351 1105 396 1163 tr't.
417 1099 468 1164 27.
1116 1115 1120 1122 '

623 1252 652 1334 5.
673 1251 725 1314 10.

222 1369 297 1426 Quid
311 1371 384 1422 circa
401 1368 601 1438 adpetentium
613 1385 667 1436 per
684 1365 780 1420 liberm
797 1367 901 1438 uimque
909 1368 980 1438 jura
997 1373 1143 1422 nauum?

133 1468 171 1531 ln
194 1469 296 1532 tertio
309 1471 386 1554 jure
411 1467 609 1554 adquirendi
626 1488 688 1552 per
703 1467 828 1532 liberos
848 1469 928 1554 quid
945 1476 1103 1534 mutatum
1117 1469 1159 1534 sit
1176 1468 1306 1553 paulla-

68 1575 123 1655 tim,
137 1576 222 1640 iufra
239 1597 298 1639 suo
312 1577 400 1659 loco,
414 1577 449 1641 id
464 1584 525 1658 est,
544 1576 610 1637 Lib.
627 1577 669 1637 11.
686 1580 731 1638 ts't.
745 1576 775 1639 9.
791 1598 822 1638 n.
834 1575 865 1639 2.
879 1576 1035 1640 dicemus.
1055 1577 1131 1642 Jam
1146 1573 1306 1657 addimus,

69 1690 95 1744 et
108 1682 167 1748 alia
183 1691 358 1767 pareutum
368 1685 445 1769 jura
462 1683 601 1764 sublata,
619 1682 674 1747 vel
694 1683 863 1748 imminuta
881 1684 995 1749 saltem
1012 1683 1121 1748 fuisse.
1144 1684 1198 1748 Sic
1216 1704 1307 1763 sane,

69 1811 149 1872 quum
166 1790 249 1854 olim
272 1799 307 1855 et
322 1792 383 1854 filii
400 1791 557 1876 filiaeque
577 1790 716 1854 familias
732 1811 843 1854 noxae
863 1789 934 1856 dari
951 1801 1087 1877 possent
1105 1813 1125 1855 a
1143 1798 1256 1875 patre,
1272 1790 1307 1854 id

64 1897 107 1979 jus
124 1898 161 1960 iis
184 1898 352 1962 ademtum
382 1919 470 1980 esse,
503 1899 603 1963 docet
622 1896 829 1963 Justiniunus
854 1900 883 1981 9.
901 1903 957 1962 ult.
978 1901 1057 1963 Just.
1081 1901 1120 1962 ds
1137 1899 1222 1961 Noc.
1246 1907 1307 1962 act.

70 2002 159 2080 Quam
175 2026 291 2088 parum
308 2005 411 2088 patris
427 2005 565 2070 arbitrio
583 2003 735 2070 relictum
755 2006 855 2070 fuerit
872 2009 906 2070 in
923 2006 1167 2070 exheredaudis
1180 2006 1306 2086 liberis,

70 2109 140 2174 infra
161 2112 204 2175 ad
226 2133 302 2176 cum
320 2113 451 2178 titulum
478 2112 726 2198 explicabimus.
747 2114 820 2176 Nec
843 2114 876 2178 in
899 2136 941 2178 eo
960 2114 1097 2200 quidem
1115 2134 1307 2198 persevera·

70 2223 135 2300 tum,
151 2227 186 2282 ut
204 2219 291 2302 patri
311 2218 397 2283 filius
412 2229 498 2284 esset
513 2221 610 2284 heres
627 2221 840 2284 necessarius.
862 2220 958 2298 Quae
979 2222 1091 2286 omnia
1111 2220 1191 2284 olim
1210 2221 1309 2284 aliter

70 2346 97 2387 se
109 2325 271 2408 habuisse,
288 2326 354 2390 suis
368 2326 450 2393 locis
468 2330 607 2414 patebit.

520 2643 607 2708 LIB.
628 2644 655 2708 1.
678 2642 770 2708 TIT.
791 2642 839 2706 X.

666 2805 702 2846 nr

339 2868 922 3006 'uu'rrrns

141 3091 254 3156 Patria
274 3104 422 3179 potestas
446 3096 631 3180 adquiritur
651 3094 937 3180 potissimum-vel
952 3115 1013 3178 ρετ
1025 3094 1131 3179 justas
1151 3111 1310 3176 numme,

74 3195 120 3259 vel
131 3221 185 3282 per
198 3219 516 3286 uncrmunrrounu,
530 3203 586 3266 vel
602 3223 664 3288 per
677 3219 908 3266 soorrnounnr.
928 3203 983 3267 De
1004 3201 1127 3285 nuptiis
1149 3209 1183 3263 et
1198 3200 1313 3284 legiti-

74 3305 202 3371 matione
220 3308 321 3372 titulo
340 3310 405 3373 hoc
423 3311 486 3394 X.,
508 3312 550 3373 de
572 3310 754 3394 adoptione
774 3317 934 3395 sequente
959 3309 1077 3394 agitur.
1099 3308 1176 3372 Non
1198 3307 1256 3371 abs
1275 3327 1311 3370 re

75 3430 142 3475 vero
156 3415 208 3478 hic
228 3415 343 3479 titulus
361 3419 395 3480 in
417 3416 598 3482 Pandectis
616 3417 804 3482 inscribitur
825 3420 864 3480 dc
886 3419 963 3480 areu
982 3421 1181 3500 nuptiarum,
1197 3416 1313 3480 viden-

75 3524 177 3604 turque
200 3531 332 3587 veteres
351 3525 430 3590 Jcti
455 3527 562 3610 probe
586 3524 813 3607 intellexisse,
838 3533 994 3610 quantum
1024 3524 1154 3589 intersit
1176 3521 1314 3589 studiosi

72 3625 151 3707 juris,
165 3629 245 3693 ritus
259 3629 337 3694 illos
354 3634 551 3717 nuptiarum,
567 3633 713 3718 quijura
731 3632 950 3696 diversissima
969 3633 1216 3716 producebant,
1237 3652 1315 3716 per-

78 3744 190 3816 spectos
208 3737 345 3801 habere.
367 3739 458 3802 Hinc
474 3739 590 3824 procul
609 3739 711 3805 dubio
728 3739 789 3804 illo
809 3739 909 3803 titulo
928 3739 970 3804 de
990 3741 1106 3805 ritibus
1127 3737 1313 3824 nuptiarum

79 3839 216 3909 adcurate
245 3853 396 3929 egerunt.
426 3847 493 3911 Sed
519 3848 760 3929 Tribobiauus,
784 3856 916 3913 retenta
942 3850 976 3913 in
999 3847 1179 3913 Pandectis
1207 3833 1314 3908 veteri

77 3947 207 4035 rubrica,
231 3973 301 4016 rcm
328 3953 432 4036 ipsam
454 3955 583 4037 omisit,
611 3974 722 4040 neque
744 3955 846 4019 ullum
866 3957 965 4021 titulo
985 3957 1039 4020 isti
1064 3954 1202 4020 inseruit
1224 3952 1315 4037 frag-

78 4065 224 4140 mentum,
242 4059 332 4145 quod
351 4061 393 4124 ad
414 4061 627 4126 illustrandos
648 4062 725 4127 illos
744 4070 875 4127 veteres
894 4065 976 4129 ritus
998 4064 1141 4126 laceret:
1160 4061 1315 4122 Thomas.
1425 4091 1430 4100 ¹

79 4161 111 4222 de
126 4186 181 4230 usu
199 4174 302 4249 praet.
318 4167 414 4230 doctr.
436 4171 514 4232 Inst.
532 4171 571 4231 de
588 4176 704 4253 nuptiis
723 4171 790 4233 Ι.1.
801 4193 834 4255 ρ.
852 4171 881 4232 1.
896 4175 940 4253 Ι).
963 4170 1055 4254 Ergo
1072 4191 1115 4232 ex
1133 4157 1316 4252 antiquita-

79 4267 152 4333 tibus
172 4271 372 4358 supplendus
395 4275 519 4351 biatus3
540 4277 641 4361 quod·
652 4279 721 4363 jam
747 4286 823 4342 ante
851 4300 910 4342 nos
939 4278 1091 4341 feceruut
1111 4277 1210 4340 Barn.
1225 4273 1317 4338 Bris-

85 4556 90 4566 .
137 4478 166 4544 a)
185 4481 220 4532 nt
237 4477 299 4532 aliis
316 4479 345 4532 in
362 4478 448 4532 titulis
466 4480 602 4546 ejusmodi
620 4483 770 4549 fragments
788 4480 869 4536 obvia
883 4485 954 4548 sunt,
972 4482 1046 4534 velut
1063 4479 1092 4533 iu
1107 4478 1160 4533 rit.
1179 4479 1211 4531 de
1229 4479 1317 4532 ἀυηαι.

79 4566 119 4610 W·
134 4562 179 4616 ω’τ.
196 4573 222 4617 ct
239 4581 317 4619 uxor.
335 4564 382 4618 ubi
399 4564 455 4620 vid.
472 4565 504 4618 L.
521 4569 566 4620 66.
583 4565 671 4621 Mitt.
