3062 5164
246 411 299 479 Du
325 413 417 482 llan.
443 411 552 483 Divis.
580 417 635 486 Er
658 415 811 501 Ausum.
837 414 953 484 lrsnn.
980 415 1076 486 Dosa.
1215 423 1286 490 w

109 588 212 652 Idem
229 589 273 652 de
290 592 367 675 jure
383 590 532 674 piscandi
550 591 759 658 statuendum
782 601 842 656 est.
865 593 1008 658 Tantum
1027 594 1115 658 enim
1135 597 1238 674 abest,
1251 607 1286 660 ut

31 696 111 759 illud
135 716 271 782 semper
287 719 457 764 commune
474 700 593 780 fuerit,
613 700 827 786 dominioque
842 710 1020 784 exemtnm,
1039 711 1074 766 ut
1092 704 1213 787 potius,
1229 705 1287 788 qui

30 805 131 888 longo
154 815 309 893 tempore
326 808 361 871 in
380 808 580 872 diverticulo
598 808 738 874 fluminis
761 810 847 876 solus
866 811 1007 894 piscatus
1029 810 1153 894 fuerat,
1177 822 1287 897 posset

31 913 110 978 alios
126 913 174 976 ab
192 937 235 978 eo
245 918 322 1001 jure
338 916 535 980 excludere:
549 918 587 978 L.
602 919 632 980 7.
648 920 689 982 D.
703 919 741 980 dc
755 919 879 984 Dtoers.
895 930 985 1002 temp.
995 941 1139 1003 praescr.
1154 925 1197 1002 ¹).

614 1072 642 1152 ς.
661 1070 711 1132 14.

185 1169 242 1222 cur
259 1172 388 1240 ejusmodi
404 1189 448 1222 res
466 1171 648 1224 Jareconmta'
665 1174 784 1224 vocarint
797 1173 918 1242 publicos
938 1185 964 1227 et
981 1179 1150 1227 communes?

109 1270 274 1334 Ceterum
289 1295 343 1362 eas
359 1293 412 1336 res
424 1293 612 1337 communes
622 1282 655 1336 et
668 1273 816 1357 publicas
829 1274 944 1338 dixere
956 1282 1086 1340 veteres
1097 1295 1139 1338 ex
1155 1283 1288 1337 senten-

37 1380 76 1440 tia
94 1379 309 1463 Stoicorum,
328 1403 465 1465 quorum
486 1381 648 1465 principia
668 1383 907 1447 Jureconsultis
932 1385 1001 1448 lere
1022 1385 1171 1447 omnibns
1194 1391 1287 1445 erant

38 1488 66 1549 in
89 1489 232 1552 deliciis.
255 1490 385 1554 Stoicos
408 1491 494 1552 enim
516 1489 619 1552 veluti
643 1511 779 1575 regnum
804 1490 968 1578 quoddam
993 1493 1125 1578 generis
1144 1490 1287 1570 humani,

38 1597 88 1659 vel
109 1597 333 1662 universalem
357 1599 499 1661 omnium
525 1597 672 1662 Deorum
697 1599 931 1685 hominumque
958 1599 1196 1687 rempublicam
1222 1607 1288 1662 sta-

41 1707 143 1788 tuisse,
159 1727 259 1769 nemo
275 1707 419 1792 ignorat,
432 1706 533 1792 idque
547 1705 732 1770 luculenter
744 1707 865 1772 docent
878 1709 996 1773 Cicero
1011 1713 1049 1772 de
1061 1711 1160 1771 mnu.
1174 1709 1288 1769 Bonor.

46 1824 73 1874 et
97 1816 202 1877 lllolor.
223 1816 285 1879 III.
307 1815 358 1877 19.
383 1837 427 1897 sq.
454 1816 501 1878 M.
523 1815 684 1880 Antonin.
708 1823 751 1891 εἰς
774 1815 884 1882 ἑαυτὸν
901 1818 944 1880 ΙΙ.
959 1817 1010 1881 16.
1035 1818 1093 1879 ΙΙΙ.
1112 1816 1162 1877 ll.
1184 1815 1240 1875 IV.
1257 1813 1288 1876 3.
1362 1849 1365 1862 .

48 1921 95 1980 Vr
115 1923 166 1983 44.
185 1924 262 1986 XII.
281 1923 332 1986 36.
361 1924 493 1987 Arrian.
515 1925 649 1987 Dsssert.
672 1925 805 2006 Epictet.
828 1928 852 1986 Ι.
868 1924 919 1988 12.
943 1926 1068 1988 [1424.
1096 1925 1224 1989 Seneca
1250 1923 1289 1984 de

44 2031 146 2108 Renes.
162 2032 219 2092 IV.
234 2031 285 2092 28.
308 2030 484 2095 Addantur
499 2032 618 2094 Thom.
638 2031 786 2098 Gataker
802 2036 917 2096 Adnot.
940 2035 984 2095 od
1002 2035 1045 2094 M.
1062 2039 1177 2096 Antan.
1189 2054 1223 2113 p.
1237 2029 1289 2092 56.

42 2135 83 2200 84.
105 2138 225 2202 Thom.
241 2138 378 2224 Stanley
393 2143 474 2202 hh'st.
494 2141 612 2204 Philas.
626 2142 719 2204 Part.
744 2142 813 2202 VII.
831 2142 869 2202 P.
887 2141 915 2204 l.
930 2164 956 2204 c.
971 2141 1021 2205 13.
1035 2163 1067 2223 p.
1084 2141 1156 2202 614.
1179 2137 1287 2216 Quum

43 2267 114 2330 ergo
136 2248 236 2310 etiam
255 2248 479 2314 Jureconsulti
497 2249 583 2315 hanc
600 2247 843 2332 philosophiam
864 2256 1090 2332 sequerentur,
1107 2247 1288 2331 duplicem-

42 2377 100 2438 que
120 2356 208 2418 adeo
226 2356 287 2420 sibi
304 2357 520 2440 conciperent
533 2357 790 2440 rempublicam,
807 2357 966 2440 majorem
985 2378 1094 2435 unam,
1110 2376 1195 2439 quae
1217 2363 1289 2416 erat

41 2465 183 2528 omnium
199 2464 344 2533 Deorum
356 2465 601 2550 hominumque,
617 2465 754 2529 alteram
771 2466 941 2546 minorem,
959 2464 1210 2549 uniuscujusque
1228 2482 1290 2546 po-

43 2573 104 2654 puli
125 2582 182 2636 aut
207 2573 362 2636 civitatis:
384 2595 588 2660 consequeus
616 2581 700 2650 erat,
721 2582 756 2637 ut
777 2582 812 2637 et
835 2576 939 2656 bona,
962 2574 1031 2638 sive
1049 2572 1199 2659 publica,
1219 2571 1289 2634 sive

46 2681 230 2758 communia,
250 2682 428 2768 dupliciter
447 2685 653 2768 acciperent,
671 2682 900 2768 nonnullaque
918 2683 1007 2748 omni
1018 2681 1108 2767 jure,
1129 2680 1196 2744 alia
1216 2689 1290 2744 tau-

49 2795 106 2850 tum
116 2791 189 2874 jure
208 2793 356 2874 gentium
379 2791 564 2856 communia
580 2789 800 2875 adpellerent,
820 2813 906 2877 quae
924 2801 1036 2856 tamen
1055 2791 1092 2855 in
1104 2791 1180 2875 jure
1199 2787 1290 2851 civili

48 2893 259 2962 Romanorum
283 2910 393 2964 essent
408 2902 441 2963 in
463 2899 667 2984 reipublicae
688 2901 844 2964 dominio.
868 2900 963 2978 Quae
981 2899 1091 2964 omnia
1110 2907 1177 2961 tam
1193 2916 1291 2981 prae-

48 3004 125 3068 clare
145 3007 356 3091 explicantur
379 3009 419 3072 ab
438 3007 669 3072 humanissimo
689 3007 935 3090 Jureeonsulto,
958 3005 1109 3070 Gerardo
1127 3004 1290 3082 Noodtio,

49 3113 189 3176 Prohohtl.
208 3117 235 3177 I.
254 3115 284 3178 8.
297 3139 328 3198 p.
343 3115 394 3178 21.
410 3139 455 3199 sq.
471 3124 507 3180 ut
522 3117 624 3181 otium
641 3116 737 3181 nobis
754 3116 871 3180 fecisse
888 3115 1050 3179 videatur.

610 3271 639 3352 5.
661 3271 711 3332 15.

535 3380 591 3432 Res
609 3379 794 3432 universitatis.

116 3480 189 3541 Itss
209 3500 493 3542 umrsnsrrxrrs
507 3488 611 3557 erant,
629 3500 765 3564 quarum
784 3480 962 3544 dominium
980 3479 1185 3556 universitas,
1201 3498 1291 3543 usum

46 3669 202 3734 injunxisse,
229 3677 304 3735 patet
322 3677 357 3722 ex
376 3671 407 3723 L.
426 3675 451 3724 4.
471 3671 505 3723 D.
525 3671 556 3721 ete
576 3670 644 3722 Rer.
663 3671 736 3721 diois.
762 3670 835 3722 Hine
859 3668 1033 3723 librariorum
1059 3670 1162 3723 incuria
1190 3667 1292 3721 omissa
1394 3731 1397 3741 ι

46 3753 169 3819 quaedam
187 3755 273 3806 verba
291 3755 409 3807 arbitror
427 3755 454 3806 iu
474 3757 505 3808 L.
520 3761 545 3808 2.
562 3757 590 3808 0.
608 3755 652 3807 De
670 3754 822 3807 differentia
839 3753 909 3808 iuter
927 3771 970 3807 res
988 3771 1146 3808 communes
1161 3759 1188 3807 et
1201 3755 1292 3820 publi-

45 3853 83 3890 cas
99 3839 153 3904 egit
171 3839 340 3907 Wielingius
359 3841 387 3892 in
404 3843 523 3894 Lectica.
534 3842 596 3910 jur.
614 3841 661 3894 civ.
682 3838 749 3910 [⁸1.
770 3839 825 3910 lh]
848 3841 930 3893 Canu.

105 3925 136 3990 x)
157 3925 224 3977 Non
247 3925 286 3978 ita
306 3932 390 3992 puto,
414 3941 558 3993 meamque
581 3926 738 3992 opinionem
762 3926 904 3977 confirmat
929 3928 959 3978 L.
976 3931 1020 3978 45.
1045 3927 1080 3979 D.
1099 3927 1131 3977 dc
1154 3926 1250 3992 Uaurp.
1267 3934 1293 3976 ct

49 4023 110 4060 amc.
124 4010 273 4064 Praeterea
285 4026 396 4079 quoque
414 4012 496 4064 rebus
513 4027 604 4064 merae
616 4011 752 4064 facultatis
770 4011 991 4077 praescribimus
1004 4016 1109 4076 potest:
1124 4010 1293 4062 emendanda

47 4108 104 4145 vero
119 4102 156 4148 ast
174 4098 207 4150 L.
227 4101 252 4150 7.
271 4097 313 4148 cit.
331 4096 384 4161 ita,
404 4103 436 4150 ut
451 4113 503 4164 pro
521 4098 636 4150 altorum
661 4099 735 4164 legas
754 4097 827 4150 haud
844 4096 965 4150 alterum.
987 4099 1069 4152 Caum
1098 4097 1168 4150 Cum
1187 4095 1293 4148 Caune-

45 4178 136 4241 gictero
154 4185 226 4246 puto
244 4198 277 4234 ac
295 4183 392 4246 sentio,
411 4182 553 4238 Heineooii
570 4183 666 4250 utique
683 4199 744 4236 esse
758 4181 966 4248 improbandam
981 4182 1239 4248 interpretationem.
1257 4182 1293 4234 At

45 4279 90 4316 non
107 4273 168 4331 aget
185 4267 385 4332 emendatione,
397 4274 427 4320 ut
445 4274 559 4338 uterque
578 4269 647 4321 iuter
666 4284 696 4320 se
707 4269 865 4320 concilietur
884 4271 969 4333 locus,
982 4265 1119 4336 siquidem
1134 4267 1292 4326 Marcianus

47 4349 71 4414 (e
87 4353 164 4418 cujus
183 4351 253 4406 libro
271 4353 329 4406 IIL
347 4353 434 4408 Iastia
452 4355 614 4422 deprompta
635 4360 677 4408 est
693 4357 725 4406 L.
743 4360 767 4408 7.
782 4357 816 4408 D.
834 4356 892 4422 cit.)
913 4353 1025 4408 omnino
1044 4369 1100 4406 non
1118 4353 1239 4420 loquitur
1258 4353 1293 4404 de

45 4438 258 4504 praescriptionis
273 4439 352 4505 J'ure,
366 4455 461 4492 verum
479 4441 591 4508 dejure
608 4440 682 4507 ejus,
704 4440 753 4508 qui
771 4457 851 4494 risum
869 4440 909 4494 rei
926 4439 1048 4494 omnium
1064 4439 1216 4492 communis
1238 4438 1316 4516 aar,

45 4523 193 4588 occupavit,
213 4525 352 4593 adeoque,
372 4525 437 4578 dum
461 4525 599 4592 possidet,
617 4526 652 4576 ah
674 4527 798 4592 ejusdem
816 4527 855 4580 sei
873 4541 925 4580 usu
944 4525 1012 4578 alios
1033 4525 1183 4591 prohibere⁴
1195 4530 1292 4590 potest.

46 4607 98 4662 l'id.
115 4611 212 4662 Noodt
229 4609 266 4662 ad
283 4609 310 4662 h.
327 4611 389 4678 Diy.
407 4613 446 4664 tit.
470 4610 537 4681 Opp.
556 4614 589 4664 T.
606 4612 644 4664 Il.
659 4627 686 4676 p.
704 4615 747 4666 29.
766 4611 852 4664 hhthl.
