3122 5162
220 319 313 444 aaa
396 333 398 338 ’
634 353 712 441 ω.
738 371 801 443 ru.
824 372 906 442 aa.
932 373 1062 444 xum
1092 389 1109 464 1

220 549 313 612 tione
335 554 391 611 aut
413 547 584 614 adfinitate
607 549 774 633 conjuncti
796 557 899 613 erant.
920 549 1142 626 Necessariae,
1164 575 1246 638 qnos
1266 554 1472 619 consuetudo

220 657 310 720 vitae
324 657 553 740 conjunxerat,
570 664 605 720 ut
626 655 823 740 familiares,
839 655 989 738 tribules,
1010 658 1148 740 vicinos,
1163 661 1314 741 clientes,
1339 662 1474 725 munici-

147 814 150 820 ,
220 785 290 848 pes,
306 772 341 826 et
362 763 420 846 qui
435 765 470 826 in
485 761 601 826 eadem
618 765 791 848 societate,
813 763 972 851 collegio,
988 765 1166 832 sodalitate
1185 777 1220 833 et
1236 769 1356 832 ordine
1372 778 1473 832 erant.

219 870 358 956 Aliquid
374 871 553 936 voluntatis
569 852 747 946 ostendere
758 871 957 936 videbantur
971 871 1177 957 salutatores,
1192 877 1407 959 deductores,
1418 878 1472 942 ad-

220 987 411 1060 sectatores,
434 979 678 1063 suffragatores,
695 979 871 1064 dequibus
894 978 1044 1043 omnibus
1059 981 1178 1046 Cicero
1194 986 1266 1046 ibid.
1282 991 1319 1046 et
1332 985 1406 1058 σ.,9.
1424 985 1468 1048 lli

219 1107 333 1150 omnes
349 1107 430 1169 ergo
448 1099 508 1170 pro
524 1084 708 1151 candidatis
729 1087 940 1169 prensabant,
956 1109 1081 1172 eosque
1095 1078 1289 1173 laudabant,
1306 1113 1470 1156 commen-

109 1189 112 1196 ’
165 1195 166 1198 ’
219 1195 362 1276 dabant,
378 1202 412 1260 et
433 1213 540 1256 rerum
565 1213 677 1258 eornm
700 1197 907 1279 satagebant
928 1194 1129 1279 Popularem
1152 1219 1233 1261 vero
1254 1219 1386 1280 auram,
1410 1222 1472 1284 qua

219 1304 396 1387 praecipue
412 1311 483 1366 erat
505 1323 604 1384 opus,
620 1301 800 1386 captabant
815 1304 1072 1376 nomenclatione,
1092 1305 1265 1380 blanditia,
1281 1306 1472 1370 aduttum

116 1459 121 1466 ,
187 1435 191 1442 ·
218 1421 252 1474 et.
262 1413 463 1493 ¹benignitate.
478 1409 691 1472 Nomenctatio
703 1431 775 1473 eam
790 1409 937 1474 habebat
951 1409 1026 1494 vim,
1038 1419 1073 1474 ut
1087 1411 1212 1494 petitor
1224 1414 1471 1498 singuloscives

119 1549 121 1554 ·
184 1515 188 1524 ’
219 1539 278 1582 suo
295 1537 460 1602 quemque
475 1517 609 1579 nomine
625 1517 812 1603 adpellaret
827 1539 865 1582 ac
887 1518 1056 1582 salutaret.
1078 1518 1305 1604 Quumqueid
1328 1522 1401 1585 fieri
1418 1523 1469 1585 vix

217 1634 331 1710 posset
345 1626 380 1688 in
402 1630 495 1688 tanta
515 1625 634 1689 civium
650 1626 877 1691 multitudine:
900 1624 1037 1689 alebant
1059 1648 1190 1711 servos,
1213 1620 1470 1714 quicandidatis

206 1733 337 1823 ¹civium
355 1732 558 1818 singulorum
575 1742 791 1820 suggererent
809 1735 958 1829 nomina,
971 1733 1060 1798 unde
1076 1755 1134 1798 eos
1155 1741 1402 1802 nammwtatores
1416 1738 1471 1803 vel

218 1838 383 1904 monitores
404 1839 635 1924 adpellabant=
657 1841 777 1905 Cicero
797 1842 886 1906 Orat.
904 1863 966 1924 pro
979 1843 1025 1904 L:
1035 1844 1235 1912 Muraenae.
1249 1845 1303 1908 36.
1323 1845 1395 1908 fere
1415 1849 1471 1908 aad
1554 1851 1556 1862 ⁴

208 1955 272 2032 fin.
289 1947 467 2035 [·*Plinius
486 1951 597 2032 Epiatt.
617 1952 659 2011 ΙΙ.
674 1947 741 2034 14.]
763 1949 856 2013 Dicti
874 1950 974 2013 etiam
995 1956 1070 2013 sunt
1081 1933 1244 2039 sartores,
1267 1953 1347 2039 quia
1369 1953 1467 2017 veluti

201 2058 252 2136 ¹in
269 2077 364 2120 aures
376 2057 597 2120 infarciebant
613 2057 730 2120 civium
744 2058 892 2121 nomina:
903 2059 1021 2120 Festus
1035 2060 1471 2143 subvoceFartorerp.l‹13.

219 2185 286 2250 quo
301 2165 471 2249 pertinent
484 2165 544 2230 illa
558 2165 693 2252 Horatii
709 2167 810 2248 lipr‘et.
825 2167 850 2227 I.
865 2165 895 2228 6.
909 2186 938 2226 a·
952 2164 1004 2228 49.
1019 2185 1083 2247 sqq.
1207 2189 1209 2194 ·
1380 2249 1390 2257 ι

367 2282 619 2360 Sisortanatnm
641 2285 757 2363 species
777 2291 809 2344 et
828 2265 943 2363 gratia
953 2271 1110 2362 praestat,
1317 2255 1360 2312 ‘2'
1390 2274 1410 2302 ²
1436 2349 1445 2357 ⁴

365 2391 544 2452 Maraemnr
565 2411 699 2464 servam,
721 2393 777 2472 qui
795 2390 889 2451 dictet
908 2393 1044 2462 nomina,
1065 2390 1189 2451 laenam
1300 2370 1314 2422 ἶ
1402 2394 1450 2478 Ηἶ

369 2499 434 2576 Qui
440 2500 562 2578 fodicet
585 2500 680 2576 latas,
702 2508 732 2559 et
754 2502 847 2580 cogat
866 2505 958 2558 trans
973 2497 1118 2579 pondera
1138 2497 1285 2560 dextram
1300 2482 1368 2543 ⁴0
1407 2468 1441 2539 ‘³5

365 2607 553 2687 Porrigere:
574 2605 637 2666 Hic
657 2607 788 2666 maltam
810 2609 843 2669 in
864 2587 965 2666 Fadia
985 2607 1078 2678 calet,
1100 2607 1153 2666 tlte
1178 2604 1319 2669 Velinae.

369 2713 430 2774 Oai
448 2713 518 2774 libet
539 2716 567 2774 ie
577 2715 690 2792 faeces
710 2713 809 2802 dabit,
825 2715 992 2794 eripietque
1013 2714 1123 2774 carate

301 2874 304 2878 .
368 2821 430 2883 Cui
447 2821 526 2904 volet
547 2825 743 2923 tmporpanus
764 2820 856 2880 abar:
918 2853 940 2866 ·-
1002 2854 1045 2864 -
1105 2853 1146 2866 -

217 2940 402 3009 Blanditiae
423 2935 513 3000 vana
537 2935 753 3000 continebant
774 2931 970 2998 adsentandi
999 2933 1147 2998 artificia·
1174 2933 1272 2998 Alios
1300 2934 1472 3000 candidati

217 3056 338 3132 patres,
347 3046 429 3110 alios
443 3045 569 3128 fratres,
584 3045 667 3109 alios
678 3023 835 3129 patronos
845 3041 1074 3128 adpellabant:
1084 3042 1242 3106 Horatius
1250 3045 1322 3106 idid.
1330 3065 1360 3106 a.
1371 3041 1424 3104 54.
1431 3065 1472 3124 sq.
1553 3051 1554 3054 ’

363 3199 406 3210 -
447 3199 490 3210 -
532 3192 570 3210 ⁶-
614 3199 639 3209 -
663 3162 791 3233 Frater,
815 3160 933 3233 Pater,¹
947 3160 1047 3221 adde:

370 3271 409 3333 Ut
431 3275 541 3354 cuique
562 3279 609 3332 est
631 3279 729 3342 aetas,
750 3271 800 3329 ita'
817 3287 968 3348 quemque
980 3267 1113 3344 saccina
1135 3265 1260 3348 adapta.

217 3387 290 3450 Nec
320 3376 466 3472 pudebat
488 3407 555 3450 eos.
579 3396 609 3448 et
631 3387 791 3466 frontem,
811 3391 843 3444 et
866 3385 1004 3458 auitam,
1026 3391 1057 3443 et
1074 3357 1245 3443 sermonem
1270 3382 1316 3466 ad
1347 3401 1473 3452 nomm,

217 3516 421 3578 qaaecumque
441 3502 665 3566 convenerant,
693 3513 826 3564 sensnm,
840 3499 872 3552 et
901 3493 1090 3552 vatnatatem
1117 3497 1325 3556 commutare:
1349 3488 1474 3551 Cicero

213 3605 257 3675 ‚de
271 3607 420 3686 patitrbne
437 3603 594 3664 consulat.
610 3624 635 3692 a.
650 3599 700 3660 11.
723 3599 814 3684 Opus
830 3621 930 3683 porro
954 3605 1024 3661 erat
1042 3598 1247 3688 adsiduitate,
1268 3616 1332 3658 nec
1355 3618 1475 3682 parum

103 3757 106 3764 ·
216 3709 372 3809 ¹prodesse
390 3709 564 3774 videbatur
578 3707 780 3790 candidatis,
797 3705 934 3771 adsidue
958 3727 1028 3768 esse
1043 3705 1191 3783 Romae,
1206 3706 1307 3787 alque
1329 3704 1367 3782 in
1384 3704 1474 3784 foro,
1550 3695 1551 3704 ¹

219 3820 352 3892 adsidue
368 3828 500 3904 petere„
523 3838 622 3902 saepe
640 3815 773 3880 eosdem
789 3815 975 3900 adpellare,
993 3811 1127 3892 ambire,
1144 3832 1315 3895 prensare,
1339 3833 1477 3898 rogare.
1522 3819 1526 3828 ’

220 3928 408 3995 Circuibant
425 3948 505 4012 ergo
528 3926 652 4006 iorum,
674 3924 837 4010 supplices
852 3921 989 4008 populo,
1012 3919 1194 3987 circuibant
1214 3917 1326 3981 omnia
1348 3917 1477 3982 ltalia'e

217 4035 447 4116 conciliabula,
463 4033 713 4119 prehendebant
728 4031 929 4116 singulorum
946 4029 1090 4110 dextras,
1103 4025 1267 4091 beneficia
1279 4048 1340 4090 sua
1353 4027 1391 4094 in
1407 4028 1480 4090 sin-

218 4145 312 4229 gulos
337 4149 647 4223 commemorantes,
669 4142 837 4204 cicatrices
859 4145 995 4221 pectore
1023 4136 1146 4200 nudato
1169 4135 1416 4216 ostendebant,
1442 4147 1481 4200 et

219 4275 302 4337 quae
326 4260 419 4316 erant
439 4250 534 4336 hujus
555 4249 686 4334 generis
709 4248 784 4311 alia.
807 4247 873 4310 Sed
897 4245 1070 4309 maximum
1098 4249 1298 4305 momentum
1322 4243 1481 4308 habebat

218 4362 408 4442 benignitas,
430 4359 456 4426 si
478 4356 573 4443 plura
595 4356 722 4443 populo
745 4355 913 4420 dedissent
935 4351 1119 4438 congiaria,
1141 4349 1299 4436 prandia,
1315 4372 1480 4450 munera:

152 4449 155 4455 ⁴
220 4466 407 4528 Cicereii.
429 4466 505 4543 Qua
520 4467 554 4528 in
578 4486 614 4528 re
637 4472 728 4528 tanta
745 4472 816 4526 eret
831 4461 1045 4547 quorumdam
1061 4457 1227 4542 ,profusio,
1249 4467 1286 4524 ut
1309 4459 1479 4550 furiosum

139 4643 141 4648 Ι
176 4615 179 4622 -
218 4572 405 4658 patrimonii
427 4573 475 4634 sui
497 4573 646 4635 iacerent
668 4571 808 4634 exitum:
830 4570 951 4632 Ascon.
967 4568 1133 4632 Pedianus
1148 4571 1181 4628 in
1195 4573 1276 4650 Arg.
1295 4567 1388 4629 Orat.
1414 4567 1480 4628 Οἰσ.
