3056 5154
205 401 278 468 aab
541 392 621 462 lar.
643 393 710 462 [ll.
733 391 817 462 Trr.
843 391 958 461 ml.
981 391 1119 481 (m.)

206 572 378 658 gationen
392 570 514 634 fastan
528 589 602 632 esse
615 569 802 631 Mac
813 565 1023 651 Quicmque
1038 566 1127 628 euin
1141 564 1300 645 debebat,
1315 563 1383 648 qus
1394 585 1457 626 no-

207 699 285 742 nen
298 697 367 740 nou
381 676 482 740 modo
497 675 707 740 referebatur
719 675 755 736 in
770 674 901 738 tubulas
922 674 1058 758 excepti
1072 683 1108 736 et
1121 674 1280 757 expensi,
1297 671 1346 735 ati
1359 670 1459 734 docet

208 783 825 866 ciceroprowmcomdoes
846 783 1032 863 Rapum
1050 784 1162 844 tulisse
1181 801 1246 843 un
1265 781 1461 860 elisitque·

210 894 336 958 tabutas
352 911 415 952 m
435 895 557 952 recem.
576 893 636 955 sed
654 899 690 952 et
703 890 738 952 in
753 888 993 972 chirographa,
1012 888 1169 952 adhibitis
1190 888 1331 952 testibus
1350 895 1385 948 et
1403 908 1461 968 pa-

97 1017 103 1026 ’
208 999 321 1064 ratiis:
334 997 464 1061 Seneca
480 999 520 1058 dc
532 999 645 1076 Beuefi
662 995 1012 1082 11.[*23.]·2211L15.
1032 998 1078 1059 Et
1091 996 1172 1059 inde
1186 995 1349 1058 Horatius
1367 994 1463 1074 uper.

293 1151 303 1168 .
337 1103 433 1166 ‚lon

211 1107 292 1168 al
316 1127 337 1168 ⁰
377 1210 520 1292 Scriptus
540 1230 744 1271 sorranus
764 1213 859 1271 certis
879 1211 1058 1291 expendere
1077 1231 1187 1272 mas
1200 1213 1246 1290 e).

211 1334 314 1414 Inde,
330 1333 387 1418 qui
407 1341 551 1394 mutuam
572 1331 745 1415 pecuniam
761 1333 951 1414 sumebant,
967 1349 1128 1398 scmunu
1148 1331 1356 1396 dicebantur.
1378 1332 1466 1392 loca

212 1442 328 1506 Plauti
350 1444 505 1502 Asinaria
520 1444 592 1502 Act.
609 1441 654 1501 ΙΙ.
672 1461 714 1501 sc.
735 1441 766 1502 4.
783 1461 812 1502 v.
832 1441 884 1504 34
909 1442 1037 1504 omont.
1056 1444 1126 1502 Act.
1143 1443 1203 1500 111.
1217 1461 1246 1502 o.
1262 1439 1316 1502 4⁰.
1342 1439 1467 1500 siant

213 1551 286 1613 Act.
301 1550 327 1609 l.
344 1567 387 1609 se.
405 1546 434 1609 1.
449 1568 479 1609 a.
493 1547 544 1610 58.
558 1539 719 1609 ciceron.
738 1549 784 1608 od
797 1551 938 1610 Attkmn
952 1550 1012 1612 IX.
1028 1547 1079 1609 12.
1099 1556 1134 1611 et
1149 1547 1232 1610 alios
1241 1549 1313 1632 jam
1330 1545 1467 1610 adduxit

214 1657 258 1720 V.
278 1656 316 1720 G.
338 1653 495 1719 Richard.
514 1654 688 1738 Bentlejus
706 1656 751 1714 ad
769 1653 901 1717 Hermai·
915 1655 1031 1737 Epistt.
1047 1656 1115 1717 uu.
1131 1657 1175 1718 ΙΙ.
1193 1677 1239 1737 ep.
1255 1654 1287 1716 1.
1303 1675 1335 1716 a.
1353 1655 1426 1714 loti
1439 1675 1468 1733 p.

214 1741 288 1828 ais,
304 1783 349 1844 sq.
366 1761 451 1847 [rex
464 1763 536 1824 eat.
549 1761 654 1825 utera
669 1762 818 1847 nentiejr
837 1763 915 1844 opp.
929 1763 1044 1824 norat.
1060 1763 1308 1824 Amoueamus
1318 1761 1413 1822 1713.
1424 1758 1468 1842 4.]

215 1870 426 1954 Porphyrion
452 1870 497 1928 ad
514 1867 647 1930 Horuts‘a'
664 1873 802 1931 Semwn.
821 1870 889 1931 Ias.
912 1871 955 1930 11.
979 1879 1039 1932 aot.
1057 1869 1088 1930 ἃ
1108 1890 1138 1931 a.
1160 1869 1212 1931 (ἢ
1235 1867 1417 1952 eleganter
1438 1867 1470 1929 id

217 1978 364 2063 explicat
379 1977 465 2038 hunc
480 1975 514 2037 in
531 1975 680 2038 modum:
695 1978 783 2039 Jura's
797 1977 900 2040 cerba
923 1977 1096 2038 »harneas
1111 1987 1160 2039 est
1171 1985 1316 2038 mutuum
1331 1996 1472 2045 aumeref

216 2087 296 2151 inde
311 2084 459 2169 denique
473 2089 539 2163 est,
559 2083 649 2167 quod
669 2101 892 2164 nuscufflnnu,
908 2083 1028 2145 eodem
1050 2093 1136 2147 teste
1151 2083 1405 2167 Porphyrium,
1426 2087 1472 2143 est

216 2193 407 2273 restituere,
424 2190 514 2275 quod
537 2199 572 2255 et
586 2192 719 2255 Servius
734 2194 779 2254 od
790 2193 921 2255 Aeneid
942 2191 1012 2253 VII.
1027 2211 1055 2254 u.
1069 2191 1142 2253 1122
1158 2191 1329 2271 observat,
1349 2197 1387 2252 et
1403 2190 1472 2252 Do-

218 2310 313 2366 natus
329 2302 375 2362 ud
390 2301 530 2362 Terentii
541 2299 670 2363 Phorm.
685 2304 758 2362 Act.
775 2300 810 2359 V.
825 2321 867 2361 ac.
882 2298 914 2361 8.
928 2321 956 2360 a.
967 2297 1019 2360 29.
1033 2298 1078 2378 ί).
1099 2299 1262 2362 Dissimus
1277 2299 1324 2361 Π.
1338 2298 1474 2360 nomina

220 2408 281 2474 illa
296 2429 363 2471 nou
379 2405 484 2470 solnm
502 2406 662 2489 inscripta
681 2428 752 2469 esse
763 2406 804 2476 in
823 2427 936 2469 caussa
949 2405 1114 2489 pecuniae
1133 2427 1177 2469 ex
1192 2417 1304 2470 mutuo
1320 2427 1475 2468 numera-

220 2527 292 2598 tae,
316 2515 373 2579 sed
397 2522 449 2594 et,
475 2513 590 2595 siquis
614 2534 657 2574 ex
679 2535 792 2576 caussa
812 2514 983 2594 emtionis,
1004 2513 1198 2595 locationis,
1219 2513 1390 2577 societatis
1415 2521 1473 2575 etc.

221 2624 372 2688 deberet.
402 2620 489 2682 Sane
517 2618 604 2682 enim
628 2621 767 2682 nominis
793 2640 836 2681 ex
863 2642 977 2685 caussa
997 2621 1151 2684 emtionis
1175 2622 1380 2694 venditionis
1396 2621 1476 2683 facti

219 2727 369 2794 meminit
384 2727 503 2790 Cicero
521 2727 560 2787 de
578 2728 660 2814 offic.
680 2729 739 2789 ΙΙΙ.
754 2728 804 2788 14.
827 2726 967 2791 Constat
989 2750 1089 2812 porro
1114 2749 1157 2792 ex
1178 2729 1338 2792 hocloco
1357 2728 1477 2792 Theo-

220 2835 306 2922 phili
321 2834 581 2899 Iulianarum
598 2833 838 2917 obligationem
854 2837 1067 2899 novationem
1086 2836 1209 2918 debiti,
1230 2837 1297 2900 imo
1323 2844 1357 2898 et
1381 2836 1477 2898 dele-

221 2945 389 3028 gationem
405 2962 648 3024 nonnumquam
660 2942 839 3024 induxisse,
851 2952 888 3008 ut
899 2966 942 3006 ex
951 2944 1039 3030 Gajo
1053 2944 1213 3008 discimus.
1230 2945 1266 3008 Si
1280 2949 1476 3006 noootrbnem

221 3049 401 3114 inducebat
416 3049 536 3114 litteris
551 3048 715 3135 obligatio
730 3074 752 3113 a
761 3071 797 3114 re
812 3055 845 3113 ἐπ
855 3073 1041 3133 posonem
1056 3051 1104 3115 sin
1121 3054 1356 3134 delegantium,
1368 3075 1391 3113 o
1403 3074 1475 3135 per·

223 3177 301 3222 sona
316 3161 348 3220 in
359 3177 528 3242 personam
542 3158 615 3222 fieri
631 3158 810 3224 dicebatur.
831 3160 884 3223 Ita
905 3159 993 3222 enim
1009 3159 1253 3224 distinctionem
1275 3159 1353 3244 Gaji
1373 3160 1477 3222 inter-

223 3265 416 3350 pretandam
435 3286 517 3348 esse,
533 3289 585 3332 res
601 3268 672 3351 ipsa
690 3267 798 3331 docet.
819 3268 864 3329 Et
878 3267 955 3331 hinc
969 3267 1075 3331 lucem
1092 3267 1181 3351 capit
1194 3266 1350 3352 loquutio
1366 3279 1477 3332 vetus:

223 3374 262 3435 ab
277 3375 379 3455 atiquo
392 3375 544 3438 scribere:
558 3376 675 3438 Horat.
692 3376 832 3437 sermon.
848 3373 914 3437 Isau.
930 3377 973 3438 II.
988 3385 1048 3439 sat.
1062 3375 1094 3440 3.
1108 3396 1135 3440 c.
1146 3375 1197 3438 69.

474 3500 579 3561 Scribe
600 3501 704 3561 decem
724 3521 745 3560 u
766 3499 875 3560 Nerio.
906 3532 933 3544 -
974 3535 1016 3544 -
1056 3534 1101 3546 -
1141 3535 1183 3544 -

225 3617 282 3681 ubi
303 3617 466 3704 legendus
485 3621 724 3685 laudatissimus
745 3621 796 3685 vir
811 3621 966 3687 Richard.
987 3623 1164 3707 Bentlejus
1173 3644 1207 3703 p.
1224 3620 1298 3684 629.
1322 3621 1477 3706 Denique

226 3723 288 3790 IV.
306 3747 349 3790 ex
370 3726 434 3790 hoc
456 3728 637 3813 Theophili
662 3731 738 3793 loco
762 3730 927 3810 discimus,
949 3729 1133 3794 litterarum
1160 3729 1363 3814 obligationi
1387 3738 1479 3792 ante-

227 3833 347 3897 cedere
362 3835 513 3900 debuisse
532 3837 724 3904 sollemnem
741 3823 1004 3921 stipulationem,
1020 3860 1159 3924 eamque
1176 3837 1300 3902 deinde
1323 3838 1478 3922 redigen-

160 3937 163 3944 *
227 3941 300 4006 dam
322 3943 421 4006 fuisse
442 3944 476 4006 in
499 3947 688 4030 scripturam
704 3953 748 4026 t).
780 3947 823 4010 Et
841 3945 925 4010 haec
949 3954 999 4010 est
1019 3947 1080 4014 illa
1100 3951 1277 4030 empturus
1290 3951 1478 4028 proprietas

228 4051 317 4134 cujus
333 4052 480 4114 meminit
494 4054 530 4114 J..
544 4053 573 4116 2.
589 4056 629 4115 D.
645 4058 684 4118 de
703 4057 837 4138 Obligat.
852 4065 884 4116 et
898 4059 1008 4116 action.
1157 4053 1162 4058 ”

296 4226 326 4292 e)
346 4224 401 4278 llio
417 4241 511 4280 versus
529 4228 557 4281 in
576 4231 663 4282 bonae
679 4235 761 4282 notae
778 4228 944 4282 editionibus
962 4228 1002 4280 sic
1019 4227 1134 4294 legitur:

379 4310 476 4363 Cautes
492 4327 653 4364 uourmuua
670 4315 749 4366 rectis
767 4315 915 4382 expendere
932 4331 1033 4366 numos.
1073 4314 1155 4366 Caua.

299 4396 328 4461 t)
350 4395 392 4448 De
406 4397 531 4450 vocabuli
544 4399 722 4468 perscribere,
740 4399 783 4458 iis.
803 4414 874 4468 quae
893 4402 998 4454 Auctor
1021 4399 1047 4450 h.
1063 4401 1080 4450 l.
1104 4395 1259 4462 explicarit,
1278 4393 1436 4462 adjiciendi.
1452 4393 1479 4444 iu

230 4491 258 4528 re
276 4479 400 4533 numeria
418 4497 486 4535 usu:
503 4481 633 4537 Dukerus
651 4486 687 4536 ad
697 4486 755 4536 Lo.
775 4484 928 4536 XX1V.c
945 4487 984 4536 18.
1002 4484 1023 4550 ξ.
1038 4488 1078 4536 14.
1088 4483 1178 4536 ΝΠ.
1192 4499 1218 4548 p.
1227 4485 1289 4534 862
1300 4495 1344 4547 sq.
1358 4477 1447 4530 Hert.

230 4605 236 4617 ,
296 4565 328 4631 g)
350 4565 511 4624 Litterarum
530 4568 688 4638 obligationi
708 4569 911 4635 stipulationem
932 4569 1089 4621 antecedere
1111 4567 1247 4632 debuisse,
1265 4583 1317 4618 uec
1335 4561 1478 4630 Theophili
