3080 5154
204 358 252 428 Gi
682 351 757 422 Lu.
775 351 814 420 ¹1.
834 349 912 420 Τιτ.
937 351 983 420 11.

201 534 314 614 pedat:
335 527 495 592 satisfecit
511 534 622 591 tamen
645 527 717 611 ejas
736 485 940 612 argumentis
966 525 1183 592 Thomas-dc
1199 507 1467 610 matjam,

204 636 418 718 Autejurtdl.
432 634 463 696 2.
480 655 513 715 p.
532 633 583 696 67.
599 635 629 714 b)
729 677 739 686 .

673 897 755 949 Ratio
773 896 851 965 hujus
869 891 987 949 instituti.

288 997 410 1060 Caussa
429 997 525 1081 huJ'us
549 997 727 1059 sanctionis
747 1018 814 1059 non
833 1017 873 1060 ea
893 1006 974 1079 erat,
1003 1020 1100 1084 quam
1124 985 1241 1083 prodit‘
1253 999 1466 1083 Pomponius

203 1103 242 1167 L.
259 1105 288 1168 2.
302 1105 330 1186 §.
349 1103 399 1166 47.
418 1105 459 1165 D.
481 1106 520 1166 de
539 1105 626 1186 Orig.
643 1108 713 1186 jur.
737 1115 775 1167 ut
796 1107 898 1186 major
915 1115 999 1167 esset
1011 1107 1098 1188 juris
1122 1111 1303 1183 auctoritas,
1327 1127 1402 1188 nec,
1427 1114 1467 1168 ut

204 1231 292 1275 nova
313 1232 472 1295 responsa
494 1220 591 1274 vetus
616 1210 759 1274 edictum
784 1219 823 1274 εἴ
833 1211 997 1296 judiciale
1019 1213 1187 1275 Praetoris
1207 1233 1344 1296 regnum
1362 1235 1466 1277 ever-

204 1328 325 1399 terent,
341 1339 402 1380 ceu
418 1319 562 1402 conjecit
581 1319 622 1381 V.
631 1317 672 1380 A.
682 1317 754 1382 Ulr.
767 1306 894 1381 Huber.
910 1322 1038 1404 Auspic.
1054 1323 1180 1383 domest.
1199 1321 1233 1382 V.
1244 1343 1279 1402 p.
1295 1321 1367 1382 178.
1386 1316 1466 1403 nec,

196 1436 241 1491 ut
253 1426 359 1510 plebs,
377 1427 438 1489 otii
461 1424 602 1491 delinita
624 1424 812 1508 dulcedine,
836 1433 981 1490 atrocem
1004 1428 1085 1511 reip.
1100 1429 1289 1490 memoriam
1308 1440 1465 1510 exueret,

206 1556 291 1620 quae
313 1534 459 1618 ejusdcm
483 1540 533 1596 est
551 1532 683 1596 Huberi
696 1533 877 1632 sententias
869 1534 951 1596 ·sed
967 1535 1097 1619 partim,
1111 1555 1153 1597 ne
1167 1535 1289 1619 plebs
1280 1538 1464 1600 innumeris

143 1691 149 1702 .
204 1641 366 1726 implicita
381 1641 507 1722 litibus,
527 1639 571 1704 de
589 1640 821 1704 excutiendo
805 1661 890 1725 Jugo
919 1642 1057 1704 consilia
1081 1644 1265 1708 conferret·
1285 1643 1464 1723 (Thomas.

204 1753 268 1816 Lu.
283 1750 313 1812 2.
325 1770 359 1830 p.
373 1749 442 1829 70.)
461 1749 591 1831 partim,
608 1755 645 1812 ut
665 1769 708 1811 eo
724 1749 798 1832 ipso
816 1747 985 1832 Augustus
1001 1749 1240 1834 legislatoriam
1257 1759 1464 1834 potestatem

205 1855 327 1929 callide
348 1855 411 1920 sibi
428 1854 623 1936 vindicaret,
639 1855 800 1939 legesque
817 1855 957 1944 pristino
976 1858 1057 1941 reip.
1075 1859 1175 1924 statui
1190 1859 1465 1922 adcommodatas

205 1985 266 2048 per
272 1961 519 2048 jureconsultos
531 1962 711 2046 'paullatim
730 1963 924 2046 corrigeret,
948 1973 981 2028 et
1004 1965 1048 2028 ad
1068 1975 1278 2050 praesentem
1297 1966 1465 2050 reipubli-

205 2093 264 2136 cae
284 2070 401 2133 faciem
427 2059 653 2155 detorqueret.
668 2077 697 2150 ο)
728 2066 827 2134 Unde
853 2079 888 2134 et
914 2093 985 2135 eam
1012 2081 1211 2155 potestatem
1229 2075 1335 2157 primo
1354 2073 1463 2158 Atejo

206 2178 374 2264 Capitoni,
395 2176 534 2262 aliisque
552 2198 678 2242 suarum
694 2177 836 2263 partium
852 2178 958 2262 sctis,
979 2181 1177 2244 concessisse
1193 2182 1334 2245 videtur.

275 2397 306 2463 b)
327 2397 430 2448 Parum
438 2398 565 2450 accurate
580 2409 637 2446 rem
648 2394 767 2446 referunt
784 2398 811 2446 et
822 2393 994 2460 Pomponius
1008 2395 1047 2462 (v.
1056 2395 1139 2461 ungo
1151 2396 1185 2450 R.
1197 2395 1229 2446 G.
1241 2411 1269 2461 p.
1279 2398 1338 2448 814.
1348 2399 1406 2448 not.
1419 2396 1463 2464 l.)

205 2485 232 2532 et
249 2481 420 2534 Justinianus
438 2479 459 2545 t.
478 2483 503 2530 8.
521 2477 638 2540 Ι.1ι.ι.,
655 2477 769 2545 jamque
786 2479 899 2530 meliora
916 2479 1005 2532 edocti
1023 2495 1118 2532 sumus
1136 2497 1152 2532 e
1170 2479 1232 2546 Gaji
1250 2479 1464 2544 commentariis,

204 2564 267 2616 licet
285 2563 329 2615 hic
347 2579 457 2632 quoque
479 2561 581 2614 omissa
605 2559 661 2613 sint
678 2562 826 2628 quaedam,
846 2563 946 2630 quibus
968 2564 1003 2616 ad
1021 2566 1128 2630 plenam
1152 2566 1350 2634 perfectamque
1376 2567 1464 2633 hujus

178 2639 180 2644 ’
205 2649 246 2702 rei
262 2646 444 2715 cognitionem
460 2644 508 2698 vix
525 2661 617 2697 carere
635 2660 791 2710 possumus.
810 2647 887 2698 Haec
905 2652 995 2700 autem
1013 2650 1139 2716 leguntur
1156 2651 1230 2716 apud
1249 2644 1384 2716 GaJ'umI.
1396 2651 1419 2716 t.
1432 2655 1465 2704 7:

205 2733 371 2798 „Responsa
395 2731 569 2797 prudentium
587 2734 652 2782 sunt
677 2715 836 2782 seutenb'ae
842 2738 869 2784 et
886 2733 1029 2797 opiniones
1051 2750 1160 2798 eorum,
1179 2735 1278 2804 quibus
1296 2734 1464 2801 permissum

204 2824 247 2870 cst
261 2817 326 2883 jura
343 2816 467 2868 condere
487 2815 611 2880 Quorum
629 2814 752 2868 omnium
766 2817 790 2867 si
801 2833 829 2866 ιιι
846 2822 1084 2874 enumeratorum
1100 2817 1311 2882 conmmeatid
1328 2820 1404 2888 quod
1423 2818 1463 2874 its

164 2901 171 2908 '
204 2902 326 2954 sentiunt
336 2901 441 2966 legis
416 2917 503 2954 vrcem
514 2901 632 2958 obtinet:
651 2900 675 2950 ri
694 2917 756 2950 vero
774 2900 1031 2972 dissentiunt,jadici
1042 2905 1110 2966 licet,
1123 2921 1201 2972 qaam
1214 2905 1288 2966 velit,
1306 2906 1462 2957 senteutiam

205 2987 293 3056 requi:
310 2987 388 3054 idque
406 2987 535 3054 rescripto
550 2986 604 3038 dibi
619 2984 757 3036 Hadriani
778 2985 968 3052 u'pnsseaturJ'
986 2991 1027 3043 cf.
1046 2989 1080 3041 de
1098 2989 1217 3056 savigny
1234 2989 1263 3042 in
1281 2991 1307 3042 d.
1329 2988 1462 3044 zeitschr.

204 3073 223 3124 f.
239 3073 328 3138 gesch.
347 3073 380 3125 R.
399 3072 447 3124 W.
466 3073 497 3124 T.
516 3070 569 3123 IV:
583 3086 610 3135 p.
627 3073 687 3122 485.
706 3067 792 3122 Miild.

210 3187 214 3194 ·
274 3157 314 3223 c),
325 3157 477 3222 Praecipua
494 3153 610 3221 Augusti
623 3169 689 3205 cura
706 3153 765 3217 tuit,
784 3155 869 3222 leptim
881 3157 970 3208 munia
988 3157 1015 3208 in
1033 3175 1060 3210 se
1073 3159 1196 3211 trabere:
1214 3159 1298 3212 Tacit.
1310 3161 1382 3211 Anu.
1397 3160 1422 3212 1.
1436 3163 1463 3212 2.

205 3242 298 3304 Quum
316 3257 381 3308 ergo
392 3241 471 3294 novis
489 3232 600 3292 omnino
617 3237 723 3303 legibus
741 3253 811 3304 opus
829 3248 909 3306 essct,
921 3258 993 3295 novo
1005 3243 1057 3295 boe
1068 3249 1141 3296 statu
1152 3242 1219 3310 reip.
1236 3247 1328 3310 plures
1347 3245 1461 3313 quidem

204 3327 283 3384 initio
300 3327 455 3393 rogationes
468 3325 535 3378 tulit
558 3325 594 3376 ad
611 3325 759 3389 populum,
778 3330 885 3377 servato
902 3326 987 3380 reteri
1004 3327 1071 3393 reip.
1088 3341 1179 3393 more,
1197 3335 1225 3382 et
1240 3330 1304 3384 inde
1320 3334 1401 3382 natae
1418 3334 1462 3384 tut

205 3411 275 3479 lepre
291 3410 396 3476 Juttaa,
414 3425 530 3476 quarum
552 3411 698 3476 pleraeque
709 3411 839 3475 ,Augusto
862 3411 1006 3478 debentia,
1023 3413 1143 3481 itemque
1160 3415 1240 3468 Aeliu
1258 3415 1357 3478 unu,
1376 3415 1462 3468 Furia

208 3497 331 3562 Caninio,
351 3498 442 3564 Papia
456 3495 602 3562 Poppaea,
620 3493 696 3545 Juua
713 3502 738 3544 et
755 3493 833 3559 urta,
852 3500 878 3546 et
895 3497 982 3550 aliae:
1000 3498 1049 3549 sed
1067 3514 1122 3552 non
1140 3499 1275 3566 integrum
1292 3506 1384 3557 tamen
1402 3507 1463 3554 erat

205 3582 340 3646 Auguste,
357 3593 451 3630 omnes
469 3579 595 3646 antiquas
613 3581 684 3644 leges
703 3578 797 3630 cadem
809 3579 936 3633 facilitate
953 3587 1080 3646 evertere,
1093 3598 1149 3651 qua
1165 3583 1234 3648 illas,
1252 3585 1302 3636 sub
1320 3585 1462 3638 triumvir·

205 3671 252 3718 atu
278 3667 360 3728 latas,
383 3681 438 3716 uno
457 3663 556 3726 edicto,
579 3663 747 3716 aboleverat:
773 3666 835 3716 Tac.
854 3667 925 3716 Aua.
943 3665 1001 3736 ΙΙΙ.
1020 3671 1062 3719 28.
1097 3667 1190 3729 Quum
1214 3685 1279 3736 ergo
1303 3669 1380 3735 refigi
1405 3685 1462 3722 non

89 3781 92 3788 »
204 3753 317 3818 possent
334 3749 406 3814 leges
424 3747 565 3817 antiquae,
583 3765 685 3818 eaeque
703 3754 793 3800 umen
810 3763 866 3800 non
883 3750 1026 3802 convenire
1047 3751 1293 3817 viderenturnovo
1309 3754 1357 3810 isti
1375 3755 1463 3810 statui

204 3833 384 3901 reipublicae:
402 3832 470 3893 illud
488 3840 751 3902 unumvsupererat,
769 3839 801 3884 ut
826 3850 875 3900 per
892 3832 1140 3900 interpretationem
1165 3854 1213 3890 eae
1236 3840 1272 3891 ad
1289 3845 1464 3910 praesentem

205 3919 272 3986 reip.
289 3920 404 3972 formam
422 3917 522 3972 sensim
540 3918 752 3972 deflecterentur.
770 3918 833 3969 Jam
849 3919 1051 3984 magistratibus
1069 3923 1121 3974 hoc
1138 3906 1293 3988 permittere
1308 3940 1365 3977 non
1384 3925 1463 3978 vide-

205 4005 285 4058 batur
302 4009 405 4057 tutum:
425 4002 478 4056 sibi
496 4002 547 4056 soli
565 4004 594 4057 id
612 4004 748 4058 vindicare
765 4007 792 4053 et
809 4001 933 4069 incivile,
954 4010 980 4057 et
998 4005 1100 4060 invidia
1117 4010 1228 4074 plenum
1246 4015 1312 4074 erat,
1330 4013 1357 4060 et
1374 4013 1463 4062 mole·

205 4087 364 4145 amrinum.
380 4088 491 4157 Reliqui
502 4105 568 4156 ergo
580 4094 656 4142 erant
664 4086 845 4155 jureconsulti
862 4094 937 4144 tanto
949 4093 985 4144 ad
996 4093 1049 4146 boc
1058 4091 1199 4165 negotium
1215 4093 1343 4160 aptiores,
1357 4101 1464 4162 quanto

205 4173 292 4240 magis
306 4173 365 4239 jem
381 4172 411 4224 in
428 4178 520 4226 vetere
535 4174 673 4238 republica
686 4177 807 4240 potestas
820 4172 954 4240 quaedam
974 4174 1169 4242 interpretandi
1179 4194 1262 4244 penes
1277 4178 1345 4232 istos
1363 4179 1464 4232 suerat.

205 4258 444 4321 Quemadmodum
460 4261 590 4312 veroboc
601 4257 752 4310 maxirnum
769 4265 827 4310 erat
834 4259 951 4326 Augtrsti
967 4276 1095 4314 areanum
1103 4261 1253 4327 politicum,
1263 4263 1347 4331 quod,
1362 4265 1464 4330 priscis

205 4342 345 4411 vocabulis
358 4342 476 4408 retentis,
494 4359 538 4396 rcs
555 4357 641 4396 novas
659 4340 810 4407 inveheret,
829 4344 920 4396 eodem
938 4346 1137 4412 mcyistratuum
1154 4364 1300 4416 rerumque
1317 4347 1464 4418 νοοῴιιίις

206 4425 272 4489 nibil
289 4443 399 4496 mquam
412 4429 499 4496 prisci
515 4436 592 4495 atque
610 4429 707 4494 inrepit
724 4428 804 4480 maris
822 4427 1001 4496 relinqueret:
1020 4433 1083 4482 Tae.
1102 4431 1202 4487 tanat.
1221 4433 1245 4484 1.
1255 4436 1282 4484 3.
1294 4437 1365 4486 eta.
1383 4433 1423 4487 ita
1435 4419 1464 4486 ct

203 4511 405 4579 jureconsultis,
419 4513 509 4580 specie
527 4511 631 4580 antiqui
649 4511 742 4577 motis,
755 4512 940 4568 instrumentis
959 4531 1045 4569 uovae
1062 4515 1342 4576 dominationis-usus
1360 4521 1411 4582 est,
1422 4517 1463 4570 ita
