3062 5164
205 383 278 450 256
546 448 549 452 ,
580 378 763 444 mearunt
787 376 862 444 Lm.
888 374 914 442 Ι.
941 373 1027 443 Cur.
1052 375 1079 442 l.

206 575 283 618 sane
301 553 359 615 lex
375 551 450 616 XII
465 549 649 614 tabularum
673 571 739 613 non
759 550 944 632 promiscue
967 571 1006 614 ac
1029 550 1100 613 sine
1121 569 1234 612 caussa
1258 547 1460 612 concessisse

205 660 396 745 repudium,
421 657 583 742 siquidem
612 667 742 721 veteres
772 664 922 720 auctores
955 678 1055 741 saepe
1087 655 1249 740 ejusmodi
1275 677 1459 718 caussarum

206 769 424 831 meminerunt
437 770 486 846 8)ε
501 765 649 829 Naevius
664 764 901 848 apudFestum
917 767 977 828 sub
993 785 1076 828 voce
1091 771 1244 826 sonticum
1254 784 1288 844 p.
1304 761 1378 824 441.

289 874 448 936 Senticam
462 865 531 935 esse
545 881 664 954 oportet
678 893 833 946 caussam,
848 873 1046 953 quamobrem
1057 873 1176 952 perdas
1190 873 1363 932 mulierem.

204 983 249 1045 Et
267 981 372 1064 Varro
394 979 482 1063 apud
497 979 583 1042 Non.
599 981 642 1041 II.
656 978 708 1041 73.
731 977 847 1040 Botere
865 987 912 1040 cst
927 983 983 1040 ire.
1011 978 1112 1039 Varro
1129 973 1315 1060 τοῦπατρὸς
1336 973 1370 1039 τὸ
1386 1003 1460 1040 παι-

206 1088 289 1154 dior.-
309 1090 343 1149 A
356 1109 405 1160 ss,
423 1107 522 1150 annos
544 1091 657 1148 maltos
680 1087 763 1168 quod
778 1106 898 1166 parere
923 1107 986 1147 aon
1004 1094 1127 1166 posset,
1149 1105 1218 1146 eona
1241 1084 1347 1146 batere
1364 1083 1459 1160 sorae

198 1197 307 1278 jussit.
337 1193 372 1256 Si
391 1195 461 1256 sine
479 1196 571 1277 justa
596 1202 629 1255 et
649 1192 775 1255 sontica
801 1211 913 1253 caussa
930 1191 1051 1254 factum
1075 1214 1094 1254 a
1117 1191 1235 1254 marito
1256 1198 1330 1252 erat
1349 1188 1460 1251 divor-

205 1303 297 1382 tium,
313 1299 474 1364 Romulus
490 1308 576 1363 teste
591 1297 771 1362 Plutarcho
787 1307 950 1380 sanxerat,
967 1303 1023 1380 τῆς
1040 1297 1147 1373 οὐσίας
1164 1297 1259 1363 αὐτοῦ
1281 1297 1316 1361 τὸ
1334 1297 1388 1379 μὲν
1407 1300 1460 1378 τῆς
1503 1283 1506 1290 ’

204 1407 346 1488 auverad&
365 1407 452 1482 εἶναι,
470 1406 505 1471 τὸ
525 1407 559 1472 δὲ
580 1411 633 1490 τῆς
650 1404 812 1491 Δημητρὸς
833 1405 924 1487 ἱερόν,
946 1413 983 1484 ut
997 1407 1065 1486 ejus
1083 1407 1162 1466 bono
1176 1410 1298 1486 partim
1317 1405 1464 1466 cederent

206 1519 304 1587 acori,
313 1518 432 1596 partim
450 1514 560 1574 Cereri
571 1534 664 1576 soora
679 1523 798 1576 essent:
813 1517 865 1576 vit.
880 1514 1003 1574 Romul.
1019 1534 1045 1574 e.
1059 1511 1111 1574 22.

785 1666 814 1749 §.
835 1665 886 1728 45.

475 1781 660 1834 'Divertiomsm
679 1783 752 1850 oripo
772 1789 797 1833 et
805 1782 965 1852 frequentia
982 1782 1101 1851 sequiora
1120 1799 1192 1834 aevo.

288 1880 337 1943 At
353 1881 500 1964 quamvis
520 1882 663 1945 divortia
680 1882 757 1945 viris
772 1884 1004 1966 permitterent
1022 1881 1132 1966 leges:
1149 1902 1216 1944 non
1233 1888 1344 1943 tamen
1360 1879 1458 1942 ullum

206 1987 335 2051 Romae
352 1989 481 2051 exstitit
497 1989 684 2072 exemplum
705 1999 782 2052 ante
806 2011 924 2053 annum
941 1990 982 2052 ab
999 1990 1040 2052 U.
1058 1989 1094 2052 C.
1114 1989 1246 2052 circiter
1261 1987 1461 2071 quingente-

207 2097 336 2177 simum,
362 2117 428 2178 quo
450 2095 571 2180 primus
598 2117 736 2160 uxorem
759 2098 804 2160 ob
835 2095 1044 2161 sterilitatem
1071 2095 1194 2159 dimisit
1218 2097 1274 2180 Sp.
1298 2094 1460 2159 Carvilius

206 2202 321 2285 Ruga:
340 2202 479 2286 Dionys.
502 2203 612 2265 Halic.
626 2207 703 2266 Ant.
719 2206 807 2267 Rom.
824 2207 865 2266 II.
879 2205 930 2266 25.
946 2203 1114 2267 Plutarch.
1129 2205 1251 2266 Romul.
1268 2225 1293 2266 c.
1308 2203 1361 2266 22.
1377 2204 1459 2265 etin

205 2311 316 2372 Numa
335 2333 360 2374 c.
376 2310 426 2372 17.
448 2308 562 2374 Valer.
583 2311 674 2374 Max.
694 2312 736 2375 II.
752 2313 781 2374 1.
796 2313 826 2373 4.
848 2311 1063 2392 (ἕθΙῙ.,Νοοίὶ.
1085 2315 1154 2374 Att.
1170 2311 1228 2372 IV.
1249 2311 1279 2373 3.
1302 2321 1333 2373 ct
1354 2312 1461 2372 XVII.

205 2417 256 2480 21.
271 2419 315 2498 ¹³).
336 2417 384 2481 At
404 2427 521 2500 postea
544 2419 809 2502 frequentissima
830 2419 959 2482 Romae
983 2419 1076 2481 fuere
1099 2418 1252 2498 divortia,
1270 2426 1304 2480 et
1326 2417 1460 2503 quidem

206 2547 273 2588 non
290 2525 394 2588 solum
411 2527 455 2587 ob
478 2545 605 2588 caussas
629 2525 768 2610 alicujus
789 2525 965 2607 momenti,
988 2527 1093 2590 veluti
1113 2526 1339 2589 sterilitatem:
1358 2526 1395 2587 L.
1410 2525 1460 2588 60.

206 2632 245 2694 I..
261 2631 312 2693 62.
332 2632 374 2692 D.
396 2632 435 2692 de
449 2631 567 2693 Donat.
588 2635 643 2694 int.
665 2638 722 2694 vir.
745 2643 775 2695 et
796 2655 850 2695 aa.
872 2633 963 2696 Suet.
976 2635 1055 2696 Ner.
1071 2655 1096 2696 c.
1111 2629 1162 2696 35.
1183 2631 1365 2697 simultates
1387 2654 1459 2694 cum

206 2854 233 2905 p.
250 2841 293 2890 38.
311 2853 337 2887 n.
357 2841 380 2888 1.
398 2835 454 2902 (cf.
473 2842 500 2888 et
517 2837 601 2903 Hugo
614 2837 651 2890 R.
667 2831 700 2891 G.
710 2840 764 2892 XI.
781 2856 808 2906 p.
829 2844 886 2893 149.
904 2845 961 2892 not.
973 2841 1024 2907 2.).
1042 2841 1100 2892 Nec
1118 2839 1205 2906 magis
1219 2837 1247 2890 id
1263 2837 1354 2904 colligi
1369 2843 1460 2904 potest

206 2939 222 2974 e
239 2923 270 2974 1..
289 2925 331 2974 43.
349 2922 385 2972 D.
404 2921 441 2972 ad
455 2923 520 2989 Lep.
538 2922 596 2974 Jal.
616 2923 647 2974 de
666 2924 760 2988 adult,
784 2923 848 2976 licet
869 2926 914 2977 hio
937 2927 1014 2977 locus
1040 2941 1055 2976 e
1079 2925 1145 2991 Gaji
1168 2929 1314 2976 comment.
1337 2924 1374 2975 ad
1392 2924 1460 2975 Xll.

207 3007 294 3059 Tabb.
312 3007 388 3059 1..1..
407 3005 548 3060 desumtus
575 3005 619 3084 sit.
643 3009 773 3062 Wiichter
792 3008 809 3062 l.
828 3007 845 3058 l.
869 3025 896 3074 p.
914 3013 956 3061 68.
974 3014 1032 3062 not.
1050 3007 1081 3076 *)
1101 3015 1129 3060 et
1145 3009 1267 3062 Dirksen
1286 3009 1303 3060 l.
1322 3008 1339 3060 l.
1357 3025 1385 3076 p.
1399 3013 1460 3062 296.

206 3106 247 3158 sq.
266 3089 353 3142 Mitti.

140 3207 144 3223 .
209 3205 212 3211 -
275 3178 306 3243 a)
328 3177 391 3228 Non
409 3178 515 3229 solebat
532 3177 683 3246 antiquitus
701 3175 783 3228 uxori
801 3178 860 3230 dari
877 3178 1030 3244 repudium,
1048 3176 1102 3231 nisi
1119 3194 1217 3230 caussa
1231 3178 1381 3245 cognitain
1394 3195 1460 3232 eon-

206 3260 269 3314 cilio
287 3268 480 3328 cognatorum:
499 3262 560 3314 Val.
579 3260 696 3316 Maxim.
714 3261 755 3312 II.
776 3267 798 3313 1.
816 3266 841 3314 4.
861 3267 888 3313 et
905 3265 930 3314 8.
949 3261 1023 3324 Quin
1037 3263 1232 3330 jusjurandum
1258 3261 1391 3330 praestari
1417 3279 1460 3315 so-

206 3346 285 3408 lebat,
300 3345 460 3410 jubentibus
473 3345 647 3409 censoribus,
661 3344 808 3398 divortium
826 3363 861 3397 ex
875 3344 953 3412 jus'ta
970 3363 1067 3400 caussa
1078 3363 1139 3400 esse
1153 3349 1266 3401 sactum:
1284 3350 1354 3400 Gell.
1374 3350 1461 3402 Noctt.

206 3431 262 3482 Aa.
283 3430 315 3482 X
320 3430 381 3481 VIL
399 3436 440 3483 21.
460 3431 589 3483 Sciebant
606 3435 745 3496 praeterea
768 3430 837 3482 istae
854 3447 967 3484 caussae
984 3432 1130 3500 ipsumque
1146 3435 1248 3484 lactum
1266 3431 1416 3485 divortium
1433 3433 1460 3485 iu

207 3519 267 3566 acta
284 3514 512 3568 referri:·Seueca
531 3517 562 3566 de
580 3515 679 3582 Berses.
697 3516 755 3567 III.
779 3521 819 3568 16.
850 3517 919 3574 Quia
937 3534 999 3568 vcro
1017 3517 1092 3570 nulla
1109 3517 1165 3569 siae
1184 3518 1294 3586 diuortio
1311 3525 1373 3568 octa
1390 3527 1460 3580 mat,

207 3599 277 3666 quod
293 3615 370 3666 saepe
389 3597 537 3662 audiebant,
547 3599 646 3664 facere
669 3601 825 3655 didicerunt.
851 3601 930 3652 Adde
947 3602 1023 3668 Lips.
1049 3603 1085 3654 ad
1110 3602 1193 3664 Tacit.
1211 3603 1283 3654 Ana.
1309 3601 1336 3654 V.
1350 3619 1382 3669 p.
1399 3606 1460 3654 231.

206 3684 286 3736 Heia.
305 3683 449 3735 Caeterum
466 3682 564 3736 Naevii
581 3685 658 3736 locus
675 3684 711 3735 ad
729 3683 846 3738 divortia
864 3701 919 3739 noa
937 3686 1060 3752 pertinet.
1081 3685 1164 3740 Cana.
1183 3689 1277 3756 Deleo
1293 3701 1369 3749 vero,
1385 3686 1460 3753 quod

206 3767 235 3822 iu
254 3770 272 3821 f.
290 3767 347 3834 huj.
365 3768 387 3833 ξ.
411 3785 447 3820 ex
470 3769 617 3821 Plutarcho
643 3769 721 3820 affert
737 3771 853 3833 Auctor,
871 3770 905 3823 of.
924 3770 1055 3822 Wbcbter
1073 3770 1091 3824 t.
1111 3771 1129 3824 t.
1146 3787 1173 3838 p.
1192 3775 1233 3824 20.
1257 3786 1299 3840 sq·
1323 3776 1351 3826 et
1368 3771 1460 3824 Hasse

207 3851 224 3903 l.
243 3851 260 3903 l.
278 3867 306 3916 p.
323 3855 383 3904 482.
401 3867 461 3919 sqq.
481 3850 568 3905 Msiltl.
1077 3873 1081 3882 ·

276 3937 308 4002 b)
330 3937 402 3988 luter
421 3952 450 3988 se
468 3935 603 3989 dissident
618 3944 740 3992 veterum
758 3939 913 3992 testimonia
931 3941 965 3992 de
982 3945 1112 4006 tempore,
1128 3956 1183 4008 quo
1200 3941 1301 3994 sactum
1315 3939 1399 3994 fuerit
1413 3941 1459 4005 Sp.

207 4020 319 4073 Carvilii
332 4022 427 4087 Rugae
445 4020 600 4074 divortium.
618 4023 747 4090 Plerique
765 4023 833 4075 illud
851 4024 970 4076 referunt
987 4025 1023 4078 ad
1041 4040 1128 4078 uanos
1145 4027 1180 4078 ab
1192 4025 1226 4078 U.
1238 4024 1269 4078 C.
1283 4029 1337 4078 520
1347 4029 1459 4088 -ota

207 4107 370 4158 Plutarchus
388 4107 423 4158 ad
441 4121 465 4158 a.
484 4110 543 4160 2³0.
562 4107 817 4176 Quomodocunqne
835 4115 925 4162 autem
943 4124 986 4160 res
1005 4125 1035 4162 se
1052 4109 1158 4172 habeat,
1179 4110 1208 4162 id
1226 4115 1317 4162 mmen
1336 4108 1386 4160 vix
1402 4126 1459 4161 ore-

206 4191 270 4242 dere
287 4189 386 4252 licebit,
403 4189 522 4255 primurn
539 4192 661 4244 onmium
679 4193 827 4245 Carvilium
845 4194 949 4244 Romae
969 4192 1118 4247 divertisse.
1136 4195 1233 4248 Potius
1252 4195 1400 4248 dicendum
1417 4194 1459 4261 (in

206 4290 262 4343 quo
280 4279 307 4326 et
324 4289 419 4326 omnes
437 4275 589 4328 consentire
604 4276 737 4342 videntur,
750 4277 798 4344 qui
809 4276 911 4330 nostris
923 4277 1092 4344 temporibus
1106 4279 1157 4330 bae
1174 4279 1209 4334 de
1220 4295 1250 4332 rc
1264 4277 1457 4346 scripserunt),

206 4358 334 4412 incidisse
352 4359 485 4426 quaedam
512 4359 540 4412 in
558 4362 642 4414 hocce
665 4357 826 4427 divortium,
851 4363 924 4415 unde
941 4363 1065 4414 effectum
1083 4363 1127 4427 sit,
1145 4370 1176 4416 ut
1193 4369 1333 4431 tamquam
1354 4379 1399 4414 res
1416 4365 1458 4414 vel

165 4511 172 4519 Ι
206 4444 324 4496 maxime
342 4442 456 4508 insignis
474 4443 621 4496 memoriae
638 4446 807 4511 proderetur,
825 4445 882 4500 sive
899 4462 932 4498 ea
949 4447 984 4498 ad
1002 4461 1113 4501 causam
1129 4439 1280 4512 spectarent
1298 4447 1457 4508 divertendi.

205 4527 263 4580 sive
281 4527 315 4578 ad
334 4526 467 4579 rationem
484 4543 515 4578 ac
533 4529 661 4592 modum,
680 4545 735 4596 quo
758 4531 901 4584 eonsilium
925 4531 1037 4597 perfecit
1055 4531 1204 4597 Carvilius,
1223 4532 1280 4586 sive
1297 4532 1332 4583 ad
1351 4532 1456 4584 dotium
