3056 5168
715 376 1064 446 tamur-avt

647 670 726 722 acu·
742 667 907 736 ισιίωοήι
923 680 949 721 er
966 673 1113 738 aquaria.

340 768 456 834 civilis
469 789 604 854 quoque
619 778 692 834 erat
712 772 747 834 in
768 791 837 834 rem
853 770 941 835 actio
959 787 1204 852 consessum,
1226 793 1308 854 quae
1320 773 1361 834 ita
1378 774 1455 836 inten-

254 879 411 942 debatur:
437 893 499 940 aro
516 893 772 942 usunnnucrun
797 895 902 942 stum
928 895 1006 959 rur,
1028 895 1087 954 our
1109 895 1174 942 ssr
1200 895 1239 942 nr
1253 895 1336 940 luno
1359 895 1454 958 suno,

255 1001 335 1048 assu
356 1001 455 1048 usuri
468 981 522 1066 ¹·');
543 984 617 1048 vel:
637 1002 711 1066 uo,
731 1002 791 1050 rus
813 1003 860 1048 ax
881 1003 997 1050 nunno
1016 1003 1089 1049 ruo
1108 1003 1230 1062 auum
1250 1003 1383 1050 nucum
1402 1003 1454 1050 cua

255 1110 368 1168 nsum
390 1092 460 1155 vel:
478 1109 541 1154 nro
564 1108 625 1155 rus
645 1111 724 1156 nnn
748 1109 845 1173 essu,
866 1109 942 1174 rus,
970 1111 1082 1156 lusus
1101 1111 1140 1156 nr
1164 1110 1277 1156 sunno
1299 1111 1373 1156 ruo:
1389 1095 1453 1156 Bau.

254 1200 438 1262 Brissonius
453 1201 493 1261 de
503 1202 603 1279 sorm.
623 1201 658 1261 V.
671 1223 705 1282 p.
722 1199 794 1262 476.
815 1199 905 1265 Illud
921 1221 1002 1264 vero
1017 1201 1072 1264 hie
1087 1199 1264 1283 singulare,
1279 1200 1359 1284 quod
1371 1203 1397 1263 iu
1409 1203 1454 1264 rin

254 1308 403 1372 dicandis
417 1307 516 1370 rebus
537 1307 800 1391 incorporalibus
821 1329 888 1372 non
909 1308 1014 1372 solum
1030 1308 1237 1372 adfirmative
1256 1308 1364 1370 liceret
1380 1309 1455 1370 inten-
1487 1335 1488 1396 l

255 1418 353 1498 dere,
376 1414 436 1478 sed
457 1425 492 1478 et
513 1416 690 1499 negative,
711 1415 833 1478 veluti:
854 1433 927 1495 aso,
950 1434 1021 1478 ‘rnrr
1040 1432 1100 1479 sus
1121 1433 1192 1478 uon
1218 1433 1311 1497 us,
1330 1431 1454 1478 eluimur
1487 1397 1488 1414 Χ

254 1541 314 1586 rra
331 1539 528 1588 raossurun
556 1540 592 1585 nr
616 1540 732 1604 naun,
750 1539 798 1586 uu
819 1541 954 1605 nrnro,
975 1541 1120 1588 manne
1148 1522 1235 1586 Vel:
1257 1541 1329 1604 aro,
1349 1541 1403 1585 nn
1418 1537 1455 1583 ns

255 1647 326 1694 nou
345 1646 445 1711 essu,
466 1645 591 1694 mnus
614 1648 778 1694 romnus.
800 1632 846 1693 Et
866 1632 944 1694 hinc
965 1631 1049 1696 haec
1070 1631 1158 1694 actio
1182 1631 1272 1694 dicta
1295 1645 1454 1695 nsolrom:

255 1740 354 1802 Barn.
368 1737 554 1800 Brissonius
570 1739 609 1799 de
620 1741 720 1816 sonu.
738 1741 760 1799 l.
773 1759 800 1800 o.
823 1738 891 1800 Cur
904 1739 970 1802 hoc
984 1759 1052 1801 non
1068 1759 1175 1821 aeque
1196 1739 1327 1801 licuerit
1343 1738 1371 1798 in
1382 1735 1455 1798 vindi

255 1845 368 1908 caudis
385 1847 483 1908 rebus
504 1846 749 1929 corporalibus,
770 1847 871 1909 facile
896 1847 1013 1931 liquet.
1034 1847 1106 1909 Has
1125 1845 1296 1909 vindicare
1315 1852 1452 1925 necropol-

255 1962 337 2034 erat,
352 1954 416 2016 nisi
436 1954 474 2029 is,
489 1953 547 2036 qui
567 1975 635 2016 non
650 1953 859 2037 possidebata
880 1953 1108 2038 incorporales
1123 1975 1204 2016 vero
1222 1955 1317 2017 etiam
1335 1969 1453 2036 possesso

254 2081 306 2122 res
324 2060 494 2123 vindicare
516 2069 672 2144 poterant
694 2069 808 2125 contra
824 2063 959 2128 alterius
978 2061 1246 2146 usurpationem:
1260 2063 1331 2126 Car.
1346 2057 1454 2143 Sigonius

174 2201 182 2222 ι
255 2171 292 2230 da
305 2169 407 2230 Judic.
423 2171 448 2230 I.
467 2167 519 2231 21.
530 2189 564 2252 p.
583 2169 656 2232 475.
677 2172 723 2232 Et
742 2171 797 2232 hic
819 2180 871 2235 est
891 2171 951 2234 illc
974 2171 1090 2234 unicus
1110 2191 1222 2252 casus,
1242 2191 1322 2256 quo,
1342 2168 1387 2252 qui
1406 2185 1455 2248 poe

254 2276 359 2356 sidet,
381 2275 416 2338 in
437 2297 508 2340 rem
533 2278 619 2360 agit,
641 2277 684 2340 de
710 2298 777 2362 quo
799 2279 986 2363 Imperator
1005 2285 1120 2342 noster
1142 2288 1178 2341 et
1199 2277 1390 2362 Theophilus
1404 2269 1454 2353 §l

256 2386 332 2447 inst.
346 2385 386 2445 de
401 2385 523 2446 Actrhn.
537 2390 581 2466 ⁰).
1015 2379 1018 2384 ¹

831 2504 861 2585 s·
881 2503 934 2566 a.
1103 2575 1112 2590 .

744 2618 823 2670 Actio
842 2619 1010 2674 Publiciana.

335 2715 580 2779 Praetoriarum
596 2718 631 2779 in
652 2736 721 2779 rem
737 2720 903 2784 actionum
924 2722 1029 2805 prima
1044 2738 1249 2786 euenturum
1267 2730 1324 2802 est,
1344 2742 1360 2782 a
1378 2711 1455 2780 Publi-

253 2817 499 2904 cio‚Praetore‚
512 2824 649 2907 primum
659 2825 694 2887 in
704 2827 815 2891 edicto
831 2829 1017 2913 proposita:
1033 2831 1099 2910 §.5.
1109 2831 1185 2891 Inst.
1196 2832 1227 2890 h.
1236 2840 1258 2892 t.
1270 2829 1309 2908 Q.
1318 2823 1453 2891 Publicium

253 2931 427 3018 quemdam
450 2940 601 3016 ternpore
618 2933 788 2998 Ciceronis
803 2936 998 2999 Praeturam
1017 2937 1168 3020 gessisse,
1184 2925 1286 3002 docet
1298 2935 1395 3019 Steph.
1407 2929 1455 2990 lin·

252 3038 392 3123 Pighius
407 3041 524 3100 Annal.
544 3041 625 3103 Tum.
640 3042 699 3104 III.
717 3065 750 3125 p.
768 3043 840 3106 291.
863 3043 930 3106 Sed
953 3067 994 3108 an
1017 3045 1044 3106 is
1064 3045 1153 3108 idem
1173 3047 1216 3109 sit
1239 3053 1348 3110 auctor
1361 3033 1455 3106 actionis

252 3146 485 3229 Publicianae,
509 3148 593 3211 adeo
609 3172 669 3233 pro
686 3160 777 3214 certo
800 3152 963 3215 adfirmari
986 3175 1051 3215 non
1068 3164 1190 3238 potest,
1208 3162 1244 3219 ut
1264 3147 1413 3238 probabile
1424 3143 1455 3218 sil,

253 3255 343 3318 illam
356 3255 576 3319 Ciceroniana
592 3267 703 3322 aetate
719 3260 919 3323 anteriorem
935 3282 1005 3324 esse
1020 3265 1066 3342 Ρ).
1083 3261 1183 3327 Unde
1196 3261 1300 3326 multo
1313 3260 1399 3333 minus
1409 3269 1454 3314 cre·

253 3459 274 3508 l.
287 3474 314 3521 p.
327 3461 450 3509 22-26.
474 3456 538 3508 Vid.
556 3463 583 3509 et
593 3459 699 3526 frupm.
718 3478 751 3510 ex
768 3459 970 3514 institutionibus
993 3461 1101 3530 Ulpiani
1118 3463 1262 3529 (Zeitrehr.
1272 3461 1300 3528 f
1310 3456 1385 3528 perch
1395 3443 1455 3538 illl:

254 3543 287 3594 T.
296 3542 349 3594 IX.
369 3557 396 3606 p.
410 3542 510 3608 6.):-
527 3550 614 3605 „sunt
630 3545 774 3597 interdieta
797 3565 873 3616 quem
886 3546 1008 3614 sundmn
1030 3551 1058 3598 et
1086 3563 1165 3614 mmm
1183 3547 1356 3598 hereditarii.
1380 3537 1456 3590 lami

252 3625 367 3678 fundum
386 3628 429 3677 vel
453 3626 628 3680 hereditatem
651 3629 686 3681 ab
713 3630 806 3699 aliquo
826 3639 925 3698 param,
949 3649 999 3687 uec
1025 3632 1059 3684 lis
1085 3632 1256 3696 defendatur,
1279 3620 1457 3696 cogitarunt

253 3712 397 3764 transferre
414 3713 643 3777 possessionem.''
654 3716 814 3768 -Rudortl
829 3717 875 3769 tl.
894 3735 919 3784 p.
938 3723 981 3770 37.
995 3733 1056 3786 sqq.
1075 3716 1162 3770 Mill.

321 3799 353 3863 n)
381 3797 437 3848 Vat.
455 3797 563 3866 Fraym.
580 3799 602 3864 §-
620 3801 661 3850 92.
686 3800 737 3862 „A
755 3819 806 3869 qno
828 3799 995 3869 ususfructus
1014 3811 1130 3870 petetur,
1156 3802 1180 3852 ri
1195 3818 1252 3852 rem
1270 3799 1333 3851 nolit
1349 3790 1457 3862 defendar·

234 3883 331 3936 'Sicut
349 3897 465 3946 corpora
481 3882 637 3952 vindicanti,
656 3883 694 3936 ita
711 3890 738 3936 et
752 3886 808 3954 jus,
826 3888 953 3940 satisdari
971 3889 1067 3948 debet;
1085 3891 1113 3938 et
1126 3887 1189 3939 idco
1207 3883 1354 3937 necessario
1369 3871 1457 3935 erenl¹⁰

253 3967 388 4020 interdicti
399 3984 474 4035 quem
484 3967 605 4033 suarium
622 3969 731 4035 proprie
748 3970 828 4022 etiam
838 3971 1012 4025 interdictum
1026 3989 1102 4042 quem
1113 3968 1333 4039 usumfructum?
1340 3995 1369 4008 -·
1378 3952 1460 4017 11111101Ε

254 4052 271 4105 l.
288 4053 305 4105 l.
326 4070 350 4118 p.
364 4057 406 4105 35.
421 4068 462 4121 sq.
482 4053 568 4106 Mill.

322 4139 355 4203 ο)
376 4138 418 4190 De
435 4155 502 4190 casu
519 4139 567 4192 illo
584 4138 665 4193 unico
682 4142 829 4194 novissime
847 4140 1028 4207 scripserunt:
1042 4145 1076 4195 A.
1087 4144 1119 4194 F.
1129 4139 1261 4206 Schilliug
1271 4127 1459 4216 birhsrirlltl

253 4241 279 4276 u.
294 4224 329 4276 R.
347 4228 381 4278 G.
405 4226 458 4278 Bd.
471 4225 507 4276 11.
524 4225 546 4292 ξ.
560 4229 616 4278 104.
641 4233 696 4279 not.
717 4234 739 4280 l.
757 4227 785 4278 in
803 4227 821 4278 l.
839 4232 867 4278 ct
884 4228 957 4280 Guii.
980 4229 1103 4280 Francke
1122 4225 1260 4280 Probabit.
1277 4225 1307 4275 de
1323 4238 1370 4274 aaa
1384 4221 1458 4268 aaut*

253 4309 273 4372 §-
285 4313 309 4360 2.
327 4310 352 4362 1.
370 4311 402 4362 dc
422 4308 542 4363 actionih.
560 4321 767 4365 commemorato.
785 4313 847 4364 Jeu.
865 4316 939 4364 1839.
949 4317 974 4364 8.
990 4313 1077 4366 Miiil.

322 4393 354 4457 p)
375 4393 504 4447 Meminit
515 4397 597 4462 hujus
617 4397 754 4449 Praetoris
773 4397 868 4449 Cicero
881 4397 1071 4465 profluentia
1088 4417 1111 4452 c.
1125 4401 1167 4450 45
1193 4396 1271 4449 Unde
1288 4399 1314 4446 et
1330 4378 1458 4444 nexuerit!

254 4475 285 4523 ric
304 4476 345 4528 vit.
360 4477 383 4526 J
384 4479 455 4532 θέον.
464 4480 504 4532 II.
524 4485 563 4534 16.
577 4499 607 4550 p.
619 4487 679 4536 201.
692 4481 801 4548 colligit,
814 4481 969 4535 Publicium
980 4483 1061 4547 hunc,
1079 4481 1128 4551 qui
1142 4481 1210 4534 alias
1222 4485 1248 4534 et
1262 4475 1361 4532 Gellius
1371 4469 1458 4522 roratur,

253 4564 389 4615 auctorem
414 4565 496 4632 hujus
519 4567 634 4622 actionis
660 4582 728 4620 csse.
758 4568 811 4621 Sed
834 4567 1016 4636 antiquiorem
1042 4585 1103 4624 esse
1120 4571 1191 4622 hunc
1213 4566 1348 4627 actionus
1368 4557 1403 4610 ἴθι
1417 4545 1458 4602 1⁰⁶⁸
