3062 5156
309 339 316 356 ·
400 396 455 465 lls
479 396 575 466 duna
599 397 741 481 Qunam.
764 397 819 468 Er
846 398 960 470 Grvm.
1238 409 1312 477 245

66 571 189 636 Romuli
204 572 396 656 gaudebant
411 579 533 656 patres,
549 580 586 635 ut
606 572 670 636 soli
689 573 859 658 Senatum,
874 576 1070 660 sacerdotia,
1089 579 1315 663 magistratus,-

64 680 177 764 judicia
192 701 231 743 ac
246 689 349 744 totam
366 680 512 765 denique
525 678 761 763 rempublicam
780 690 942 746 tenerent.
965 684 1032 747 Sed
1048 686 1162 768 paullo
1176 695 1250 770 post
1267 707 1309 750 ea

68 787 164 849 omnia
179 786 351 870 paullatim
367 809 439 850 cum
452 785 552 871 plebe
570 787 809 852 communicata
825 799 910 871 sunt,
923 790 984 854 nisi
1002 791 1092 876 quod
1106 793 1308 877 interreges,

67 895 220 957 Flamines
236 894 368 976 Diales,
384 894 549 958 Martialis
566 902 600 957 et
622 893 820 975 Quirinalis,
838 896 915 960 Rex
936 897 1154 981 Sacrificnlus,
1173 907 1208 963 et
1225 899 1308 963 Salii

69 1003 102 1064 ad
113 1010 259 1064 extrema
273 1023 375 1085 usque
388 1001 593 1086 reipublicae
604 1009 754 1086 tempora
773 1023 816 1063 ex
833 1003 978 1086 patriciis
992 1006 1073 1070 lecti
1086 1015 1176 1070 sunt:
1192 1029 1309 1092 quem-

68 1108 228 1172 admodum
249 1117 283 1171 et
298 1109 431 1172 comitia
444 1109 579 1189 tributa,
596 1109 771 1172 tribunicia
789 1117 937 1193 potestas
952 1117 983 1192 ο)
1003 1121 1037 1176 et
1051 1113 1218 1177 Aedilitas
1234 1114 1309 1198 ple-

70 1217 131 1300 beja
149 1224 312 1300 perpetuo
333 1215 367 1279 in
392 1215 599 1300 possessione
620 1215 728 1300 plebis
754 1227 1013 1299 permanserunt.
1033 1217 1199 1303 Reliqua,
1221 1243 1307 1304 quae

68 1323 117 1385 hac
135 1324 174 1386 de
188 1344 226 1386 re
243 1323 311 1386 dici
324 1331 470 1407 possent,
487 1346 506 1386 a
526 1323 648 1386 carolo
664 1323 804 1411 Sigonio
820 1323 988 1409 explicata
1004 1332 1079 1389 sunt
1095 1328 1135 1389 dc
1152 1335 1218 1390 ont.
1229 1330 1308 1412 jere

67 1435 112 1493 cio.
125 1431 211 1492 Rom.
225 1431 264 1493 L.
280 1432 306 1494 l.
322 1451 347 1496 c.
361 1431 391 1493 7.

26 1701 28 1708 ¹
140 1687 189 1740 Jmo
208 1684 396 1739 connubiorum
414 1688 484 1739 inter
502 1688 571 1739 solor
587 1689 669 1749 cloec,
687 1705 736 1741 mec
759 1707 847 1742 omncs
866 1697 953 1741 tomen
967 1690 1131 1758 promiscue,
1140 1689 1209 1757 suit.

136 1787 215 1852 Pars
234 1786 322 1851 haud
340 1795 506 1871 postrema
519 1787 606 1872 juris
629 1786 807 1864 Quiritium
826 1788 887 1851 fuit
905 1805 964 1854 JUs
980 1806 1243 1870 communionum,
1263 1787 1305 1854 de

71 1915 123 1976 quo
140 1917 236 1978 quum
257 1894 356 1958 titulo
375 1894 417 1957 de
438 1894 562 1978 nuptiis
580 1895 712 1958 uberius
730 1904 836 1960 actum
858 1895 915 1974 sit,
925 1895 995 1980 jam
1015 1918 1121 1979 pauca
1144 1895 1305 1980 quaedam

71 2001 208 2065 addemus
225 2003 269 2084 s).
298 1999 442 2065 Romani
469 2023 510 2064 ea
536 2001 570 2064 in
593 2023 629 2064 re
650 2001 692 2064 ab
720 2003 877 2066 institutis
898 2002 1130 2088 plerarumque
1155 2005 1304 2088 gentium

71 2107 281 2186 discesserunt,
301 2108 392 2194 quod
413 2130 455 2172 ne
474 2109 513 2171 iis
531 2109 682 2194 quidem,
702 2109 759 2194 qui
778 2109 924 2194 ejusdem
941 2110 1083 2174 civitatis
1103 2120 1208 2182 erant,
1226 2133 1307 2174 con-

70 2217 146 2279 nubii
158 2217 212 2300 jus
235 2217 420 2300 promiscue
440 2216 567 2279 darent.
583 2217 820 2299 Praeterquam
840 2216 938 2297 enim,
958 2216 1049 2300 quod
1067 2218 1145 2302 lege
1161 2218 1237 2281 ΧΠ
1254 2226 1306 2281 ts·

70 2324 200 2387 bularum
222 2325 328 2388 vetita
347 2332 456 2387 essent
472 2323 558 2386 inter
576 2322 732 2408 patricios
750 2332 786 2386 et
800 2321 952 2406 plebejos
970 2323 1152 2387 connubia:
1166 2324 1306 2407 Dionys.

71 2430 163 2493 Halic.
180 2431 220 2492 X.
238 2431 289 2494 60.
307 2431 380 2495 Liv.
395 2433 451 2493 IV.
469 2430 499 2491 4.
515 2429 631 2511 etiam,
656 2429 785 2493 sublata
808 2428 868 2492 illa
885 2429 975 2514 lege,
995 2449 1096 2514 saepe
1112 2430 1200 2494 inter
1217 2429 1324 2514 ipsos·

72 2539 229 2603 vicinarum
245 2537 431 2621 regionum,
444 2545 500 2604 aut
515 2559 642 2620 eorum,
660 2537 716 2622 qui
732 2539 791 2600 sub
804 2535 922 2600 eodem
935 2537 1044 2624 gentis
1056 2538 1190 2601 nomine
1204 2536 1306 2623 vulgo

74 2647 319 2729 continebantur,
338 2645 536 2734 populorum
556 2643 643 2708 cives
662 2643 831 2730 prohibita
854 2652 929 2708 sunt
951 2645 1126 2710 connubia.
1148 2643 1203 2708 Sic
1218 2644 1306 2710 inter

75 2751 188 2818 Latinos
215 2753 381 2817 connubia
403 2753 666 2836 commerciaque
690 2749 780 2814 nulla
808 2772 879 2814 esse
911 2755 1124 2837 patiebantur
1144 2753 1304 2818 Romania

72 2857 129 2921 Lis.
149 2861 232 2924 VIII.
250 2862 301 2923 14.
325 2861 418 2925 Idem
443 2860 485 2923 de
505 2859 609 2923 tribus
629 2858 848 2921 Hernicorum
867 2860 998 2944 populis
1014 2871 1108 2944 patet
1123 2882 1167 2923 ex
1186 2860 1303 2924 eodem

73 2965 151 3030 Livio
166 2970 221 3030 IX.
238 2969 289 3032 43.
312 2968 455 3032 Devicta
471 2965 681 3048 Macedonia,
699 2975 732 3030 et
751 2966 786 3029 in
807 2975 949 3052 quatuor
963 2968 1118 3051 regiones
1134 2968 1250 3051 divisa,
1269 2967 1305 3034 id

73 3075 152 3138 etiam
171 3075 346 3140 edixerant
366 3075 480 3139 decem
496 3073 619 3158 legati,
635 3093 735 3154 meque
752 3075 953 3146 connubium,
973 3093 1073 3154 meque
1092 3079 1305 3137 commercium

71 3201 201 3262 agrorum
220 3183 495 3266 oedayi'crbrumque
512 3187 594 3242 c'nter
608 3201 642 3241 se
657 3181 783 3262 placere
797 3185 943 3264 cuiqnam
962 3188 1055 3240 entra
1069 3179 1158 3260 socco
1168 3184 1305 3262 regionis

70 3307 134 3350 moe
148 3312 230 3352 esse:
247 3291 321 3354 Liv.
334 3289 435 3351 XLV.
446 3288 496 3351 29.
518 3285 618 3364 Quod
633 3285 755 3350 callido
777 3285 917 3350 consilio
940 3286 1137 3350 invenerant
1150 3284 1305 3367 Romani,

70 3416 104 3456 ne
122 3398 234 3461 mutuis
255 3396 479 3460 adfinitatibus
501 3403 535 3458 et
555 3395 758 3458 commerciis
777 3396 887 3480 juncti
905 3397 993 3458 inter
1013 3416 1063 3476 se,
1083 3415 1122 3456 ac
1142 3391 1304 3477 colligati,

70 3522 102 3564 eo
123 3507 277 3588 promtius
303 3503 457 3567 adversus
485 3502 721 3586 rempublicam
751 3501 1027 3565 consociarentur.
1058 3502 1131 3565 Imo
1158 3523 1201 3566 ne
1231 3523 1304 3564 cum

69 3613 201 3676 omnibus
221 3612 355 3697 quidem
373 3610 498 3673 civibus
512 3609 670 3675 Romanis
690 3609 848 3673 connubii
861 3611 916 3694 jus
938 3618 1010 3678 erat
1028 3611 1164 3674 civibus.
1186 3607 1305 3672 Liber-

69 3717 153 3800 tinas,
174 3720 322 3804 quamvis
340 3721 444 3800 cives,
461 3718 537 3783 duci
557 3718 636 3782 olim
653 3717 742 3780 haud
764 3707 910 3800 potuisse
929 3721 970 3782 ab
992 3719 1145 3802 ingenuis
1167 3715 1304 3800 civibus,

69 3834 146 3906 patet
162 3826 317 3910 exemplo
329 3825 490 3910 Hispalae
504 3827 705 3907 Fecenniae,
718 3825 770 3889 cui
785 3825 868 3888 haec
884 3833 1030 3909 potestas
1043 3826 1131 3890 scto
1147 3825 1224 3888 data
1241 3833 1305 3888 estc

70 3929 128 3994 liv.
145 3935 301 3996 XXXIX.
319 3934 370 3998 19.
397 3935 452 3997 Sic
471 3917 505 3997 et
522 3933 693 4018 Campani,
709 3932 766 4017 qui
781 3933 909 4017 pridem
925 3933 1068 3998 civitatis
1080 3933 1158 4016 jura
1174 3932 1307 3995 fuerant

124 4141 151 4204 e)
165 4141 254 4194 Semel
268 4146 359 4194 tamen
373 4141 443 4194 duos
459 4139 587 4206 patricios
598 4138 668 4192 inter
681 4138 818 4191 Tribunos
829 4138 923 4203 Iuleae,
936 4141 1017 4192 refert
1029 4136 1086 4189 biv.
1099 4137 1156 4188 III.
1168 4141 1212 4190 65.
1224 4137 1305 4189 Heia.

125 4225 149 4289 l)
167 4226 259 4278 Multa
276 4228 415 4291 praeclara
433 4227 467 4278 de
484 4225 575 4278 indole
593 4223 722 4276 connubii
736 4223 826 4291 deque
844 4226 902 4289 lege
920 4222 1065 4288 Canuleja,
1084 4235 1140 4288 qua
1158 4217 1225 4270 illud
1242 4235 1306 4271 cum

72 4304 135 4366 plebe
150 4310 386 4371 communicatum,
405 4308 555 4376 disputarit
572 4311 667 4360 Eman.
685 4307 759 4360 Duni
781 4309 810 4362 in
828 4324 928 4374 opere:
957 4308 1065 4376 Ortpc'oc
1082 4305 1249 4372 eproqrccm'
1264 4304 1309 4356 dcl

72 4389 178 4446 mendino
195 4413 210 4446 c
227 4395 271 4448 del
285 4413 400 4464 poocrmo
418 4396 492 4448 ciuile
510 4395 538 4447 di
555 4395 650 4452 Roma,
669 4393 728 4446 Lib.
748 4395 770 4446 1.
790 4413 813 4447 c.
831 4399 856 4446 3.
874 4398 902 4444 et
918 4397 944 4445 6.
962 4395 994 4444 Τ.
1012 4393 1034 4442 Ι.
1053 4405 1080 4456 p.
1097 4394 1133 4442 45
1146 4415 1180 4424 -
1193 4392 1237 4441 62.
1257 4404 1307 4440 uec

73 4485 116 4525 non
131 4493 156 4542 p.
173 4483 248 4532 96-
261 4485 318 4534 167.
336 4479 426 4533 Haud.
443 4481 486 4534 ct
503 4486 530 4532 et
548 4481 654 4534 Betbm.
668 4479 813 4544 Hollwcgii
831 4477 897 4530 diss.
910 4478 942 4528 dc
959 4493 1054 4530 causac
1065 4473 1221 4545 probatione
1236 4491 1264 4540 p.
1280 4479 1307 4527 7.
1414 4467 1417 4470 ’

75 4569 107 4624 ll·
121 4567 145 4614 ei
162 4564 250 4618 Haase
271 4563 432 4620 Giitcrrcclot
450 4566 476 4618 d.
493 4564 639 4632 Edcqettem
655 4563 677 4629 ξ.
697 4567 730 4616 14
743 4589 777 4598 -
793 4565 833 4614 16.
851 4559 938 4614 Mitt.
