3130 5148
218 389 275 442 xx
571 369 757 454 Errrnrsrs,
782 349 900 454 Quam
917 369 1033 438 Ormu
1058 383 1123 440 etc.

220 545 374 610 obsoleta
389 544 492 630 magis
505 553 697 622 sectaretur,
708 567 804 630 quam
820 547 869 608 rei
880 545 1053 610 Romarm
1067 567 1128 632 per
1142 545 1259 612 ultima
1271 547 1383 612 secula
1395 569 1476 612 oon-

222 654 396 736 ditiouem,
412 653 613 739 Codicisque
630 652 859 716 Tbeodosiani
880 661 914 715 et
933 653 1150 718 Novellarum
1166 655 1477 740 Antejustinianea-

182 843 187 850 Ι
220 783 291 826 rum
305 762 469 825 rationem
487 763 593 826 minus
608 760 759 840 baberet,
775 781 872 844 quam
888 763 1105 826 vetustiorum
1126 772 1420 850 monumentorum.
1435 764 1476 826 Iu

221 867 480 952 interpretandis
500 868 553 932 bis
567 868 732 953 quantivis
746 867 844 951 pretii
860 867 1011 951 reliquiis
1026 870 1133 934 rarius
1146 893 1206 934 suo
1222 871 1323 955 genio
1338 870 1477 935 indulsit

221 977 362 1053 Noster3
383 975 579 1061 plerumque
603 975 762 1056 aliorum,
784 995 867 1059 quos
888 975 989 1038 duces
1010 977 1179 1061 elegerat,
1204 979 1399 1042 sententiam
1423 999 1477 1040 se-

184 1135 186 1140 .
222 1094 351 1170 quutus.
372 1082 543 1148 Interdum
559 1083 664 1146 minus
677 1081 808 1147 idoneis
823 1080 1025 1164 singulorum
1041 1085 1305 1148 testimoniorum
1319 1085 1476 1148 lectioni-

222 1191 333 1256 busin
355 1190 465 1254 varios
480 1210 609 1254 errores
627 1189 786 1254 abductus
807 1196 858 1252 est
879 1189 985 1254 bonus
1000 1191 1221 1273 Heineccius,
1243 1195 1334 1277 cujus
1350 1193 1475 1276 quippe

222 1307 315 1364 aetas
336 1298 443 1363 adbuc
465 1306 593 1362 careret
611 1297 905 1381 praestantiorum,
929 1299 1047 1379 quibus
1061 1299 1163 1364 bodie
1181 1301 1380 1385 gaudemus,
1402 1300 1477 1363 edi-

223 1409 351 1472 tionum
366 1406 557 1470 adfluentia.
579 1404 689 1482 Quid?
705 1404 795 1487 quod
811 1402 995 1471 identidem
1014 1427 1080 1470 non
1097 1409 1168 1491 ipse
1184 1407 1288 1472 oculis
1303 1427 1476 1490 usurpasse

221 1515 355 1582 videtur
368 1514 452 1580 baec
473 1513 720 1595 testimonia*),
736 1512 796 1576 sed
817 1511 955 1576 aliorum
970 1513 1036 1577 lide
1053 1535 1092 1577 ea
1108 1514 1270 1579 retulisse.
1291 1516 1476 1578 Praeterea

221 1623 409 1688 meminisse
425 1629 577 1705 oportet,
597 1629 632 1684 et
647 1641 744 1703 quam
766 1621 884 1703 ingens
905 1630 983 1703 post
1000 1622 1164 1684 Herireccr‘r'
1175 1630 1326 1706 tempora
1345 1622 1477 1686 littera-

221 1753 310 1813 rum,
327 1750 413 1814 quae
429 1728 471 1791 ab
494 1727 698 1791 humanitate
720 1748 839 1790 nomen
861 1726 1001 1802 ducunt,
1021 1749 1120 1812 quum
1143 1732 1384 1810 universarum,
1406 1739 1476 1793 tum

223 1859 345 1919 earum,
361 1856 446 1922 quae
466 1836 500 1897 in
517 1834 684 1898 veteribus
706 1836 919 1919 scriptoribus
936 1836 1157 1918 probabiliter
1177 1837 1356 1902 tractandis
1372 1846 1474 1920 atque

220 1943 478 2030 interpretandis
494 1951 674 2024 versantur,
698 1943 877 2026 contigerit
898 1943 1107 2025 emendatio,
1124 1952 1159 2008 et
1181 1967 1278 2029 quarn
1301 1943 1477 2008 laetus-su-

221 2053 414 2141 pervenerit
435 2050 575 2114 fontium
595 2037 966 2134 praestantissimorum,
982 2053 1039 2134 qui
1062 2052 1202 2135 majores
1224 2060 1353 2116 nostros
1375 2051 1474 2134 plane

221 2165 399 2242 latuerant,
422 2167 647 2243 proventus,e
664 2179 730 2242 quo
746 2160 816 2244 jam
833 2179 915 2221 unus
933 2160 1035 2240 (injus
1056 2166 1108 2222 tot
1129 2161 1225 2224 nobis
1240 2159 1376 2223 reclusit
1389 2159 1476 2222 anti-

223 2269 280 2356 qui
295 2268 379 2353 juris
397 2268 586 2347 thesauros,
608 2275 689 2351 quot
711 2266 768 2330 vix
792 2277 920 2349 cetera,
943 2287 1029 2350 quae
1052 2267 1215 2350 superiori
1235 2287 1368 2352 quoque
1389 2287 1475 2330 aevo

220 2384 410 2464 patuerunt,
425 2382 637 2438 monumenta
652 2396 772 2458 capere
789 2374 953 2438 videntur.
1407 2375 1410 2380 '

305 2485 344 2548 In
365 2484 464 2546 rebus
485 2482 564 2567 ipsis
588 2481 813 2544 describendis
834 2491 934 2564 atque
958 2479 1164 2564 explicandis
1186 2501 1260 2546 usus
1281 2492 1331 2546 est
1351 2483 1476 2546 Noster

222 2590 340 2676 passim
357 2589 495 2672 integris
517 2588 659 2652 virorum
677 2588 861 2664 doctorum,
874 2606 1014 2671 quorum
1030 2608 1065 2650 se
1087 2591 1277 2654 auctoritati
1294 2591 1475 2674 mancipas·

115 2765 118 2770 ,
222 2705 289 2780 set,
305 2695 432 2776 verbis,
449 2695 581 2781 Sigonii
601 2695 760 2778 maxime,
775 2694 968 2780 Spauhemii
989 2704 1090 2779 atque
1106 2695 1321 2782 Scbultingii;
1340 2707 1475 2782 praeter

222 2826 304 2892 quos
318 2803 426 2868 bausit
443 2812 479 2866 ut
492 2802 666 2886 plurimum
682 2825 701 2866 e
717 2802 817 2866 lautis
834 2801 979 2883 Budaei,
997 2802 1141 2884 Alciati,
1156 2804 1195 2866 Ρ.
1214 2804 1368 2887 Manutii,
1383 2806 1474 2869 Pan-

219 2911 314 2993 vinii,
328 2909 500 2992 Balduini,
517 2909 710 2995 Augustini,
725 2912 764 2974 F·.
777 2908 971 2991 Hotomani,
995 2910 1208 2992 Charondae,
1229 2912 1367 2996 cujacii,
1384 2913 1475 2976 Gon-

220 3020 277 3100 tii,
303 3017 483 3099 Brissonii,
507 3018 628 3103 Lipsii,
650 3019 690 3082 P.
707 3017 862 3099 Pithoei,
884 3017 923 3079 P.
944 3017 1063 3100 Fabri,
1086 3018 1271 3100 Raevardi,
1292 3019 1474 3102 Panciroli,

218 3124 449 3207 Rittersbusii,
472 3125 662 3207 Siccamae,
677 3124 788 3207 Breti,
810 3123 971 3206 Heraldi,
989 3125 1156 3203 Salmasii,
1170 3125 1327 3208 Merillii,
1351 3127 1473 3210 Grotii,

217 3235 249 3300 J.
266 3229 483 3316 Gothofredi,
499 3233 668 3318 Menagii,
687 3231 849 3314 Galvani,
867 3233 1061 3316 Brummeri,
1076 3234 1299 3308 Huberorum,
1320 3235 1473 3318 Noodtii,

218 3342 408 3423 Perizonii,
424 3340 705 3424 Bynkersboekii,
719 3339 899 3422 Reinoldi,
914 3341 1092 3421 Averanii,
1109 3340 1317 3426 Gundlingii‚
1332 3341 1472 3406 aliorum

219 3449 354 3534 opibus:
375 3450 410 3512 in
426 3470 498 3532 quo
521 3441 658 3512 numero
677 3469 778 3532 aegre
806 3448 1001 3534 requirimus
1022 3448 1192 3530 Merulae,
1215 3450 1257 3512 N.
1273 3448 1415 3511 Antonii
1438 3458 1474 3512 et

218 3555 362 3620 Ferrutii
385 3555 535 3634 nomina,
557 3556 704 3639 quamvis
723 3555 832 3618 omnia
853 3556 1030 3620 Heineccii
1050 3565 1161 3620 aetate
1183 3556 1363 3641 superiora.
1386 3555 1473 3619 Sub·

219 3664 303 3730 stitit
326 3672 436 3727 tamen
451 3661 608 3727 Auctoris
625 3662 802 3750 diligentia
824 3663 895 3728 fere
918 3665 951 3729 in
974 3665 1013 3728 iis
1033 3664 1181 3748 scriptis,
1204 3685 1290 3749 quae
1306 3685 1408 3749 usque
1428 3665 1471 3728 ad

219 3941 351 3998 &telonii
366 3946 394 3993 et
411 3941 556 3995 Hommelii
571 3958 700 3996 censuras
721 3943 800 4010 justo
821 3942 973 4012 iniquiores
995 3957 1056 3996 csse
1073 3957 1155 3995 nemu
1172 3958 1228 3994 uon
1253 3940 1397 4003 concedet,
1423 3939 1471 4010 qui

217 4025 383 4092 meminerit,
409 4025 525 4091 primam
549 4026 681 4081 librorum
709 4029 769 4096 ejus
792 4025 917 4094 generis,
941 4043 977 4078 ex
1000 4043 1056 4096 quo
1080 4031 1123 4078 est
1145 4026 1345 4079 Heinccoianus
1369 4032 1472 4089 noster,

217 4111 345 4166 virtutem
363 4109 466 4179 requiri
484 4111 706 4179 perspicuitatem
723 4119 750 4166 et
767 4110 990 4177 concinnitatem,
1022 4111 1051 4165 in
1070 4109 1171 4179 quibus
1188 4095 1306 4164 necdum
1324 4109 1471 4178 quisquam

217 4197 388 4267 Heiqeccium
403 4195 550 4262 superavit

287 4279 318 4348 *)
339 4280 393 4334 sic.
416 4297 441 4332 v.
464 4298 487 4334 c.
514 4281 659 4334 Plutarchi
682 4269 834 4347 Praecepta
860 4278 1021 4349 respublicae
1040 4280 1174 4349 persudat
1199 4279 1381 4348 imornnibus
1406 4278 1469 4330 edd.

217 4366 267 4418 lv.
284 4370 310 4429 6,
331 4370 356 4418 7.
374 4365 546 4430 adseruntur,
565 4372 595 4418 ut
612 4365 676 4417 inde
686 4365 831 4429 probetur,
849 4364 969 4419 minores
983 4363 1158 4430 magistratus
1171 4380 1237 4418 usos
1249 4380 1311 4416 esse
1325 4362 1471 4416 subselliis.

218 4452 250 4504 In
263 4467 319 4519 quo
330 4455 389 4504 toto
401 4451 536 4516 opusculo
548 4466 634 4519 quum
645 4448 712 4501 nibil
725 4447 895 4516 inveniatur,
913 4448 988 4518 quod
1005 4450 1058 4502 huc
1070 4447 1192 4502 revocari
1204 4449 1306 4516 possit,
1324 4464 1375 4512 ego
1389 4449 1467 4515 (pay.

217 4537 291 4603 662.)
312 4535 440 4590 substitui
456 4551 552 4588 vcrum
570 4539 678 4599 testem,
697 4533 840 4588 Ascanium
859 4535 1010 4588 Perticarum
1027 4535 1063 4586 ael
1082 4533 1135 4587 Cic.
1156 4533 1243 4586 Divis.
1263 4552 1285 4586 c.
1306 4537 1345 4588 15.
