3062 5156
233 371 306 438 158
692 361 768 432 Lm
793 362 820 432 L
845 359 926 430 Trr.
950 362 1029 430 ΧΠ.

231 540 447 620 flaminicae,
462 539 499 604 id
514 549 576 622 est,
591 559 713 604 mores
727 537 914 603 Flaminum
929 537 1090 621 Dialium,
1105 537 1214 622 patria
1228 543 1399 622 potestate
1418 535 1490 598 exi-

187 713 191 718 .
232 650 324 732 bant,
336 648 425 733 quod
435 644 527 713 soto
541 648 674 712 demum
689 655 889 710 coarctatum
907 655 1059 731 tempore
1078 647 1228 712 Tiberii:
1242 644 1353 710 Tac'it.
1367 645 1489 707 Annat

235 758 294 819 IV.
308 756 361 820 lu
378 755 476 837 (Vid.
490 775 576 842 quae
592 756 635 819 ad
647 756 677 837 9.
689 755 724 818 a.
737 753 807 818 Tit.
821 754 884 818 VI.
900 753 1139 820 adnotavimus.
1156 756 1275 835 urat)

806 921 835 1002 s.
857 918 908 981 15.

422 1037 591 1090 Justinianas
611 1045 700 1090 tamen
713 1037 807 1105 patrio
821 1044 953 1105 potestate
971 1035 1044 1086 exire
1062 1035 1144 1087 soluit
1163 1036 1304 1088 Patris-ios.

315 1137 364 1203 At
378 1137 583 1202 Justinianus
602 1144 719 1220 postea
735 1144 770 1200 et
783 1138 981 1199 Potriciotus
1001 1136 1198 1219 dignitatem
1220 1137 1400 1200 immunem
1421 1157 1489 1198 esse

226 1247 326 1333 jussit
349 1239 499 1330 a'patrio
522 1245 681 1328 imperio:
700 1244 739 1307 12.
755 1250 818 1327 fin.
843 1245 875 1305 0.
893 1245 932 1304 de
953 1243 1077 1304 Consul.
1097 1244 1126 1324 §.
1147 1245 1178 1308 4.
1198 1248 1279 1307 Inst.
1296 1246 1326 1305 a.
1345 1255 1368 1306 t.
1399 1243 1490 1306 Ante

232 1353 454 1420 Justinianum
472 1353 559 1415 enim
573 1353 788 1416 Patriciatum
808 1374 828 1414 a
846 1351 954 1435 patria
970 1359 1137 1434 potestate
1158 1372 1227 1414 non
1247 1350 1423 1434 liberasse,
1441 1350 1491 1413 id-

234 1482 299 1547 que
323 1459 442 1523 tiustra
457 1483 502 1524 ex
524 1459 715 1524 Cassiodori
738 1460 814 1520 Vor.
830 1458 861 1519 V
861 1460 884 1518 I.
897 1457 929 1521 2.
949 1458 1083 1543 colligi,
1103 1469 1219 1523 contra
1233 1459 1334 1522 Vinn.
1356 1459 1403 1519 ad
1417 1459 1449 1539 §.
1463 1458 1490 1518 4.

232 1575 314 1634 Istat.
336 1571 366 1630 Ιι.
380 1577 402 1632 t.
421 1577 457 1632 et
470 1567 616 1631 Bacbor.
631 1573 666 1630 in
681 1571 771 1650 Disp.
791 1568 836 1628 sd
852 1566 969 1628 trenta
991 1566 1057 1628 Vol.
1078 1568 1122 1629 ΙΙ.
1136 1570 1226 1650 Disp.
1240 1567 1271 1630 2.
1289 1569 1330 1628 tt.
1350 1569 1409 1628 ult.
1435 1566 1491 1628 ad·

235 1685 349 1742 curate
366 1675 470 1739 evicit
486 1675 529 1740 V.
552 1675 590 1739 C.
610 1675 769 1738 Reinold.
798 1675 873 1737 Var.
895 1695 921 1735 a.
941 1672 993 1736 19.
1022 1673 1113 1738 Cave
1135 1696 1216 1738 vero
1244 1674 1299 1736 bic
1320 1672 1490 1756 intelligas

234 1785 389 1869 antiquos
403 1783 481 1846 illos
494 1782 670 1868 patricios,
694 1805 777 1867 quos
797 1783 832 1846 in
846 1782 955 1846 libera
971 1783 1143 1866 republica
1160 1784 1303 1868 plebejis
1319 1782 1490 1866 oppositos

123 1905 131 1930 ¹
236 1900 375 1956 constat.
402 1890 638 1956 Constantinus
661 1891 749 1954 enim
770 1890 913 1974 Magnus
933 1890 1130 1976 praecipuos
1152 1911 1260 1955 rerum
1279 1890 1488 1953 administros

234 2019 356 2064 vocare
376 1998 509 2063 solebat
530 1997 714 2080 Patricios‚
742 2006 781 2072 ut
806 2019 842 2061 se
864 2000 957 2084 quasi
981 1998 1173 2083 Principum
1192 2009 1304 2086 patres
1327 2018 1405 2060 esse
1425 2017 1489 2060 me·

235 2107 414 2174 minissent„
435 2107 467 2170 Ii
489 2106 578 2190 ipsos
596 2106 792 2170 Praefectos
815 2107 992 2171 Praetorio
1015 2106 1132 2170 ordine
1154 2108 1342 2171 anteibant:
1368 2105 1489 2169 Zosim.

113 2221 121 2232 '
234 2217 320 2280 Hist.
334 2217 380 2278 ΙΙ.
398 2216 450 2277 40.
468 2235 531 2278 nec
558 2215 683 2298 minor,
706 2235 803 2299 quam
826 2213 960 2297 bonam,
982 2214 1018 2277 in
1040 2215 1182 2300 imperio
1203 2225 1276 2280 erat
1301 2213 1490 2278 auctoritas

236 2323 522 2404 Quemadmodum
546 2324 634 2387 enim
655 2322 826 2386 Praefecti
850 2323 1083 2406 proponebant
1104 2324 1230 2405 edicta,
1254 2343 1341 2408 quae
1368 2321 1490 2386 deinde

235 2434 269 2497 in
291 2454 390 2498 unum
407 2453 525 2515 corpus
541 2429 685 2495 collecta
700 2435 763 2496 τῶν
780 2433 948 2516 ἐπαρχικῶν
969 2429 1104 2494 nomine
1119 2432 1315 2495 veniebant:
1332 2431 1381 2493 ita
1402 2430 1489 2493 idem

230 2542 286 2627 jus
308 2548 379 2603 erat
396 2539 567 2620 Patriciis‚
592 2560 730 2623 quorum
754 2539 865 2602 edicta
889 2536 1032 2602 collecta
1054 2536 1094 2604 cd
1111 2537 1266 2624 Ῥωμαϊκά
1283 2539 1489 2616 dicebantur,

237 2648 332 2712 sicuti
356 2648 500 2734 ipsorum
526 2647 716 2732 Principum
744 2642 893 2732 βασιλικά.
922 2644 1000 2710 Vid.
1025 2646 1137 2733 Cujac.
1157 2649 1229 2710 Ods.
1251 2647 1305 2710 VI.
1318 2647 1369 2708 10.
1392 2645 1490 2709 Unde

236 2775 350 2841 parum
373 2754 529 2817 adcurate
552 2755 691 2840 Dionys.
714 2752 913 2818 Gothosred.
930 2753 964 2815 in
989 2754 1230 2818 Nmnenctotore
1252 2757 1407 2818 Graecar.
1426 2756 1489 2836 jar.

236 2866 360 2926 diction.
379 2862 662 2947 odsHarmenopnl.
676 2886 710 2946 p.
725 2863 797 2924 447.
812 2858 967 2944 Ῥωμαϊκὰ
988 2865 1047 2928 τοῦ
1063 2871 1232 2946 μαγίστρου
1251 2861 1407 2943 λεγόμενα,
1425 2881 1491 2922 con-

236 2975 413 3035 stitutiones
432 2971 571 3033 Romani
582 2972 658 3054 Imp.
679 2980 738 3033 ant
746 2974 854 3051 potins
876 2971 1124 3032 Commemarins
1138 2973 1288 3052 magistri
1301 2971 1346 3032 od
1356 2970 1494 3030 Romani

236 3083 488 3152 constitutiones,
509 3089 570 3141 out
590 3079 762 3142 certetiber
781 3098 801 3137 a
821 3083 992 3162 magistro,
1005 3079 1145 3140 Romani
1162 3082 1294 3152 nornine,
1309 3080 1491 3162 compositus

236 3191 364 3270 suisque
382 3188 480 3248 tituta
493 3188 668 3258 distinctas,
685 3193 744 3247 out
757 3189 863 3267 potius
878 3187 968 3248 alind
975 3183 1140 3266 Ῥωμαϊκά,
1157 3186 1247 3248 alind
1267 3173 1305 3250 cd
1329 3189 1388 3250 cori
1407 3189 1491 3268 μαγί-

237 3320 328 3378 arpos
345 3291 499 3378 λεγόμενα.
518 3294 586 3357 Ubi
610 3314 688 3355 sane
708 3292 784 3355 dum
799 3293 911 3377 plures
933 3294 1139 3378 conjecturas
1160 3300 1408 3377 repraesentat,
1426 3315 1447 3355 a
1459 3310 1490 3352 re

111 3453 116 3463 ,
237 3400 336 3486 plane
357 3401 489 3465 aberrat
514 3401 576 3464 Vir
598 3400 802 3465 doctissimus
817 3406 863 3485 ¹²).
886 3403 1042 3466 Ceterum
1064 3412 1098 3466 et
1120 3403 1262 3486 posteris
1284 3423 1325 3465 ea
1348 3399 1491 3486 dignitas

237 3530 361 3573 summa
391 3531 521 3594 semper
546 3517 581 3573 et
608 3507 872 3592 splendidissima
902 3512 973 3576 visa
1001 3520 1060 3576 est.
1088 3508 1167 3576 Vid.
1195 3509 1383 3574 Cassiodor.
1420 3507 1492 3569 Var.

242 3617 295 3680 Vr.
316 3616 347 3679 2.

817 3717 845 3798 s.
866 3717 917 3780 16.

758 3833 795 3884 Et
812 3833 964 3902 Episcopos.

320 3933 415 3998 Idem
438 3933 634 3999 beneficium
657 3933 779 3998 deinde
801 3933 1005 3998 Justinianus
1033 3956 1104 3997 cum
1130 3933 1325 4018 Episcopis,
1349 3932 1431 4017 quin
1460 3939 1493 3993 et

173 4117 181 4122 ¹
239 4064 310 4106 cum
335 4042 425 4118 aliis,
441 4041 498 4126 qui
513 4046 759 4128 magistratuum
775 4041 1024 4108 honoratiorum
1041 4042 1203 4126 dignitate
1219 4041 1405 4130 pollerent,
1420 4038 1494 4102 vel·

238 4151 286 4213 uti
310 4170 381 4212 cum
401 4153 595 4225 Consulibus,
615 4152 848 4224 Consularibns,
863 4151 1040 4228 Praefectis
1058 4152 1240 4224 Praetorio,
1262 4159 1294 4212 ot
1318 4150 1404 4228 Urbi,
1424 4149 1493 4210 Ma·

237 4261 347 4341 gistris
360 4259 491 4320 militum
510 4264 544 4320 et
560 4260 712 4320 Patronis
722 4261 803 4335 sisci
817 4257 1086 4324 communicavit:
1099 4257 1219 4321 Nooelt.
1235 4257 1390 4320 LXXXI.
1409 4319 1424 4334 ,

237 4397 268 4408 .-

307 4465 341 4532 u)
362 4465 402 4518 Cf.
419 4468 459 4537 Α.Ι
471 4466 523 4516 Gn.
537 4463 659 4517 Cramcri
678 4463 812 4537 dispunct
826 4466 883 4533 jur.
901 4465 951 4519 civ.
972 4466 1064 4531 (Sues.
1086 4466 1166 4534 1792)
1180 4482 1203 4516 c.
1214 4468 1239 4518 5.
1258 4455 1428 4529 „Transito
1448 4452 1495 4506 roi

238 4549 387 4616 μαγίστρου
406 4547 515 4616 quidi''
535 4546 622 4602 Mitt.
