3056 5154
491 395 547 466 Dr.
571 397 737 468 lusurus.
1170 409 1241 475 flat

64 573 115 641 rt;
144 565 211 630 vir
229 568 361 646 uxoris3
384 591 479 634 socer
493 591 593 636 nurus
608 573 743 637 nomine
762 591 863 658 agere
886 573 1076 660 injuriarum
1092 583 1237 660 potesate

64 682 123 735 rat.
142 675 181 735 la.
201 684 228 738 t.
252 675 298 738 Et
313 675 394 742 licet
408 680 510 744 servis
524 679 617 744 nulla
630 679 703 743 fieri
717 680 963 766 intelligeretur
976 681 1112 765 injuria:
1126 690 1238 748 tamen

65 781 218 864 injuria
242 791 280 847 et
294 786 396 849 servis
419 785 514 850 illate
534 785 568 850 in
584 786 709 851 domini
724 807 865 872 vergere
889 787 1121 852 contumeliam
1144 789 1239 853 virle-

73 887 259 972 adeoque
276 913 295 953 a
311 889 445 956 domino
461 893 538 977 jure
553 894 800 958 vindicabatur=
814 897 843 976 §-
853 897 884 960 3.
898 897 1029 977 spinet.
1040 895 1070 955 Ιι.
1086 904 1107 956 t.
1129 894 1238 971 Quum

64 1017 134 1057 2am
155 993 264 1060 varia
287 999 351 1062 sint
372 999 563 1086 injuriarum
588 1022 729 1085 genera:
751 1003 915 1066 actionem
938 1002 985 1066 ita
1003 1001 1130 1063 institui
1138 1001 1238 1085 jussit

64 1123 112 1182 nr,
130 1093 174 1166 ut
198 1106 332 1188 species
348 1108 463 1171 illatae
483 1105 623 1191 injuriae
638 1108 795 1174 adcurate
812 1110 1062 1194 exprimeretur.

567 1289 596 1369 §-
618 1287 649 1352 o.

273 1398 358 1454 Verba
376 1403 455 1456 edicti
471 1403 504 1455 de
521 1404 602 1458 varra
619 1377 780 1473 irp‘uriorum
797 1385 939 1473 spectabas.

64 1517 101 1575 le
125 1513 260 1598 injuria
280 1517 409 1582 verbali
435 1519 525 1583 aliud
558 1527 667 1584 exstat
688 1521 788 1585 edicti
809 1519 977 1584 Praetorii
998 1520 1234 1604 fragmentum:

64 1639 229 1686 uvuusus
248 1641 357 1690 nouos
375 1643 486 1691 monus
507 1621 691 1694 couvrcruu
709 1645 764 1690 our
787 1645 936 1709 nufflssu,
955 1643 1100 1692 cutusvu
1125 1644 1235 1692 ornan

64 1745 104 1791 Jm
137 1746 226 1794 ussss
261 1749 427 1815 urcuron,
457 1751 525 1810 QUO
561 1751 736 1800 anteusus
770 1751 879 1798 nouos
907 1749 1019 1797 monas
1046 1752 1232 1800 couvlcmat

64 1855 101 1918 r,
117 1855 156 1900 ru
175 1853 252 1900 unu
270 1854 432 1907 tuuroruu
448 1859 552 1905 nano:
568 1843 604 1904 L.
615 1838 665 1904 15.
675 1842 704 1923 §.
720 1840 750 1904 2.
762 1843 804 1902 D.
819 1842 849 1903 t.
865 1851 885 1902 t.
902 1841 956 1903 De
972 1840 1071 1904 reali:
1089 1859 1134 1906 uu
1149 1859 1232 1918 Qum

64 1961 168 2005 mum
188 1939 321 2010 caussa
342 1964 477 2012 rmrzsl
491 1965 569 2024 Qurs
584 1965 760 2012 ADVERSUS
777 1966 820 2012 aa
835 1965 988 2029 rucuma,
999 1966 1111 2012 Paour
1126 1966 1235 2024 QUAE-

64 2066 118 2114 tus
136 2068 232 2132 ERH',
246 2069 537 2118 AN1MADVERTAM=
549 2059 583 2116 L.
598 2054 648 2116 15.
663 2056 692 2136 ἓ.
707 2053 757 2116 25.
770 2055 809 2118 Ι).
824 2057 895 2116 eod:
906 2055 980 2118 Nec
994 2077 1060 2118 non
1082 2054 1124 2117 de
1137 2076 1233 2118 servo

64 2158 126 2219 iam
143 2179 260 2240 passo:
282 2178 340 2236 Qut
361 2178 493 2226 saravum
515 2178 668 2224 Amanum
690 2176 864 2224 Auvuasus
886 2177 995 2224 nouos
1019 2178 1131 2225 monas
1152 2180 1234 2226 vau-

64 2281 177 2347 vrssu,
196 2283 285 2329 aava
307 2285 360 2349 κο,
380 2285 519 2334 lutossu
537 2285 671 2349 nonum,
693 2282 934 2344 ouansmouam
953 2282 1118 2330 HABUISSE
1142 2285 1235 2330 urcu-

80 2389 118 2433 1u
134 2389 207 2436 uum
221 2389 382 2439 summum
396 2391 500 2438 nano:
515 2392 600 2438 rrum
619 2389 649 2438 sl
667 2390 750 2450 Qum
769 2389 876 2436 amon
891 2385 1027 2437 anctum
1043 2388 1123 2436 assu
1139 2390 1235 2436 nrau-

84 2495 213 2544 ouussu
234 2498 398 2566 cosman,
420 2475 587 2547 tumorum¹
600 2497 706 2545 aluo:
729 2481 764 2542 L.
785 2480 836 2541 15.
851 2482 880 2562 g.
903 2479 953 2542 34.
975 2479 1040 2541 eod.
1063 2478 1169 2541 Porro
1190 2477 1233 2542 de

64 2585 208 2650 'amiliasz
224 2603 254 2651 s1
274 2605 317 2670 m,
334 2607 392 2665 Qur
407 2606 444 2652 ru
460 2604 627 2653 strumus
645 2603 842 2652 roras‘mru
862 2605 950 2668 narr,
968 2567 1104 2649 futuam
1125 2603 1234 2649 mora

85 2711 246 2756 maurum:
270 2713 315 2758 ur
337 2713 450 2774 NEQUE
474 2714 524 2779 rs,
550 2711 652 2759 cutus
675 2713 711 2758 ΙΝ
737 2711 934 2758 Porusrnru
959 2708 1039 2773 EST,
1063 2707 1233 2786 ruausaus
1258 2731 1260 2736 ,

64 2847 74 2880 ‚
92 2816 203 2874 NEQUE
219 2819 443 2867 raocuunroa
459 2817 633 2880 Qursoouu
648 2817 825 2890 axmsmr,
844 2818 903 2876 Qut
916 2818 959 2862 uo
976 2815 1108 2862 Nouum
1126 2814 1232 2862 nour:

64 2923 114 2969 {sn
133 2924 292 2989 coourrn,
313 2926 394 2992 11²ss,
419 2926 478 2985 Qut
502 2923 665 2972 Iuturnam
683 2923 860 2980 Acourrssss
882 2922 1048 2987 mauron,
1070 2921 1233 2968 Juurclum
1261 2911 1272 2938 ’

64 3033 93 3075 r:
110 3013 438 3096 t.17.§.1o.1).e0u.
458 3015 604 3101 Reliqua
619 3014 713 3100 hujus
730 3013 830 3102 edicti
847 3013 889 3076 de
905 3012 1031 3098 injuriis
1047 3013 1232 3097 fragmenta

64 3121 223 3202 derantur,
237 3122 270 3183 in
285 3123 396 3206 primis
416 3133 514 3208 caput
535 3121 620 3186 illud
643 3121 685 3184 de
700 3121 804 3183 atroci
826 3119 963 3204 injuria,
981 3120 1104 3203 dequo
1120 3119 1232 3180 Aruo-

79 3229 222 3290 odoersos
235 3240 344 3312 gentes
359 3232 416 3294 IV.
435 3229 505 3320 [*o.
522 3229 574 3294 34.
596 3232 629 3295 T.
645 3233 714 3314 ip.
732 3229 802 3292 161.
818 3227 874 3296 ed.
895 3225 1017 3311 Ocell]
1038 3225 1090 3286 Ne
1110 3234 1245 3316 nestros

64 3357 88 3396 rs
111 3339 233 3397 convicto
243 3341 455 3417 petulantiore
472 3345 541 3422 quis
556 3341 718 3422 pulsaret,
736 3337 775 3398 de
791 3336 945 3398 atrocibus
964 3351 1139 3395 nonuunas
1162 3352 1232 3394 con-

64 3447 136 3505 tistis
156 3444 281 3524 injuriet.

564 3585 594 3668 δ.
614 3584 646 3645 7.

357 3695 359 3708 ’
384 3701 479 3752 Poena
495 3699 656 3770 injuriarum
677 3679 830 3750 Praetoria.

84 3794 190 3858 Poene
203 3817 279 3882 ergo
294 3798 422 3884 injuriis
436 3801 586 3864 omnibus
603 3823 622 3864 a
637 3799 799 3864 Praetore
816 3796 968 3860 statuitur
981 3793 1167 3858 aestimatio
1186 3794 1230 3875 ei,

82 3903 214 3988 injuriam
228 3905 335 3969 luerat
354 3929 464 3991 passus
473 3954 483 3989 ,
497 3906 672 3970 inferenda
687 3905 823 3970 arbitrio
840 3903 977 3988 judicis:
999 3902 1027 3983 §.
1042 3900 1072 3962 7.
1088 3902 1164 3962 last.
1187 3901 1231 3963 Et

64 4011 117 4074 hac
130 4011 341 4077 aestimatione
352 4015 470 4100 partim
486 4013 528 4076 ad
544 4035 705 4099 personae
719 4011 924 4098 dignitatem,
936 4006 1053 4095 partim
1070 4006 1113 4072 ad
1128 4008 1231 4090 ipsam

64 4118 141 4182 uriae
160 4128 294 4184 naturam
320 4129 420 4208 atque
446 4121 592 4184 indolem
619 4121 866 4206 respiciebatur.
895 4117 931 4182 Si
953 4115 1063 4200 plures
1083 4112 1232 4197 'injuriae

64 4224 103 4288 rul
122 4225 220 4290 illatae
240 4229 386 4313 fuerunt,
410 4230 466 4315 agi
485 4250 551 4294 non
573 4236 704 4313 poterat
727 4227 770 4290 ob
791 4223 953 4308 singulas,
975 4219 1033 4285 sed
1052 4220 1095 4281 ob
1119 4235 1234 4282 omnes

64 4333 201 4417 ajunctlm.
231 4335 322 4402 Alias
345 4337 463 4402 iterum
493 4316 605 4402 acturo
632 4332 786 4400 obstabat
812 4330 966 4419 exceptio
997 4325 1138 4409 injuriae
1168 4327 1233 4389 unt

64 4449 130 4504 :taez
152 4439 284 4528 Cujacius
305 4448 479 4510 Obseroott.
495 4445 617 4508 XXVI.
636 4442 686 4506 18.
708 4441 848 4504 Praeter
870 4438 955 4504 hano
977 4457 1055 4502 vero
1077 4433 1234 4518 pecunia-

64 4571 95 4615 tm
118 4571 235 4634 poenam
257 4553 355 4620 etiarn
381 4553 537 4620 infamiae
550 4559 639 4622 nota
666 4549 859 4616 inurebatur
880 4547 929 4629 ei,
960 4545 1015 4630 qui
1045 4533 1233 4628 injuriarum

971 4644 1012 4706 40
1022 4645 1038 4682 *
