3040 5164
656 385 801 478 nnn
825 384 906 454 un.
932 385 1026 454 viu.

791 561 821 642 5
840 561 893 624 2⁰.

628 675 712 742 1292·
728 674 847 744 «apem
863 674 1053 730 mutas

299 778 476 842 Postremo
491 784 527 840 et
548 775 613 838 hoc
627 775 826 839 monendum
842 777 985 858 videtur,
1006 775 1243 840 donationibus
1258 776 1460 840 consuevisse

217 883 325 950 varias
340 883 549 948 conditiones
565 905 603 948 ac
617 883 712 968 leges
727 884 839 968 adjici,
850 891 964 946 utnon
977 882 1077 948 modo
1089 905 1133 948 ex
1146 882 1257 948 multis
1265 881 1350 965 juris
1364 883 1459 946 nostri

216 992 411 1076 fragmentis
427 999 574 1073 constat,
590 1012 676 1076 quae
696 991 786 1054 idem
802 989 933 1074 colligit
946 991 1090 1056 Brisson.
1107 993 1148 1052 de
1160 992 1267 1060 Itum
1287 990 1381 1052 V1.e.
1397 989 1458 1050 150.

209 1121 244 1181 p.
266 1099 338 1162 557.
362 1120 474 1162 verum
498 1097 597 1162 etiam
620 1119 664 1160 ex
684 1097 798 1162 Plauti
815 1101 906 1162 Arrii.
928 1099 987 1159 IV.
1005 1097 1035 1160 l.
1054 1098 1113 1162 ubi
1132 1097 1248 1162 scitum
1270 1105 1307 1160 et
1333 1095 1456 1178 elegans

217 1213 327 1268 exstat
343 1206 520 1290 syngraphi
534 1205 621 1268 inter
638 1205 897 1286 adolescentem,
912 1205 1060 1287 amicam,
1075 1215 1109 1268 et
1120 1205 1277 1269 lenonem
1291 1204 1459 1286 conscripti

109 1397 115 1404 .
217 1313 425 1396 exemplum,
446 1313 481 1374 in
504 1333 571 1396 quo
592 1311 753 1396 plurimae
774 1312 869 1396 leges
888 1311 1008 1394 viginti
1034 1313 1193 1376 minarum
1212 1311 1389 1376 donationi
1408 1309 1458 1372 ad-

210 1420 381 1505 jiciuntur.
402 1420 475 1483 Imo
490 1429 526 1483 et
539 1419 669 1503 lapides
688 1428 830 1501 exstant,
850 1419 885 1482 in
905 1419 1022 1502 quibus
1041 1420 1150 1500 curiis,
1164 1418 1220 1482 vel
1239 1417 1380 1502 integris
1394 1439 1457 1480 cor-

215 1527 352 1612 poribus
373 1527 571 1592 donationes
586 1526 686 1608 fiunt,
700 1527 798 1590 certis
812 1525 952 1609 adjectis
969 1525 1112 1610 legibus,
1128 1527 1234 1590 veluti
1250 1542 1298 1590 υτ
1314 1541 1452 1600 Quorsu-

215 1651 272 1698 urs
295 1651 424 1700 narum
449 1650 513 1698 suo
535 1649 734 1699 sronnunan
755 1649 889 1696 vrnrnrn
915 1650 1146 1715 nrvrnaunun,
1166 1633 1223 1696 vel
1243 1649 1299 1696 un.
1312 1645 1454 1696 macrus

215 1758 334 1806 nosan.
354 1759 407 1804 nr.
429 1743 543 1804 necin
562 1756 730 1805 rsrnouo.
748 1757 822 1806 suo.
837 1757 891 1803 nn.
909 1757 1127 1817 ouaunooun.
1142 1757 1216 1806 stur.
1233 1753 1451 1804 munnuurua

217 1855 253 1910 et
267 1867 353 1932 quae
368 1854 444 1910 sunt
457 1845 552 1930 hujus
567 1848 699 1930 generis
714 1846 818 1910 aliae:
833 1847 1019 1912 Brissonius
1032 1850 1152 1914 onom.

649 2157 736 2220 LIB.
756 2157 802 2221 Π.
824 2158 916 2221 ΤΙΤ.
939 2159 1035 2222 VIII.

357 2307 556 2407 QUIBUS
582 2306 854 2394 ALIENARE
880 2307 1050 2399 Licus,
1075 2307 1180 2384 VEL
1205 2309 1329 2384 NON.

300 2467 508 2551 conjunctim
529 2468 594 2532 hoc
619 2459 724 2530 titulo‘
741 2469 880 2534 exhibet
899 2472 1095 2556 Imperator,
1116 2491 1201 2554 quae
1225 2469 1292 2532 dici
1313 2477 1451 2553 poterant

217 2575 259 2638 de
277 2575 328 2656 iis,
345 2594 431 2658 quae
445 2575 500 2637 vel
518 2596 586 2638 non
601 2573 739 2637 alienari
752 2585 908 2659 poterant
923 2601 942 2641 a
956 2578 1110 2660 dominis,
1122 2577 1177 2642 vel
1191 2585 1351 2661 poterant
1368 2599 1388 2638 a
1400 2597 1447 2638 uon
1510 2612 1511 2680 p

217 2679 366 2744 dominis.
388 2679 458 2743 Nos
474 2680 604 2764 singula
619 2700 661 2742 ex
677 2681 928 2766 antiquitatibus
943 2685 1102 2748 Romanis
1118 2683 1367 2748 illustrabimus.

799 2835 827 2916 §·
849 2835 879 2896 1.

492 2945 604 2998 Ibodur
622 2947 715 3000 dotalis
732 2949 847 3002 alienari
862 2969 916 3004 aaa
931 2959 1038 3019 poterat
1054 2970 1071 3002 e
1089 2952 1194 3002 merito.
1213 2987 1216 2992 -

298 3043 331 3107 A
352 3044 471 3136 marito
494 3046 633 3136 alienari
656 3069 722 3111 non
745 3060 879 3133 poterat
903 3051 1023 3114 fundus
1050 3050 1188 3131 dotalis,
1213 3047 1363 3133 quamvis
1387 3047 1449 3110 alias

216 3152 286 3235 ejus
305 3159 391 3214 esset
410 3151 574 3216 dominus:
586 3175 638 3235 pr.
657 3157 734 3218 Inst.
752 3158 783 3220 Ιι.
800 3168 821 3218 t.
842 3156 898 3219 Ad
913 3177 998 3240 quae
1016 3156 1138 3220 rectius
1154 3155 1378 3239 intelligenda
1394 3175 1449 3215 mo

214 3277 294 3320 nere
316 3259 476 3323 nonnulla
492 3259 609 3323 licebit
626 3261 668 3324 de
691 3263 816 3326 dotium
837 3263 966 3346 origine
990 3271 1023 3326 et
1044 3270 1180 3342 natura,
1203 3263 1348 3326 maxime
1367 3279 1444 3344 quum

214 3365 297 3426 iraec
321 3365 459 3429 materia
483 3368 517 3429 in
540 3367 806 3432 Institutionibus
839 3367 938 3453 plane
971 3371 1201 3453 praetermissa
1226 3369 1268 3432 sit
1300 3391 1322 3432 a
1343 3365 1447 3430 Tribo-

213 3470 313 3532 niano
327 3472 372 3550 ⁸).

796 3584 825 3663 ς.
846 3581 877 3643 2.

513 3693 622 3746 Dotium
640 3695 714 3762 oripo
732 3705 871 3748 eractura
890 3696 963 3764 opud
978 3697 1045 3748 alios
1059 3707 1159 3766 pentes.

295 3790 403 3853 Dotes
421 3813 486 3874 quo
504 3794 570 3856 fine
588 3793 668 3856 olim
688 3796 774 3856 iuter
790 3796 944 3859 mortales
963 3794 1257 3878 constitutaesint,
1280 3820 1299 3860 a
1322 3795 1450 3866 nemine,

212 3896 302 3982 quod
316 3897 428 3978 sciam,
446 3897 631 3964 adcuratius
649 3911 812 3988 ostensum
833 3911 893 3984 est,
913 3923 1008 3986 quam
1028 3926 1048 3966 a
1062 3904 1133 3967 Jac.
1151 3905 1345 3985 Perizonio,
1364 3903 1403 3966 V.
1412 3901 1450 3978 (i,

279 4099 310 4165 a)
330 4099 373 4152 De
387 4098 451 4165 jure
469 4097 574 4152 dotium
593 4101 720 4170 antiquo:
746 4104 798 4156 Ed.
817 4103 923 4158 Sobeuk
940 4105 988 4157 dar
1008 4105 1096 4158 Recit
1113 4107 1161 4158 der
1179 4107 1235 4160 Dos
1252 4125 1301 4159 oor
1318 4107 1450 4166 Jurtritics.

209 4182 251 4234 ein
269 4180 597 4235 historiari-civilistr'rrher
622 4186 744 4240 Verruci.
768 4188 886 4240 Lundstr.
907 4191 981 4241 1812
999 4192 1024 4240 8.
1042 4204 1095 4241 von
1115 4189 1202 4242 Irb'hr:
1234 4191 1297 4243 Wer
1314 4193 1349 4244 r'rt
1365 4192 1450 4258 Er'prr·

210 4263 314 4318 tiiimer
331 4265 380 4316 dar
399 4266 473 4317 Dos?
489 4266 518 4318 in
537 4267 644 4320 Dessen
663 4271 773 4338 Μαρια.
782 4270 840 4338 sair
858 4271 1025 4326 Recitrror'sr.
1043 4275 1074 4325 Τ.
1093 4273 1141 4327 IV.
1159 4289 1232 4328 num.
1250 4281 1276 4328 5.
1295 4292 1322 4340 p.
1338 4277 1448 4329 57-77.

210 4346 297 4400 Haub.
315 4348 378 4400 Jam
395 4349 598 4418 adjicaflasse
615 4352 775 4405 Giiterreclrt
792 4356 841 4406 der
857 4355 1011 4424 Elrepetten,
1029 4357 1097 4410 narb
1117 4359 1194 4411 Ram.
1212 4359 1248 4410 R.
1265 4360 1352 4424 (Beri.
1367 4355 1446 4418 1824.)

209 4434 241 4484 Τ.
261 4432 281 4484 Ι.
299 4433 417 4486 Absehn.
438 4435 472 4487 11.
491 4435 628 4488 Zimmern
642 4437 775 4501 R'o'm..lt.
797 4440 829 4490 G.
849 4441 899 4492 Th.
916 4441 950 4492 11.
969 4441 990 4506 ξ.
1013 4445 1164 4496 rso-161.
1182 4443 1203 4510 ξ.
1224 4447 1375 4496 loo-171.
1394 4442 1446 4504 Utp.

185 4529 189 4540 ¹
209 4516 316 4581 fiaapm.
344 4517 393 4569 Tit.
417 4519 460 4570 Vl.
479 4521 510 4570 de
529 4520 605 4573 dorth.
631 4521 685 4572 Vnt.
707 4521 812 4587 Fropm.
831 4523 851 4589 ἕ.
871 4527 1014 4576 94—122.
1035 4523 1120 4578 stitit.
