3056 5154
356 375 412 444 Da
435 374 672 462 Limentinum
696 373 1005 445 assisinorum.
1236 379 1308 450 stt

635 551 666 632 s.
686 552 717 614 6.

440 667 562 740 &estus
579 665 729 720 litterarum
747 659 920 735 obligationis.
961 727 964 732 ¹

135 769 282 833 Effectus
302 789 381 833 vero
397 769 425 832 is
439 769 572 832 videtur
586 767 696 850 fuisse,
707 777 742 832 ut
755 765 873 851 aliquis
889 775 1060 832 teneretur
1070 767 1202 852 litteris,
1215 768 1309 854 quasi
1354 771 1358 778 ’

38 899 88 942 ex
107 897 228 940 caussa
241 876 403 960 pecuniae
419 893 597 960 expensae,
614 875 747 960 quando
764 884 873 940 temen
888 876 972 940 nihil
986 893 1087 962 saepe
1107 885 1179 940 eret
1193 893 1309 940 uume-

35 995 176 1066 ratum,
197 1005 261 1048 nee
282 985 474 1070 ex‘eeptioni
490 987 589 1048 etiam
606 1000 672 1048 non
690 993 888 1048 'numeratae
912 973 1074 1068 pecuniae
1094 983 1186 1050 lucus
1207 985 1309 1048 relin-

38 1102 225 1178 quereturr
240 1092 466 1177 Sohultingius
482 1094 525 1154 ad
544 1094 624 1174 Gojr'
634 1093 712 1154 Inst.
728 1093 770 1154 II.
784 1091 815 1156 9.
830 1087 880 1154 12.
894 1111 925 1176 p.
940 1092 1011 1156 168.

640 1241 669 1322 §-
690 1239 721 1302 7.

337 1343 478 1426 Scriptura
496 1355 564 1408 eliae
575 1347 682 1408 'nullam
697 1357 823 1425 producit
840 1354 1029 1425 obligationem-

133 1459 234 1522 Haec
263 1459 306 1522 de
337 1457 565 1542 antiquissima
587 1453 771 1520 litterarum
802 1457 1020 1542 obligatione.
1049 1457 1130 1522 Alia
1150 1457 1310 1542 scriptura

41 1565 177 1630 nullam
194 1565 399 1651 producebat
410 1563 555 1628 validam
571 1563 826 1648 obligationem:
839 1564 877 1628 L.
888 1565 939 1628 ab.
956 1567 1055 1648 §.stra
1070 1567 1111 1628 1).
1126 1567 1167 1629 de
1182 1565 1310 1628 Probat.

43 1675 105 1737 sed
122 1675 381 1758 requirebantur
398 1673 519 1752 verba,
534 1669 741 1755 stipulationi
757 1672 908 1757 propria,
923 1692 1008 1756 quae
1025 1671 1102 1735 siin
1118 1673 1310 1758 scripturam
1418 1719 1425 1730 .

43 1783 190 1846 redacta
205 1783 360 1862 fuissent,
377 1773 656 1864 praesumebatur,
673 1779 890 1864 praecessisse
906 1775 1098 1844 soliemnem
1122 1779 1311 1863 stipulatio-
1387 1781 1392 1790 '

45 1909 145 1953 neme
165 1899 200 1953 et
215 1891 294 1952 tune
309 1907 375 1952 non
392 1903 434 1952 ex
449 1883 500 1950 his
519 1887 658 1972 scriptis,
675 1888 734 1951 sed
756 1902 798 1952 ex
815 1885 1048 1972 stipulatione,
1067 1879 1123 1950 vel
1138 1885 1182 1950 ob
1200 1888 1310 1951 chiro-

46 1999 213 2082 graphum
236 2018 279 2062 ex
300 1995 457 2080 stipulatu
479 1997 650 2080 agebatur,
669 1991 760 2079 cujus
780 1995 927 2086 aetionis
940 1995 1065 2059 mentio
1085 1995 1123 2059 iit
1139 1994 1178 2056 L.
1194 1995 1244 2059 17.
1257 2015 1310 2078 pr.

48 2109 92 2170 D.
107 2109 150 2168 de
161 2107 238 2168 uois
247 2107 326 2168 mols·
337 2113 368 2167 et
383 2115 454 2168 met.
469 2113 587 2186 exopt.
606 2084 836 2188 ⁸Schultingius
852 2105 897 2166 od
912 2105 991 2186 Gaeji
1002 2105 1080 2168 laet.
1090 2124 1123 2184 p.
1138 2101 1211 2166 16⁴.
1401 2189 1404 2194 Ι

639 2272 668 2353 §-
690 2269 720 2333 s.

474 2384 564 2439 -Nooo
583 2386 732 2439 litterarum
751 2377 880 2454 obligatio.

136 2481 284 2554 invaluit
301 2496 409 2552 tamen
429 2483 555 2571 postea,
571 2510 614 2551 ex
630 2510 696 2574 quo
713 2485 849 2571 antiqua
863 2479 922 2548 illa
940 2477 1122 2548 litterarum
1143 2483 1308 2571 obligatio

51 2597 280 2676 obsoleverat,
296 2617 384 2658 nova
399 2595 613 2680 obligationis
628 2592 765 2685 species,
781 2616 867 2680 quae
884 2603 918 2658 et
934 2587 1005 2678 ipsa
1020 2591 1204 2658 litterarum
1221 2589 1309 2658 obli-

52 2707 147 2790 gatio
163 2705 231 2768 dici
245 2724 341 2788 posse
365 2703 548 2768 videbatur.
577 2703 705 2767 Sensim
728 2705 814 2769 enim
841 2703 899 2768 sub
918 2702 1178 2787 Imperatoribus
1201 2703 1309 2766 fuerat

52 2822 224 2898 receptum
249 2821 364 2874 contra
382 2812 466 2895 juris
487 2813 614 2896 antiqui
639 2812 782 2896 regulas,
805 2820 841 2875 ut
863 2827 906 2874 ex
932 2791 1157 2896 chirographis
1174 2831 1308 2894 quoque

54 2923 124 3006 peti
143 2930 255 3006 posset
271 2919 398 2983 credite
417 2921 557 3003 pecunia
572 2919 620 3000 ¹¹),
637 2927 671 2982 et
687 2933 729 2981 ex
743 2938 783 2980 ea
794 2927 985 2982 nasceretur
1001 2918 1182 2999 condictio,
1194 2928 1308 3003 quam·
1423 2989 1428 3002 .

53 3031 100 3093 vis
117 3046 188 3091 non
204 3027 436 3112 praecessisset
453 3026 640 3110 stipulatioz
661 3038 713 3113 pr.
728 3027 805 3088 last.
818 3027 846 3086 Ιι.
859 3034 882 3088 t.
903 3025 971 3088 Sed
991 3033 1068 3088 tuuc
1086 3025 1219 3112 quidem
1233 3037 1308 3089 rsus

54 3138 106 3201 vel
142 3135 311 3221 querelam
341 3151 407 3197 non
436 3143 628 3197 numeratae
658 3133 820 3218 pecuniae
842 3133 1024 3214 instituere,
1053 3133 1109 3198 vel
1136 3144 1309 3218 opponere

55 3251 190 3328 poterat
206 3235 437 3328 exceptionem
451 3261 518 3306 non
533 3250 722 3306 numeratae
735 3240 908 3324 pecuniae,
924 3240 987 3303 nisi
1001 3240 1136 3304 multum
1151 3242 1318 3324 temporis

55 3453 115 3505 loeo
141 3451 282 3515 evincitur,
312 3450 507 3518 (Wunderlieh
535 3451 606 3505 Dior.
625 3452 695 3506 lond.
720 3469 747 3519 p.
767 3448 906 3520 aluit.)
933 3465 982 3502 nee
1008 3437 1173 3516 “umentis
1199 3448 1309 3502 umiae

56 3537 190 3612 adsumtis
208 3537 362 3589 oonflrmari
380 3541 478 3602 potest.
498 3537 589 3600 Quid?
607 3536 681 3607 quod
700 3536 800 3589 diserte
818 3537 905 3604 Gajus
917 3540 1039 3600 testatur,
1054 3533 1192 3588 literarum
1204 3535 1308 3602 obligo·

55 3621 159 3674 tionem
178 3627 205 3672 et
222 3621 293 3672 inter
310 3621 435 3673 absentes
453 3621 576 3674 contrahi
593 3637 689 3687 posse3
708 3619 757 3674 111.
776 3623 796 3690 t.
811 3626 868 3676 138.
889 3621 976 3676 Mart.

127 3709 160 3774 h)
182 3708 241 3758 imo
258 3713 286 3760 et
302 3723 389 3760 novae
406 3711 520 3773 potuere
536 3707 630 3762 induci
654 3707 841 3774 obligationes,
864 3707 1059 3762 interveniente
1076 3707 1265 3774 chirographo,
1278 3711 1310 3758 ut

57 3798 132 3857 patet
150 3809 186 3844 ex
203 3792 236 3844 L.
254 3795 279 3844 6.
301 3791 329 3844 0.
352 3790 449 3845 Theoti.
468 3793 500 3844 (le
527 3793 646 3844 Denune.
663 3793 706 3844 oet
724 3793 827 3847 edition.
851 3795 971 3862 rescript.
1000 3794 1048 3848 ubi
1066 3793 1196 3862 legendus
1213 3791 1309 3848 iacobi

59 3877 221 3930 Gothofredi
239 3877 456 3930 commentarius.
475 3879 554 3930 Heio.
586 3881 624 3932 nt
639 3877 738 3930 diserte
755 3877 931 3944 imperatores
951 3879 1108 3948 (Arcadius,
1125 3878 1265 3931 Honorius
1284 3882 1310 3929 et

58 3961 247 4029 Theodosius)
262 3963 296 4014 de
306 3960 407 4027 debito,
416 3963 490 4030 quod
496 3963 554 4030 jam
569 3961 622 4015 alia
634 3970 669 4015 err·
681 3951 820 4030 obligandi
836 3979 919 4016 rausa
930 3965 1074 4018 exordium
1085 3965 1192 4028 sumsit,
1207 3954 1235 4016 in
1246 3967 1311 4016 ouu-

59 4046 161 4100 tionem
173 4047 322 4113 redigendo
335 4049 492 4116 loquuntur.
505 4047 590 4114 Igitur
602 4065 636 4100 ne
651 4050 703 4101 hoo
712 4049 822 4118 quidem
834 4067 869 4102 ex
877 4052 939 4104 loeo
949 4050 1008 4103 erui
1020 4055 1119 4116 potest,
1129 4053 1215 4103 solam
1227 4047 1311 4102 debili

60 4130 86 4183 in
100 4132 284 4198 chirographo
298 4136 396 4186 lacum
407 4133 603 4200 professionem
618 4135 676 4186 ullo
690 4139 812 4200 tempore
822 4134 851 4188 in
866 4135 1005 4203 obligandi
1017 4135 1107 4190 oensis
1118 4135 1222 4190 Romae
1237 4133 1311 4199 pou·

13 4213 19 4232 ³
60 4223 112 4270 nm
121 4217 217 4270 luisse.
236 4218 306 4272 Cum
314 4219 461 4272 Heineooio
470 4217 720 4273 iaoithuderlich
735 4219 805 4274 Dias.
815 4220 887 4274 laud.
899 4237 926 4286 p.
934 4225 977 4274 63.
995 4219 1049 4273 Sed
1060 4217 1115 4272 vid.
1129 4220 1164 4272 de
1177 4217 1310 4286 savigny:

61 4321 151 4356 comm.
171 4303 242 4356 laud.
265 4306 292 4356 et
307 4303 472 4357 Wenckium
490 4306 527 4357 ad
543 4305 575 4358 L.
590 4308 615 4357 6.
638 4303 686 4355 Tit.
704 4302 732 4356 0.
751 4303 782 4354 de
801 4304 916 4358 hauno:
928 4304 969 4356 oei
985 4303 1046 4355 edit.
1059 4321 1140 4356 recor.
1159 4303 1310 4365 Caeterum,

62 4388 201 4454 quomodo
218 4389 272 4440 hoc
285 4389 332 4456 jus
351 4386 522 4444 immutatum
540 4389 577 4443 sit
593 4403 611 4442 a
627 4387 800 4441 Justiuianot
816 4381 884 4445 nihil
902 4386 945 4444 hio
963 4384 1059 4440 attinet
1070 4387 1166 4440 dicere.
1184 4383 1248 4440 Vid.
1261 4389 1312 4441 hae

63 4473 95 4524 de
113 4491 143 4526 re
160 4474 253 4548 Hanlo
271 4475 342 4527 Dior.
360 4475 431 4526 laud.
451 4491 477 4541 p.
489 4479 532 4528 82.
549 4490 610 4543 sqq.
634 4479 662 4526 et
679 4473 835 4540 scriptores,
859 4475 907 4542 qui
924 4475 959 4528 de
977 4473 1087 4542 quercla
1109 4479 1137 4526 et
1153 4473 1312 4540 mabbone

62 4571 116 4612 non
134 4565 292 4612 numeratae
308 4559 440 4626 peounise
457 4559 650 4632 hiemum.
670 4557 758 4612 coitu
