3122 5162
272 429 347 498 762
689 425 765 492 Ian
789 421 850 494 IV.
874 423 955 494 Trr.
979 422 1108 495 XVIII.

279 599 405 666 7129.
426 599 460 663 in
483 599 622 685 reliquis
646 599 837 664 criminibus
862 621 932 664 non
957 602 1136 685 oportebat
1158 601 1293 667 salutern
1313 603 1467 667 doniaorun

274 729 440 771 servornm
466 707 605 771 arbitrIo
627 709 804 772 committi:
826 709 945 772 Cicero
966 712 1055 772 Orat.
1075 731 1138 792 pro
1151 711 1268 774 didone
1281 733 1306 773 e.
1317 710 1362 774 ἃ
1373 716 1399 790 ³)
1411 711 1470 774 Pau

272 814 323 877 lus
338 815 492 878 Sententt.
507 817 646 897 Recepit.
667 815 704 876 V.
721 815 772 878 16.
787 817 818 877 5.
831 815 1086 902 Nonnumquam
1102 826 1139 882 et
1154 819 1256 882 alieni
1269 819 1349 880 servi
1360 819 1388 880 iu
1400 837 1469 901 quae

273 921 415 985 stionem
436 921 701 1006 postulabantur,
718 923 777 986 sed
795 923 927 987 nonnisi
945 924 1078 1008 singuli,
1095 935 1130 989 et
1151 927 1355 1010 permittente
1368 925 1468 987 domino.

272 1029 473 1092 Permittere
489 1038 599 1092 autem
622 1050 689 1093 non
704 1028 804 1093 aliter
824 1032 1011 1108 tenebatur,
1027 1054 1124 1116 quam
1146 1034 1174 1095 si
1189 1041 1321 1097 caveret
1336 1033 1466 1111 adcusator,

273 1158 320 1218 se,
336 1137 361 1200 si
376 1137 598 1220 exspirassent
612 1137 647 1200 in
664 1139 871 1222 quaestione,
887 1159 1001 1202 eorum
1018 1140 1124 1222 pretia
1133 1165 1143 1216 ;
1163 1141 1214 1204 siu
1235 1140 1398 1204 deteriores
1410 1138 1469 1216 laci,

273 1246 344 1330 ejus
366 1265 499 1328 quoque
523 1244 633 1306 damni
657 1245 918 1318 aestimationem
941 1247 1193 1332 praestiturum:
1217 1245 1337 1310 Paulus
1355 1244 1469 1326 altpt

272 1350 375 1414 1..13.
391 1352 432 1412 D.
449 1352 488 1414 de
506 1352 633 1428 quaeat.
655 1351 750 1416 Servi
767 1374 848 1438 ergo
869 1354 904 1416 in
927 1353 1155 1437 quaestionem
1170 1354 1344 1440 postulati,
1362 1372 1470 1436 praesen·

273 1459 361 1522 tibus
377 1457 557 1540 advocatis,
573 1459 718 1544 equuleo
734 1460 872 1544 adligati
890 1461 938 1524 ita
958 1460 1230 1544 intendebantur,
1246 1469 1282 1524 ut
1302 1469 1470 1544 tamquamex

273 1586 371 1628 cruce
391 1565 578 1650 penderent
595 1567 714 1648 miseri,
729 1567 866 1652 ipsaque
883 1589 1060 1652 compages
1082 1569 1202 1632 ossium
1220 1567 1287 1632 illis
1302 1567 1471 1630 divelleretu.

273 1672 359 1738 Tum
380 1693 479 1756 porro
494 1674 650 1760 augendo
670 1673 780 1744 dolori
806 1674 986 1758 aliquando
1001 1675 1267 1740 admovebantur
1286 1672 1473 1740 candentesla·

273 1781 393 1862 minae,
409 1781 554 1866 ungulae
575 1782 722 1862 ferreae,
737 1781 872 1866 aliaque
886 1782 981 1867 hujus
1002 1785 1137 1868 generis
1151 1792 1329 1864 tormenta,
1346 1801 1414 1866 quae
1424 1777 1473 1841 satis
1506 1763 1507 1774 ¹

274 1907 416 1970 operose
439 1888 670 1952 describuntur
684 1913 704 1954 a
726 1889 801 1952 Car.
823 1889 962 1974 Sigonio
981 1891 1021 1952 de
1035 1890 1166 1954 Iudaeas
1180 1893 1242 1952 ΙΙΙ.
1257 1892 1307 1953 17.
1325 1912 1354 1970 p.
1369 1888 1423 1950 720.
1433 1906 1470 1966 qq.

273 1995 414 2058 Hieron.
433 1995 550 2078 Magio
570 1998 620 2058 ls'b.
640 2001 723 2079 se‘ng.
738 1998 779 2060 dc.
797 2001 939 2079 equuleo,
956 1995 1049 2060 edito
1071 2020 1145 2061 cum
1168 1998 1258 2063 notis
1274 1993 1472 2062 Gadaum-

274 2094 456 2188 germanni,
472 2101 513 2188 [*
525 2104 559 2165 in
577 2103 664 2166 Novo
688 2106 851 2166 Ibesouro
866 2107 1068 2184 Anb'quetau.
1087 2107 1307 2168 Rornanorum
1320 2111 1436 2186 magalo
1449 2099 1474 2158 ab

274 2210 418 2275 Alberto
442 2211 548 2274 Henr.
569 2209 612 2273 de
632 2210 806 2294 Sallengre
833 2212 914 2273 Tom.
935 2191 976 2272 11'.
995 2213 1137 2294 (Hogae
1159 2213 1312 2278 emmaum
1325 2207 1444 2285 17le.)
1455 2225 1475 2284 p

274 2317 366 2380 1211.
376 2316 456 2403 sqq]
473 2319 589 2382 Octav.
603 2319 757 2382 Ferrario
770 2319 905 2400 Elector.
921 2320 946 2380 1.
959 2321 989 2380 5.
1005 2341 1024 2383 a
1040 2319 1136 2404 Casp.
1152 2319 1333 2404 Sagittario
1347 2319 1380 2380 de
1392 2317 1475 2390 Mrtlr

274 2446 347 2488 rum
367 2428 556 2488 cruciatibus
576 2430 609 2486 in
625 2429 786 2506 prr'rns‘tioo
810 2427 939 2486 ecclesio
960 2427 1009 2488 lib.
1032 2448 1057 2488 o.
1074 2427 1124 2488 17.
1141 2449 1175 2510 p.
1197 2426 1273 2492 313.
1295 2447 1355 2510 sqq.
1373 2421 1476 2502 aliisqu-

276 2531 482 2609 Quaestione
503 2532 627 2612 babita,
643 2541 679 2594 et
693 2531 901 2594 confessione
915 2553 1083 2597 servorum
1106 2536 1139 2597 in
1155 2533 1288 2597 tabulas
1302 2533 1404 2610 relata,
1416 2527 1476 2590 tabu

274 2638 329 2702 lae
351 2638 628 2721 obsignabantur,
645 2638 758 2714 'donec
780 2638 1056 2722 depromerentur
1074 2641 1108 2703 in
1124 2640 1274 2726 judicio:
1295 2637 1403 2705 ¹Cicero
1423 2635 1474 2695 Orsi

270 2764 332 2826 pro
353 2744 470 2806 Melone
490 2765 515 2805 c.
535 2743 644 2826 221).

843 2865 872 2945 s.
894 2863 946 2928 26.

815 2979 983 3033 Teesimonte.

360 3077 643 3155 Quemadmodum
671 3100 750 3142 vero
772 3082 858 3144 servi
888 3102 949 3165 per
968 3089 1152 3160 tormenta,
1175 3079 1227 3144 ita
1256 3077 1354 3143 liberi
1374 3069 1478 3137 honines

278 3195 373 3249 extra
397 3184 455 3250 illa
477 3187 738 3270 quaerebantur,
759 3197 793 3251 et
813 3187 848 3250 bi
867 3205 993 3253 rssrns
1015 3189 1080 3252 dici
1096 3188 1261 3253 solebant.
1280 3175 1478 3249 Providendun

276 3314 357 3355 vero
373 3293 406 3355 in
423 3295 534 3377 primis
551 3305 633 3374 erat,
649 3317 691 3358 ne
709 3303 810 3358 testes
826 3295 1062 3361 adhiberentur
1077 3317 1190 3380 parum
1206 3295 1331 3360 idonei.
1353 3287 1432 3355 Unde
1442 3299 1477 3342 e1‘

276 3399 438 3483 ploranda
455 3411 523 3464 erat
537 3403 684 3466 conditio
708 3404 883 3488 cujusque,
906 3413 1012 3468 utrum
1028 3405 1100 3490 quis
1119 3403 1256 3467 decurio
1279 3410 1378 3474 esset,
1391 3416 1423 3460 an
1434 3389 1479 3473 ple

277 3507 388 3591 bejus,
417 3517 451 3571 et
472 3531 547 3572 num
569 3509 730 3574 honestae
754 3521 788 3574 et
807 3512 997 3597 inculpatae
1023 3512 1131 3593 vitae,
1152 3534 1193 3574 an
1220 3533 1303 3574 vero
1325 3499 1478 3576 soldrad

276 3614 417 3697 infamis,
431 3615 641 3701 locuplesne,
664 3641 704 3681 an
721 3640 823 3702 egens
839 3628 941 3702 esset,
958 3628 994 3684 ut
1013 3620 1097 3683 lucri
1114 3641 1226 3682 caussa
1249 3617 1348 3682 facile
1364 3609 1428 3697 quid
1443 3601 1479 3666 11·

346 3830 379 3898 q)
400 3831 527 3884 Moribus
547 3837 574 3883 ct
591 3831 723 3884 institutis
735 3829 877 3900 'majomin
894 3833 922 3886 id
938 3833 987 3900 jus
1005 3829 1100 3884 tribuit
1119 3829 1215 3884 Cioero
1228 3829 1262 3882 'in
1279 3829 1374 3881 Partis.
1387 3827 1479 3875 oratoru·

279 3915 320 3967 db.
337 3919 364 3967 et
388 3915 462 3968 Orat.
476 3933 530 3983 pro
552 3917 626 3984 Repe
645 3918 775 3986 Deiotaro
793 3937 815 3972 c.
835 3925 858 3972 l.
882 3922 919 3972 nt
944 3918 1055 3970 'l'aoitus
1079 3917 1178 3970 Anasi.
1197 3915 1238 3969 11.
1256 3919 1299 3968 ³0.
1323 3909 1386 3966 illud
1404 3921 1417 3958 s
1434 3897 1480 3954 scu

280 4001 397 4066 quodam
415 4008 505 4054 vetere
523 4001 643 4054 arcessit.
668 4003 813 4057 Probabile
834 4009 891 4069 est,
915 4003 988 4056 SCto
1007 4004 1127 4072 quodam
1144 4001 1213 4054 illud
1230 4005 1309 4052 vetus
1326 3995 1453 4050 insutum
1464 3993 1480 4030 ¹⁸

279 4099 359 4138 usum
376 4085 461 4139 fuisse
478 4092 642 4140 revocatum.
660 4087 740 4140 Hesn.
1103 4142 1106 4146 .

347 4170 376 4235 r)
394 4169 492 4222 cums.
510 4172 569 4223 un.
591 4172 702 4236 erupen
728 4173 798 4226 niu.
814 4172 966 4241 maelmin.
989 4189 1041 4224 von
1063 4173 1114 4224 um
1139 4171 1274 4224 comm
1300 4153 1500 4246 summumst¹

283 4251 444 4305 Graecorum
453 4274 464 4315 ,·
472 4273 577 4323 praem.
590 4257 634 4323 Ej.
656 4255 828 4326 Obserujur.
846 4259 918 4310 crim.
938 4259 969 4309 de
987 4257 1161 4326 adplicatum
1179 4261 1365 4308 sanantem
1379 4244 1480 4312 (mm

281 4337 354 4388 1754.
366 4339 406 4404 4.)
426 4354 454 4403 p.
470 4343 562 4393 1-72,
579 4340 625 4391 J0.
638 4341 683 4393 Fr.
695 4331 857 4394 Reitemeier
874 4343 972 4394 Comm.
988 4343 1019 4393 de
1034 4343 1135 4410 origine
1146 4349 1172 4392 et
1187 4340 1291 4392 ratione
1307 4326 1481 4416 quaesticulus

280 4423 406 4470 tormenta
425 4425 500 4490 apud
525 4425 643 4476 Graecm
667 4434 692 4476 et
710 4426 845 4478 Romanos
870 4429 960 4494 (Gott.
981 4430 1055 4478 1783.
1072 4425 1112 4491 8.)
1139 4441 1165 4490 p.
1188 4426 1300 4477 35-86.
1324 4421 1400 4471 Ernst
1414 4407 1481 4462 Christ

246 4541 248 4548 .
280 4497 423 4567 westphsl
455 4507 506 4558 Die
528 4509 628 4561 Tortur
645 4511 694 4560 cler
714 4509 861 4570 Griecbcn,
886 4511 989 4564 R'o'mrr
1011 4511 1068 4562 und
1086 4509 1235 4562 Deutrcben
1259 4506 1365 4575 (Leipz.
1384 4485 1480 4552 17811)

280 4595 306 4646 1)·
324 4585 415 4640 7-80.
434 4589 523 4644 Haud.
541 4592 728 4646 Schmicdicke
750 4595 822 4648 Dies.
840 4595 912 4648 laud
929 4611 956 4662 p.
975 4599 1034 4650 177.
1051 4609 1112 4663 sqq.
1132 4593 1220 4648 nrm
