3062 5164
398 378 456 448 De
479 379 575 450 lone
600 379 738 466 Qumrr.
763 383 818 454 Er
842 385 954 460 Crvrr.

248 589 288 602 -
331 589 372 604 -·
431 589 459 604 -·
498 558 722 636 alostuntocto
733 565 853 636 munli,

250 661 729 744 oesampsrauuumnue*
772 699 815 714 --
855 701 897 718 -ι-
939 707 964 718 -

50 769 88 830 Et
102 766 273 832 Martialis
287 769 399 850 Ερίςν.
420 769 471 832 VI.
486 769 516 832 7.

245 877 315 940 Aut
329 879 441 948 mrbus,
457 885 517 940 out
527 887 611 942 certe
626 899 688 944 noa
703 884 787 962 plur,
803 887 958 947 trabam
972 889 1030 948 tua
1044 897 1101 950 eet.

228 1031 233 1042 .
288 984 436 1046 Etnudr't
450 985 645 1068 memojam
663 988 828 1053 Tdelesr‘rra
842 996 917 1055 or'ro.

249 1090 339 1166 Quae
353 1093 440 1154 audit
455 1094 554 1165 rmus.
569 1113 631 1156 noa
646 1097 753 1158 audit.-
771 1100 918 1162 adultera
932 1101 1003 1183 lege
1016 1111 1072 1164 eat.

292 1198 442 1280 Offendor
456 1201 581 1262 moeolm
595 1205 778 1288 pimpliciore
792 1211 905 1268 morus.

126 1305 201 1368 Nec
218 1304 428 1387 gravioribus
442 1327 526 1390 opus
541 1316 613 1371 erat
629 1312 759 1393 caussis,
774 1313 802 1379 si
818 1333 902 1376 uxor
917 1337 937 1377 a
954 1313 1082 1398 marito,
1096 1337 1193 1402 quam
1208 1320 1236 1384 si
1250 1319 1305 1386 trie

53 1414 88 1476 ab
113 1413 190 1494 illa,
221 1434 296 1476 sese
324 1414 524 1498 sejtrngeret.
559 1414 699 1500 Saepius
729 1419 816 1482 enim
845 1431 894 1486 et.
909 1407 1064 1484 mulieres
1089 1423 1161 1487 sine
1190 1447 1304 1492 caussa

55 1520 261 1586 divertebant
288 1543 308 1614 a
330 1521 415 1584 viris.
443 1520 641 1607 Exemplum
668 1525 770 1590 babes
793 1528 827 1592 in
851 1528 1022 1594 Ciceronis
1044 1533 1146 1614 Epist.
1167 1535 1212 1596 ud
1230 1535 1304 1600 Dim

60 1627 136 1690 ΗΠ.
153 1627 184 1692 7.
208 1628 271 1693 ubi
292 1627 427 1692 Coelius
450 1630 492 1694 ad
517 1630 731 1698 Ciceronem:
756 1637 875 1700 Paullo
899 1638 1042 1711 Valerio,
1065 1659 1154 1702 soror
1178 1641 1302 1716 ditant

56 1735 209 1825 domum
237 1739 306 1800 crire
331 1757 463 1812 causeo,
484 1759 546 1821 quo
568 1741 619 1802 ctu
644 1745 694 1804 oir
713 1748 912 1824 spromtwta
932 1754 1086 1808 canturos
1109 1759 1196 1823 erat,
1212 1750 1303 1827 seed.

59 1841 196 1924 Nupturu
210 1853 263 1906 eet
279 1844 320 1906 D.
338 1846 450 1908 Bruto.
475 1845 548 1909 Soli
567 1845 710 1912 libertae
728 1871 794 1914 non
814 1849 938 1916 licebat
956 1874 1017 1938 per
1035 1853 1146 1940 legem
1162 1856 1301 1940 Papiam

59 1947 241 2032 Poppaeam
261 1973 281 2014 a
298 1960 440 2035 patrono
457 1953 647 2038 discedere,
665 1957 718 2022 cui
741 1968 813 2022 erat
831 1960 1038 2024 matrimonio
1057 1961 1223 2045 copulata,
1239 1983 1305 2030 ceu

60 2055 118 2140 ipsa
140 2057 295 2143 legitima
315 2063 419 2126 verba
443 2061 581 2145 docent,
604 2083 690 2148 quae
713 2067 859 2131 servavit
880 2067 1042 2152 Ulpianus
1064 2069 1103 2153 d.
1125 2073 1182 2133 ult.
1203 2071 1246 2134 D.
1264 2072 1304 2132 da

59 2164 163 2226 llrbort.
185 2187 344 2252 quaeque
366 2167 558 2253 diligentins
584 2167 794 2256 interpretati
815 2195 922 2238 sumus
943 2174 978 2236 iu
1008 2175 1173 2239 Cononem
1197 2178 1241 2238 od
1265 2178 1301 2238 t.

59 2269 110 2332 Jat
124 2282 152 2334 et
167 2275 369 2358 PapsPopp.
384 2276 451 2338 Ltt.
467 2279 510 2341 ΙΙ,
525 2299 551 2340 c.
566 2278 616 2340 12.
632 2301 665 2360 p.
686 2279 759 2342 244.

605 2506 608 2521 ·
647 2523 656 2539 .
677 2477 729 2540 47.

363 2591 558 2646 Sollemnitates
575 2593 603 2646 ia
620 2479 739 2648 {cordia
757 2593 819 2647 olim
837 2593 997 2648 observatae.

130 2705 253 2770 Fiebat
277 2705 355 2770 olim
381 2705 558 2773 divortium
581 2731 648 2775 non
668 2711 739 2775 sine
758 2709 993 2775 sollemnitate.
1015 2711 1300 2791 Quemadmodum

64 2812 134 2875 enim
155 2835 280 2902 uxores
302 2813 336 2876 in
361 2838 490 2881 manum
517 2819 762 2882 conveniebant
780 2839 842 2902 per
863 2819 1163 2898 confarreationem:
1179 2820 1227 2884 ita
1249 2843 1303 2884 se-

58 2919 271 3004 jungebantur
283 2919 351 2984 alio
367 2924 538 3006 sacrificio,
554 2926 644 3010 quod
656 2941 906 2990 nrrntnnmro
921 2924 1162 3011 adpellabatur.
1183 2927 1301 2993 Festus

64 3027 111 3089 sub
127 3051 207 3093 voce
225 3031 423 3111 diffarreotr'o
436 3055 469 3114 p.
482 3033 555 3096 280.
578 3049 827 3098 nrnrannnarro
844 3053 947 3115 genua
966 3033 1123 3110 comprimi,
1141 3054 1201 3116 quo
1219 3039 1302 3098 inter

16 3197 25 3210 ,
63 3137 147 3198 tirum
166 3148 196 3200 et
213 3139 379 3200 mulierem
387 3141 493 3217 fiebat
505 3142 673 3204 dissolutio.
697 3143 788 3202 Dt’ctu
806 3143 1011 3224 drfforreattb,
1028 3145 1103 3220 quia
1109 3140 1303 3218 fiedatsor-

65 3261 107 3305 reo
123 3247 176 3310 llio
189 3247 338 3309 adbibita.
364 3245 403 3312 In
419 3269 478 3311 usu
494 3256 565 3312 erat
584 3249 649 3312 hoc
664 3247 854 3312 sacrificium
870 3244 976 3311 adhuc
993 3244 1164 3309 Plutarchi
1179 3253 1301 3327 aetate,

65 3351 175 3432 quoties
208 3353 300 3414 inter
320 3351 503 3418 Flaminem
534 3356 668 3421 Dialem
694 3363 728 3418 et
752 3353 967 3419 Flaminicum
997 3354 1101 3418 fiebat
1130 3350 1301 3416 discidium

65 3459 245 3540 nuptiarum.
267 3459 376 3537 Quum
394 3462 480 3525 enim
503 3472 602 3528 antea
625 3463 829 3529 Fluminibus
850 3459 943 3525 nefas
963 3469 1068 3544 esset,
1087 3480 1207 3524 uxores
1227 3481 1247 3523 a
1266 3481 1301 3523 se

65 3560 232 3630 dimitteret
260 3569 421 3653 rescripto
446 3569 480 3634 id
502 3570 625 3655 primus
648 3569 797 3655 permisit
816 3568 1045 3651 Domitianus,
1068 3575 1153 3631 teste
1181 3566 1302 3632 eodem

64 3665 228 3739 Pluldrcho
252 3675 393 3752 Quaeso.
411 3679 543 3742 Roman.
558 3680 609 3741 50.
636 3677 705 3756 Qui
723 3685 758 3740 et
775 3676 859 3739 haec
874 3676 983 3740 addit:
1002 3681 1031 3740 oi
1048 3675 1082 3740 dd
1103 3681 1189 3756 ἱερεῖς
1208 3701 1302 3757 nepe·
1353 3725 1357 3732 .

65 3781 169 3859 γένοντο
190 3785 230 3872 τῇ
250 3785 305 3847 τοῦ
327 3781 423 3868 γάμου
446 3783 605 3866 διαλύσει,
620 3784 722 3852 πολλὰ
746 3782 882 3866 φρικώδη
906 3785 958 3847 καὶ
977 3779 1138 3857 ἀλλόκοτα,
1160 3784 1211 3847 καὶ
1228 3807 1301 3847 σκυ-

65 3887 162 3966 θρωπὰ
179 3889 321 3968 δρῶντες.
339 3894 385 3953 At
397 3895 575 3956 sacerdotes
591 3896 711 3976 reliqui,
729 3895 785 3974 qui
795 3891 1016 3968 interfuerunt,
1035 3910 1131 3971 quum
1151 3889 1306 3970 ejusmodi
1415 3883 1425 3902 ‘

66 3999 278 4058 alomonam
301 3999 534 4074 dissolveretur,
556 4001 654 4061 multo
674 3997 849 4069 horrenda,
873 3998 1017 4058 inaudita
1037 4005 1067 4058 et
1096 3998 1200 4058 tristia
1212 3997 1303 4073 sece-

67 4112 137 4164 rtmt.
156 4101 256 4167 Unde
272 4109 377 4186 patet,
393 4106 487 4169 triste
505 4104 680 4170 admodum
700 4125 739 4170 ac
757 4103 835 4166 mali
852 4102 970 4168 ominis
988 4102 1088 4166 fuisse
1106 4101 1170 4164 hoc
1191 4099 1304 4164 differ*

68 4208 207 4271 rectionis
232 4209 441 4294 sacrificium,
458 4213 493 4276 in
512 4234 579 4296 quo
600 4211 719 4274 multos
739 4212 822 4274 ritus
841 4231 879 4272 ac
901 4207 1118 4274 caerimonias
1142 4207 1303 4269 tristiores

69 4309 202 4378 adbiberi
223 4303 417 4399 oportuerit.
444 4321 618 4382 Coimtt'oue
635 4324 824 4382 contractae
847 4315 982 4400 nuptiae
1002 4328 1304 4378 nnmnrtctnarronn

69 4416 180 4484 solutae
199 4421 353 4488 videntur
369 4424 440 4489 Jac.
461 4423 641 4490 Raevardo
661 4427 700 4488 de
717 4426 818 4507 Legg.
833 4423 906 4484 XII.
928 4421 1019 4484 tull.
1035 4442 1061 4483 o.
1075 4419 1127 4484 22.
1143 4442 1174 4503 p.
1190 4420 1242 4483 99.
1259 4441 1305 4504 sp.

74 4520 137 4588 lll.
156 4529 230 4611 opp.
255 4529 493 4616 Praeterquam
515 4532 619 4614 enim,
639 4531 729 4615 quod
751 4531 833 4595 nihil
853 4538 920 4594 tem
946 4528 1109 4688 naturpl7e*
1122 4537 1188 4610 eet,
1209 4549 1304 4613 quam
