3056 5154
233 442 306 510 628
674 431 752 500 Lm.
776 431 837 498 [v.
861 431 943 498 Tm.
966 431 1027 497 IV.

235 611 346 676 fuerat
361 606 613 672 condemnatus:
626 607 751 671 Paulus
767 608 921 669 &uteru
938 608 1081 688 iteoeptt.
1101 606 1137 667 V.
1151 605 1183 666 t.
1196 605 1229 665 9.
1252 602 1355 666 Unde
1370 601 1476 664 (icero

235 724 269 782 in
289 721 420 781 Verrem
433 717 477 776 IL
490 713 521 776 8.
542 715 630 776 Petit
643 715 787 776 Naevim
804 714 921 796 llrrpio
934 715 1072 796 quadani,
1085 716 1176 774 istius
1191 729 1343 772 excursor
1356 714 1479 771 domu

236 829 360 897 εανίιιε,
374 825 462 884 tronto
479 824 673 884 oninirsmer
693 823 747 882 on
766 830 920 882 eonmtu
938 821 1222 902 quortruptotorm
1235 819 1438 890 damus,
1453 819 1481 878 t'.

236 931 407 994 Sacerdote
420 931 578 990 Praetore
591 928 815 990 mndensnotus
830 929 1033 1009 ejuraurum.

844 1125 852 1138 .
871 1077 902 1140 8.

671 1186 731 1236 rex
750 1077 875 1237 orsini
892 1185 925 1236 n
942 1185 1056 1253 sunu

320 1288 447 1350 Verum
463 1294 499 1350 et
517 1271 695 1350 'Praetoria
715 1287 775 1350 issa
790 1287 878 1350 actio
901 1284 1008 1347 civilis
1024 1283 1133 1366 impar
1156 1281 1367 1345 cohibendae
1387 1281 1482 1345 honi-

237 1417 315 1460 num
336 1393 542 1479 petulantiae
557 1393 628 1456 visa
651 1401 702 1456 est
715 1395 754 1457 L.
770 1393 928 1458 Cornelio
945 1389 1060 1454 Sullae
1075 1389 1254 1453 Dictatori.
1276 1389 1378 1452 Unde
1391 1390 1421 1451 is
1434 1413 1483 1451 no

237 1523 311 1567 vam
336 1502 415 1566 tnlit
434 1502 546 1586 legem
569 1517 765 1565 coRNEMAM
783 1502 822 1564 de
840 1503 984 1582 injuriis,
1005 1519 1071 1582 qua
1085 1505 1120 1560 et
1143 1496 1315 1560 criminale
1332 1497 1482 1582 judicium

240 1609 452 1673 constitutum
467 1616 517 1672 est
532 1611 575 1672 ob
588 1615 694 1678 certas
705 1608 853 1692 injurias,
867 1607 911 1669 ob
926 1627 1006 1692 quas
1022 1605 1103 1667 alias
1119 1605 1219 1667 etiam
1231 1605 1378 1666 civiliter
1393 1625 1483 1688 agere

237 1714 363 1782 licebat
377 1721 421 1797 1).
443 1717 578 1779 Factum
600 1716 636 1779 id
657 1736 728 1777 esse
744 1713 786 1777 A.
796 1713 839 1777 U.
855 1714 892 1778 C.
908 1731 1060 1776 ncnxxfl.
1079 1713 1262 1795 suspicatur
1285 1712 1402 1797 Steph.
1419 1713 1483 1776 Vin.

237 1823 376 1908 Pighius
393 1825 509 1886 Annol.
525 1823 585 1884 III.
599 1845 634 1906 p.
649 1821 722 1885 263.
745 1831 780 1885 et
802 1822 933 1886 occasio
957 1821 1095 1883 forsitan
1110 1820 1224 1884 Sullae
1247 1820 1388 1883 subnata
1412 1830 1483 1882 este

238 1931 341 1995 nimia
362 1929 422 1992 illa
441 1920 579 1992 lieentia
592 1925 632 1992 ae
650 1929 850 2014 petulantia,
866 1950 953 2014 quae
974 1949 1035 2013 per
1056 1927 1149 1989 bella
1171 1927 1285 1990 civilia
1298 1928 1484 1990 invaluerat.

239 2039 290 2101 Ea
305 2057 385 2101 vero
400 2035 479 2120 lege
500 2037 535 2099 in
552 2056 609 2098 eos
624 2035 767 2102 dabatur
782 2038 881 2118 actio,
896 2036 953 2121 qni
967 2038 1153 2119 pulsassent
1168 2033 1335 2119 aliquem,
1354 2035 1411 2098 vel
1425 2056 1484 2096 oer-

238 2146 415 2217 tenuent,
430 2142 485 2207 vel
500 2145 625 2205 domum
639 2147 773 2206 ahenam
788 2149 822 2206 ui
839 2147 1029 2206 introissent.
1052 2144 1192 2204 Pulsore
1207 2152 1242 2206 et
1260 2145 1431 2206 oerbmare
1445 2145 1484 2205 ita

239 2251 395 2316 differunt
408 2251 442 2313 in
461 2251 524 2314 hac
537 2250 638 2335 lege,
654 2251 788 2315 utillud
803 2252 874 2314 sine
894 2250 1030 2330 dolore,
1045 2249 1109 2312 boc
1125 2272 1197 2312 cum
1213 2250 1334 2313 dolore
1350 2251 1424 2314 fieri
1443 2250 1484 2311 di-

237 2365 346 2424 catur:
369 2360 408 2421 L.
429 2359 509 2440 5.§.
532 2358 562 2422 1.
583 2359 624 2419 D.
644 2361 673 2420 h.
692 2367 714 2419 t.
743 2360 872 2440 Opusec.
895 2361 986 2419 vorin
1006 2359 1045 2418 de
1068 2359 1225 2419 latinitate
1247 2358 1484 2420 Jureeonsuttor.

147 2471 152 2480 ’
237 2477 377 2530 veterum
392 2489 425 2547 p.
449 2464 521 2525 145.
545 2487 609 2547 sqq.
640 2463 735 2550 [Ἦ
758 2466 830 2527 edit.
854 2465 929 2528 Car.
955 2463 1059 2528 Andr.
1084 2465 1214 2528 Dukeri
1241 2465 1351 2547 Lugd.
1380 2467 1484 2525 Baton

147 2617 152 2626 ·
236 2571 406 2657 1711.]‹1).
433 2571 506 2634 lmo
529 2579 705 2654 tantopere
729 2571 812 2635 haec
835 2571 966 2634 differre
990 2571 1208 2654 videbantur,
1236 2581 1288 2655 ut,
1307 2573 1367 2657 qui
1387 2573 1484 2636 luerat

209 2717 217 2729 ι
237 2679 445 2758 verberatus,
462 2678 488 2738 si
505 2676 632 2740 diceret
646 2698 681 2739 se
697 2677 859 2762 pulsatum
875 2701 962 2757 esse,
977 2700 1043 2741 non
1060 2687 1152 2744 certo
1167 2700 1237 2742 rem
1251 2679 1484 2742 demonstrasse

238 2783 415 2866 diceretur,
429 2791 515 2848 teste
528 2784 640 2847 Paulo
651 2784 741 2867 apud
754 2789 924 2849 Auctorem
937 2788 1045 2851 Collot.
1058 2789 1154 2869 legg.
1170 2787 1299 2848 Mosoic.
1315 2798 1350 2848 et
1364 2789 1484 2849 Ronson

201 2947 213 2974 4
238 2893 281 2955 ΙΙ.
296 2891 326 2955 6.
348 2893 474 2955 Domus
490 2913 570 2955 vero
592 2893 760 2976 quomodo
782 2895 886 2976 possit
906 2895 940 2958 vi
961 2894 1093 2958 introiri
1115 2894 1149 2955 in
1170 2883 1307 2956 alterins
1329 2894 1484 2978 injuriam,

237 2999 337 3062 facile
356 3007 458 3082 patet.
481 2998 604 3062 Paulus
622 3000 774 3063 Sententt.
791 3003 931 3084 Receptt.
953 3002 987 3064 V.
1002 3001 1032 3061 4.
1047 3002 1077 3063 8.
1091 3001 1155 3062 hnc
1176 2999 1283 3063 refert
1298 3000 1449 3084 injuriam
1469 3023 1484 3060 a

238 3107 421 3168 derecturiis
442 3104 578 3170 illatam.
600 3107 654 3170 Ita
677 3108 764 3170 enlin
779 3107 853 3170 ille:
869 3111 967 3171 Misto
980 3109 1263 3192 jureinjurinrum
1279 3115 1363 3170 oetr'o
1378 3133 1413 3170 ex
1426 3113 1484 3190 tege

203 3215 208 3222 ’
241 3214 385 3276 Corneliis
407 3218 617 3288 constituitur,
638 3221 756 3297 quoties
774 3213 844 3299 puis
863 3217 1029 3298 pulsatur,
1049 3219 1100 3279 oet
1115 3219 1312 3288 verteretur,
1333 3219 1385 3277 net
1404 3219 1483 3298 eujus

238 3322 348 3383 domus
369 3323 518 3383 introitur
544 3323 582 3383 ob
605 3323 670 3395 lori,
692 3327 748 3403 qui
769 3325 940 3385 derectarii
958 3324 1168 3404 adpelluntur.
1198 3322 1265 3385 Sed
1288 3343 1423 3405 vereor,
1448 3342 1483 3382 ne

238 3427 342 3490 verba
365 3436 531 3510 postrema
559 3428 723 3511 glossema
743 3427 868 3492 Anioni
896 3429 1032 3512 sapiant.
1069 3431 1251 3491 Derectarii
1273 3433 1363 3506 enim
1386 3451 1485 3491 nona

240 3533 416 3618 dirigendo
432 3533 594 3618 dicuntur,
617 3536 708 3621 qnod
729 3536 817 3599 idem
836 3537 1003 3600 veteribus
1026 3536 1126 3599 fnisse
1149 3559 1187 3600 ae
1208 3539 1399 3620 effringere,
1421 3537 1484 3598 sine

239 3640 307 3704 nlla
322 3642 517 3705 auctoritate
533 3642 655 3707 idonea
668 3643 871 3728 suspicantur
886 3643 960 3708 Car.
976 3642 1023 3708 dn
1036 3645 1162 3707 Fresne
1180 3647 1344 3706 Glossorro
1359 3646 1403 3706 od
1414 3647 1487 3706 scri-

307 3839 342 3906 p)
363 3838 471 3892 Scilicet
487 3840 533 3892 lex
551 3839 679 3893 Cornelia
694 3840 842 3894 criminalis
861 3841 971 3910 quidem
988 3841 1232 3896 animadversionis
1251 3855 1354 3896 mussa
1374 3845 1486 3906 reperta:

239 3928 329 3978 tomen
347 3929 375 3976 et
391 3923 517 3988 civiliter,
536 3924 724 3978 aestimatione
742 3926 833 3979 officio
847 3924 949 3992 judicis
967 3925 1099 3986 iacienda,
1117 3929 1224 3989 poterat
1242 3925 1301 3992 agi:
1320 3927 1355 3978 L.
1371 3930 1413 3980 ³7.
1427 3927 1446 3992 ξ.
1466 3931 1485 3975 1.

240 4008 275 4058 D.
285 4007 309 4058 t.
321 4016 338 4061 t.
348 4007 496 4060 dummodo
503 4008 668 4078 injuriaejus
675 4010 790 4078 generis,
799 4027 879 4078 quam
889 4011 955 4062 haee
965 4014 1010 4064 lex
1020 4010 1200 4078 persequitur,
1207 4010 1283 4062 illata
1292 4011 1398 4066 fnisset.
1412 4011 1485 4060 licis.

238 4093 323 4151 Henr.
341 4091 427 4145 Mielr.
446 4093 626 4148 vos-,keneu
643 4097 713 4148 Dies.
726 4095 784 4148 hist.
793 4097 881 4166 jurid.
894 4094 926 4145 de
937 4095 969 4146 L.
992 4095 1114 4148 Cornelio
1131 4094 1207 4146 Sutia
1220 4095 1374 4162 lepistntore
1390 4093 1484 4162 (bugd

238 4177 300 4228 But.
315 4179 387 4229 1816.
400 4177 440 4244 8.)
456 4177 488 4230 Ρ.
500 4179 535 4232 11.
547 4197 570 4232 o.
584 4185 609 4234 7.
623 4196 649 4246 p.
663 4185 714 4233 144
725 4209 758 4220 -
774 4184 878 4234 1611-
892 4180 1037 4232 Caeterum
1049 4179 1219 4232 dubitatione
1231 4196 1289 4232 non
1302 4187 1389 4245 vacat,
1400 4187 1483 4231 utrum

217 4281 219 4286 ·
238 4277 275 4314 ox
291 4263 363 4328 Lege
382 4261 507 4316 Cornelis
525 4266 641 4334 quaetio
666 4263 827 4332 injuriarum
851 4264 1037 4318 descenderit:
1060 4265 1101 4320 Μ.
1119 4266 1182 4318 Ant
1202 4264 1344 4318 Ferratins
1363 4265 1446 4330 Epist.
1465 4263 1485 4313 l.

181 4351 184 4358 '
240 4350 280 4398 16.
297 4361 323 4412 p.
341 4349 385 4400 68.
402 4361 444 4413 sq.
462 4346 551 4401 Haut.
575 4349 678 4402 caeter.
698 4349 732 4400 cf.
752 4351 858 4404 Walter
875 4350 928 4432 tt.
947 4366 973 4416 p.
991 4355 1051 4405 ³08.
1070 4367 1111 4418 sq.
1129 4357 1156 4402 et
1179 4350 1370 4417 Rectupescl.
1387 4368 1412 4418 p.
1427 4353 1485 4405 tto

238 4436 294 4482 not.
311 4435 352 4483 51.
377 4431 464 4484 notit.
1075 4451 1078 4458 ’

307 4515 339 4582 q)
360 4515 435 4569 Male
452 4517 521 4570 liene
537 4518 624 4582 legem
643 4525 667 4568 ⁵.
685 4513 894 4582 interpretantur
913 4518 963 4572 viri
987 4518 1074 4574 docti:
1093 4535 1142 4585 pro
1168 4517 1260 4570 dolore
1286 4517 1484 4574 rescribendum

239 4597 340 4651 totone.
360 4599 437 4668 [Ἢ.
451 4603 486 4656 H.
499 4600 675 4691 Gannegietep
693 4602 728 4655 ud
747 4603 816 4654 Colt.
834 4604 891 4656 LI..
910 4604 999 4657 Mons.
1017 4609 1044 4656 et
1061 4606 1121 4656 R'R.
1139 4621 1161 4656 o.
1175 4607 1201 4656 s.
1218 4619 1248 4669 p.
1263 4607 1322 4657 loo.
1334 4602 1388 4673 sq.]
1406 4601 1487 4654 ctas.
