3122 5162
421 366 424 376 '
466 357 522 442 Du
544 359 707 444 Poenicus
726 329 895 428 'Juurcua
949 328 951 332 Α
1033 417 1035 424 ,
1210 347 1312 450 ’765

60 539 97 600 L.
116 537 227 600 Flacco
242 533 318 620 [*c.
334 533 383 600 15.
406 535 493 600 Idem
508 536 719 600 laudationem
733 536 907 614 -salsam
927 555 996 599 esse
1009 534 1173 620 ammon,
1186 555 1251 618 ‘prs
1272 540 1313 602 A.

63 633 199 708 Cluentio
221 642 261 728 [*
273 664 298 704 c.
312 642 363 704 69.
385 643 471 704 Eum
486 643 586 704 uerbis
603 643 727 724 publice
747 643 883 704 laudant
903 652 966 706 etc.
988 663 1160 724 proauum
1181 665 1314 706 caucu-

61 774 128 827 rrr,
147 771 186 812 ea
200 752 404 814 decurionum
423 751 622 812 Larinatium
637 751 768 820 decreto.
796 751 885 812 Orat.
905 770 963 830 pro
978 749 1022 812 M.
1041 751 1140 812 Coelio
1154 771 1180 812 c.
1194 751 1225 813 2.
1241 751 1312 814 fere

23 885 24 890 ¹
59 861 120 922 sub
130 863 192 939 fin.
213 857 334 920 Ascon.
352 855 502 920 Pediano
518 859 550 917 in
570 857 658 918 Orat.
677 856 737 919 Cic.
754 877 815 939 pro
828 856 873 918 M.
894 858 1016 920 Scauro
1030 857 1195 938 c.177.ep.
1218 867 1313 922 etex

59 967 130 1028 edit.
145 963 265 1028 Graev.
277 985 310 1045 p.
321 961 412 1026 1016.
422 961 485 1047 ep]
500 970 603 1046 patet.
627 963 704 1049 Car.
716 963 871 1048 Sigonius
887 949 926 1026 de
946 965 1075 1026 iudiciis
1087 966 1129 1026 II.
1140 966 1190 1029 19.
1198 965 1313 1048 14584.
1404 953 1410 966 ’

60 1073 103 1160 [*
120 1073 194 1154 opp.
209 1069 346 1154 Sigonii¹
359 1071 441 1148 tbm.
463 1070 497 1132 V.
514 1071 862 1152 (transcurrentes.)
874 1069 908 1153 p.
925 1070 997 1132 779.
1012 1058 1073 1156 aql]

635 1219 664 1300 s.
684 1219 736 1282 ao:

416 1333 663 1402 Comperendinatio
680 1335 724 1386 cel
737 1336 808 1388 ‘conc
826 1338 949 1390 secunda.
992 1385 996 1392 .

143 1435 386 1517 Ceterumtex,
410 1455 453 1498 ex
476 1458 541 1520 qua
563 1437 734 1521 agebatur,
757 1444 813 1499 aut
836 1436 920 1500 banc
942 1457 1039 1499 unam
1066 1435 1230 1504 actionem
1255 1438 1313 1500 ad-

59 1545 234 1626 mittebat,
250 1554 305 1608 ant
328 1543 709 1626 comperendinationem
735 1541 949 1609 concedebat.
972 1543 1008 1606 si
1031 1543 1128 1607 unies
1151 1545 1238 1608 actio
1255 1546 1314 1609 ad-

60 1655 261 1734 mittebatur,
277 1653 368 1716 finita
385 1650 591 1731 defensione,
604 1651 710 1714 statim
729 1651 763 1713 in
780 1651 932 1736 suffragia
948 1653 1164 1715 mittebantur
1171 1633 1314 1736 judices,

62 1773 95 1828 et
113 1764 159 1826 sic
175 1766 278 1844 primo
296 1769 392 1830 coetu,
411 1759 466 1822 vel
477 1743 582 1840 primo
593 1759 743 1840 judicare
762 1757 972 1824 dicebantur:
986 1759 1114 1822 Auctor
1129 1763 1173 1821 ad
1189 1761 1315 1823 Heren-

61 1877 146 1934 nium
163 1869 220 1931 IV.
237 1868 288 1931 36.
316 1868 375 1928 Vos
389 1871 483 1929 ceriti
500 1869 589 1939 estoit,
606 1871 639 1928 si
649 1871 751 1948 priam
773 1877 861 1930 coetu
882 1869 1160 1941 condemnassetis,
1177 1888 1218 1930 ne
1241 1891 1314 1931 cru·
1353 1861 1357 1868 ’

62 1981 145 2040 deleo
169 1978 443 2038 contineremini?
472 1973 570 2051 Quae
594 1959 699 2037 ¹verba
721 1975 858 2058 egregie
880 1975 1116 2059 interpretatur
1138 1975 1315 2039 Turnebus

65 2087 233 2146 Adversar.
256 2083 329 2144 XX.
352 2081 403 2142 25.
434 2080 493 2143 Sin
515 2081 572 2144 lex
595 2082 978 2165 comperendinationem
1009 2081 1216 2162 haberet⁰)2
1237 2091 1315 2146 tunc

62 2189 222 2276 perendie
244 2211 331 2253 nova
353 2188 586 2252 instituebatur
608 2189 709 2271 partis
730 2189 899 2273 utriusque
921 2169 1091 2271 recitatio,
1115 2189 1173 2252 sed
1195 2191 1259 2270 ita,
1278 2198 1315 2253 ut

62 2299 174 2383 priore
195 2298 270 2362 loco
296 2319 388 2378 reus,
413 2295 597 2388 posteriore
623 2294 797 2360 adcusator
819 2297 962 2359 diceret:
985 2297 1103 2359 Cicero
1128 2300 1162 2358 in
1187 2297 1315 2358 Verrem

61 2411 135 2470 Act.
151 2408 192 2470 ΙΙ.
207 2407 273 2469 uu.
289 2407 314 2468 Ι.
327 2426 353 2468 c.
368 2404 398 2467 9.
415 2413 449 2467 et
465 2404 507 2468 ad
522 2405 553 2467 le.
568 2407 588 2466 l.
610 2403 732 2468 Ascon.
748 2403 915 2467 Pedianus
928 2427 962 2486 p.
977 2404 1028 2467 75.
1043 2407 1087 2485 ¹).

637 2555 666 2637 ς.
688 2552 739 2618 31.

484 2669 593 2724 Judiecs
610 2671 683 2724 mirri
698 2671 726 2723 in
743 2671 886 2724 consilium.

144 2771 257 2837 Finita
272 2782 307 2836 et
328 2772 390 2836 hac
405 2773 552 2853 actione,
569 2771 625 2835 ubi
648 2778 787 2858 uterque
803 2780 917 2836 orator
938 2759 1013 2835 uixl
1035 2770 1227 2848 addiderat,
1250 2780 1316 2834 sta-

58 2881 120 2950 tim
146 2901 266 2964 praeco
289 2896 423 2946 luxisse
446 2901 503 2942 eos
527 2877 776 2964 pronunciabat.
799 2879 875 2957 Quo
899 2880 987 2942 facto
1010 2881 1152 2944 Praetor
1174 2878 1315 2942 tabellas

57 2990 282 3054 distribuebat
296 2989 384 3051 inter
398 2988 540 3073 judices,
557 3000 681 3071 eosque
697 2985 738 3048 ad
762 2985 930 3049 ferendam
947 2988 1142 3051 sententiam
1163 2984 1316 3050 mittebat
1349 2997 1350 3001 ’

56 3099 93 3162 in
118 3097 309 3162 consilium:
338 3097 458 3159 Ascon.
482 3094 649 3158 Pedianus
675 3098 707 3156 in
732 3095 858 3156 Verrem
881 3096 919 3157 de
940 3096 1103 3184 Praetura
1123 3097 1190 3156 uri.
1212 3117 1246 3176 p.
1264 3091 1315 3156 77.

55 3207 190 3268 Mittere
198 3207 322 3288 judicos
342 3208 373 3266 in
393 3206 552 3268 consilium
568 3183 616 3264 est
635 3178 788 3264 dimittere
799 3203 926 3284 judices
949 3203 1193 3264 adsentantium
1211 3203 1314 3262 dicen·

56 3315 150 3387 dam,
176 3315 244 3386 ubi,
264 3315 417 3394 adlegatio
439 3291 576 3374 omnibus
599 3315 808 3393 argumentis,
831 3319 935 3372 orator
954 3312 1080 3373 diceret
1099 3329 1196 3370 arur.
1218 3308 1262 3370 Et
1284 3312 1314 3368 in

56 3424 208 3485 Prooem.
222 3415 372 3484 =Actionis
397 3426 430 3482 in
454 3421 583 3482 Verrem
603 3440 637 3500 p.
659 3418 709 3480 65.
740 3418 839 3480 Moris
860 3427 999 3480 ueterum
1010 3421 1095 3497 suit,
1118 3436 1212 3498 quum
1238 3417 1316 3475 satie

55 3535 165 3593 visum
184 3539 265 3592 essct
278 3531 413 3606 fluusbse
430 3531 603 3601 certorum,
622 3528 703 3588 banc
717 3527 778 3588 sili
795 3529 1010 3588 necessitatem
1020 3525 1185 3610 finiendae
1202 3526 1314 3586 oratio-

55 3641 110 3699 nis
134 3639 306 3716 imponere,
329 3646 363 3698 ut
380 3633 516 3702 decerent
536 3638 579 3698 ad
599 3637 757 3696 ultimum.-
781 3655 888 3696 uffl:
906 3636 1109 3716 quodetiam,
1127 3634 1316 3712 alutraque
1432 3633 1434 3640 ’

51 3753 156 3828 parte
174 3748 312 3806 oratione
332 3754 511 3819 consumta,
531 3754 566 3806 ut
586 3747 619 3804 in
641 3743 799 3804 consilium
822 3742 1061 3816 dimitterentur,
1078 3761 1195 3824 praeco
1208 3743 1240 3820 5)
1265 3758 1315 3799 so-

133 3952 170 4018 u)
190 3951 228 4004 Ut
243 3913 357 4003 Sertilia
375 3950 420 4001 lex
426 3967 433 4010 ;
454 3909 559 4002 Klenze
577 3950 594 4002 l.
612 3951 629 4003 l.
648 3966 674 4017 p.
692 3953 734 4004 64.
752 3953 808 4001 not.
828 3955 850 4002 l.
870 3946 956 4000 Miill.
970 3953 978 4006 J

134 4037 170 4104 x)
192 4034 329 4088 Ferratius
348 4035 417 4103 Epp.
445 4035 467 4086 Ι.
490 4037 515 4086 9.
540 4035 584 4100 lo.
603 4036 664 4088 Alb.
683 4035 761 4100 Spica
787 4034 857 4086 Diu.
880 4035 911 4086 de
934 4033 1212 4104 comperendinatione.
1239 4031 1312 4097 Lips.
1423 4049 1425 4054 ’

54 4125 142 4177 1728.
161 4126 186 4174 4.
204 4119 344 4180 Perellius,
355 4119 416 4174 Lib.
431 4121 453 4172 1.
472 4117 703 4188 investigationum
725 4122 826 4191 annqui
833 4121 909 4191 jurio
926 4138 953 4174 ca
967 4125 992 4173 4.
1010 4137 1037 4186 p.
1056 4123 1200 4174 lat-157.
1225 4117 1312 4170 Locus

51 4223 129 4261 vero
145 4205 225 4258 eluet.
243 4206 279 4257 ad
297 4205 461 4257 Herennium
479 4205 616 4256 erostro
635 4207 686 4258 hac
700 4207 843 4259 occasione
858 4208 965 4260 adlatus
982 4219 1037 4257 non
1056 4205 1171 4270 pertinet
1190 4204 1224 4256 ad
1242 4217 1314 4254 oom-

50 4290 333 4360 perendiuatiouem,
358 4289 406 4344 sed
423 4290 459 4342 ad
479 4287 696 4356 ampliationem,
720 4298 751 4344 ut
769 4298 841 4345 recte
859 4290 964 4345 monuit
978 4289 1076 4342 Christ.
1094 4288 1193 4342 Daniel
1211 4286 1314 4340 Erhard

55 4378 135 4430 Dies.
156 4377 188 4430 dc
205 4374 415 4446 ampliationilue
429 4374 594 4444 judiciorum
609 4372 775 4442 patllicorum
793 4379 866 4446 apud
883 4379 1019 4430 Romanor
1043 4374 1133 4441 (Lips.
1153 4376 1225 4426 179³.
1238 4373 1275 4439 4.)
1290 4387 1313 4422 c.
1379 4417 1382 4436 ,

55 4471 66 4516 l
104 4466 229 4615 py331ns
231 4463 359 4614 qvutlgirigs
378 4545 519 4599 Ciceronis
538 4544 702 4598 editionibus
722 4552 763 4598 est
782 4547 908 4600 Praetor.
933 4544 987 4598 Sed
1006 4557 1056 4610 pro
1076 4545 1207 4598 Praetore
1226 4545 1315 4608 legen-
