3030 5160
165 446 169 452 .
295 395 350 464 Da
377 397 557 468 Lnamtrn
581 399 829 468 Anarnronurs
853 397 1013 469 Succusa
1212 407 1280 475 181

46 592 155 654 omnes,
175 577 408 658 praeterquam
426 595 565 638 sorores.
587 573 687 640 Unde
701 573 997 638 Paulmssntms.
1017 577 1158 660 Recepti.
1175 576 1234 650 W·
1252 577 1283 642 8.

44 679 86 743 22.
105 681 254 742 umens
268 681 312 742 od
324 682 513 746 hereditates
531 684 686 765 legibilior
707 684 795 746 ultra
809 687 1061 766 comongm‘nece
1075 688 1283 750 successiones

44 788 327 852 coadunarentur.
349 787 438 875 Add.
453 789 590 875 Ulpiani
606 793 736 873 Fragm.
753 788 877 852 XXVI.
891 787 922 854 6.
945 789 1052 867 Quam
1068 792 1282 856 mutationem

40 893 309 979 jurisprudentiae
328 897 457 962 mediae
480 897 638 963 adscribit
655 897 842 982 imperator
860 898 889 958 d.
905 898 934 979 §.
949 896 979 960 8.
1002 897 1125 962 Paulus
1147 921 1228 964 vero
1247 899 1283 964 id

41 1007 103 1088 jure
118 1002 206 1066 civili
228 1003 406 1066 Voconiam
421 1009 542 1070 ratione
558 1005 778 1071 introductum
795 1024 866 1068 esse
885 1003 975 1067 dicit.
997 1003 1098 1081 Quod
1114 1006 1283 1089 quomodo

45 1113 77 1174 sit
90 1109 359 1195 intelligendum,
376 1111 505 1176 erudite
528 1119 699 1197 exponunt
714 1111 910 1176 Perizonius
927 1111 1012 1176 Dies.
1026 1114 1065 1176 de
1083 1115 1154 1196 lege
1171 1114 1283 1178 Vocon.

43 1240 67 1299 p.
79 1218 142 1281 106.
158 1240 203 1300 sq.
223 1216 449 1304 Schultingius
471 1221 652 1303 Jurs'sprud.
666 1222 862 1301 Antejustin.
877 1241 911 1300 p.
925 1218 997 1284 412.
1025 1220 1083 1299 (cf.
1102 1241 1200 1305 supra
1215 1220 1283 1284 Tit.

46 1325 66 1388 1.
75 1326 99 1406 §.
109 1326 137 1388 4.
151 1335 220 1390 not.
236 1324 286 1405 h.)
313 1325 441 1390 Tamen
457 1326 555 1392 ethis
574 1327 738 1394 consuluit
755 1327 908 1411 Praetor,
921 1327 1032 1394 edicto
1054 1329 1143 1392 Unde
1158 1332 1288 1411 cognati

45 1452 90 1496 eas
103 1432 142 1498 ad
157 1433 398 1508 successionem
415 1455 552 1500 vocans=
571 1436 602 1498 d.
617 1435 646 1518 §.
661 1435 737 1498 3.11.
756 1443 778 1496 t.
1042 1415 1045 1428 ¹

500 1665 507 1676 .
616 1589 697 1671 sa·

286 1699 346 1757 Quo
354 1699 422 1768 jure
440 1699 612 1752 successerunt
624 1706 718 1768 patrer
736 1696 906 1766 emaum'patir
923 1693 1031 1750 liberis?

117 1793 191 1858 Non
208 1797 439 1882 adgnationis,
456 1799 513 1863 sed
528 1808 721 1886 patronatus
729 1802 807 1886 jure
824 1799 922 1893 etiam
938 1795 1160 1862 succedebant
1175 1806 1285 1882 patres

51 1899 145 1966 liberis
168 1905 402 1989 emancipatis,
430 1927 512 1994 quos
542 1915 710 1972 contracta
732 1907 853 1972 fiducia
877 1906 1184 1991 emancipaverunt:
1205 1907 1234 1988 §.
1256 1905 1286 1969 8.

53 2009 112 2071 lust.
128 2011 155 2070 11.
168 2021 190 2072 t.
214 2011 318 2089 Quod
342 2013 517 2098 eleganter
532 2015 679 2100 explicat
698 2014 800 2100 Gajus
815 2016 893 2076 lust.
913 2015 938 2075 Ι.
953 2013 983 2076 6.
1001 2013 1030 2076 3.
1057 2014 1173 2075 flbmen
1190 2035 1287 2097 quum

52 2122 126 2179 tertio
144 2125 341 2204 muneraretur
353 2123 458 2200 suerit
477 2125 571 2206 filius
598 2145 619 2184 a
638 2133 733 2206 patre
753 2125 900 2184 naturali
912 2123 1084 2203 fiduciario
1103 2125 1204 2201 patri,
1233 2121 1289 2182 lsoc

55 2243 132 2303 agere
150 2227 236 2312 debet
257 2233 418 2293 naturalis
431 2239 537 2312 pater,
560 2241 597 2292 ut
615 2234 647 2291 ei
660 2252 680 2291 a
693 2231 865 2313 fiduciario
879 2235 977 2309 patre
994 2231 1235 2309 remancipetur,
1257 2236 1288 2290 rt
1385 2315 1388 2322 ,

55 2337 210 2398 anaturuli
219 2345 320 2418 putre
336 2343 594 2401 manumittetur:
610 2347 645 2398 ut
654 2381 663 2410 ,
689 2339 818 2418 sifllius
837 2337 890 2397 ille
912 2343 1055 2400 mortuus
1065 2334 1185 2411 fuerit,
1204 2337 1236 2412 ei
1255 2336 1289 2394 in

56 2434 202 2504 hereditate
218 2447 380 2506 namrale
392 2454 499 2526 poter,
512 2465 574 2506 non
581 2445 785 2528 fidum'arc'us,
804 2442 959 2505 succedat.
982 2439 1190 2503 Succedebat
1207 2460 1288 2524 ergo

57 2551 134 2623 pater
144 2547 216 2612 filiis
229 2551 460 2636 emancipatis,
472 2561 636 2638 tamquam
649 2559 817 2636 patronus,
832 2549 887 2614 vel
904 2548 1127 2639 manumissor,
1143 2547 1169 2611 si
1184 2547 1289 2612 inter-

58 2651 195 2730 posuisset
213 2655 307 2721 illam
324 2658 485 2723 fiduciam.
508 2659 567 2723 Sin
583 2679 654 2724 eam
670 2658 843 2740 omisisset,
860 2656 1059 2720 succedebat
1081 2655 1199 2718 eodem
1210 2657 1288 2741 jure

59 2767 133 2837 pater
151 2762 348 2830 fiduciarius.
370 2767 512 2830 Praetor
526 2775 637 2834 tamen
660 2764 801 2847 deinde,
818 2766 988 2850 aequitate
1011 2762 1154 2828 naturali
1170 2771 1288 2843 motus,

59 2872 372 2942 patremnaturalem
390 2875 523 2938 vocavit
550 2875 592 2938 ad
615 2874 775 2938 bonorum
800 2873 1039 2957 possessionem
1063 2871 1175 2934 edicto
1200 2871 1289 2932 Unde

58 2969 142 3038 &cem
162 3000 333 3058 personae:
354 2983 384 3064 §.
400 2981 429 3044 1.
452 2989 487 3046 et
500 2981 531 3046 2.
552 2984 632 3044 lust.
654 2983 694 3044 de
715 2983 797 3044 Bon.
814 3001 898 3062 pose.
924 2978 1128 3060 (Vidinfra
1150 2978 1218 3042 Tit.
1240 2977 1288 3041 X.

62 3073 140 3162 (lx.)
158 3084 185 3165 t·
198 3085 247 3169 7·)

616 3190 645 3271 1.
666 3188 697 3252 6.

431 3297 591 3350 Mutationer
608 3315 675 3350 neoc
686 3297 754 3367 jure
772 3295 896 3348 invectae.

126 3389 188 3456 Sed
202 3395 289 3460 haec
309 3395 421 3462 omnia
440 3396 550 3461 denuo
572 3399 711 3463 mutavit
720 3399 775 3482 jus
794 3393 959 3459 recentius
976 3417 995 3459 a
1010 3393 1197 3458 iustiniano
1220 3416 1289 3458 rna-

60 3490 131 3558 xime
145 3500 375 3568 introductum.
397 3504 484 3568 Nam
506 3506 613 3590 primo
637 3512 672 3567 et
693 3507 887 3568 remotiores
911 3503 1065 3588 adgnati,
1080 3503 1288 3586 propioribus

60 3594 260 3674 hereditatem
281 3613 549 3696 repudiantibus,
573 3610 684 3678 vocati
707 3620 781 3675 sunt
803 3633 864 3696 per
887 3610 1171 3692 constitutionem,
1199 3610 1289 3694 cujus

62 3713 188 3781 meminit
202 3720 390 3805 Imperator
404 3721 433 3802 ἓ.
447 3721 479 3786 7.
490 3723 568 3784 lust.
585 3725 614 3785 t.
631 3731 654 3784 t.
675 3709 809 3810 Deinde
824 3718 866 3782 ad
879 3719 1038 3804 adgnatas
1055 3718 1144 3802 quod
1159 3716 1290 3798 attinet,

62 3808 91 3874 iit
110 3817 189 3887 idern
206 3826 263 3912 jus
294 3827 387 3892 dedit
408 3829 628 3912 lastinianus,
656 3852 722 3914 quo
752 3828 888 3913 adgnati
909 3819 1130 3912 gaudebant,¹
1144 3823 1291 3910 quamvis

62 3915 124 3988 illae
144 3929 229 3998 haud
252 3942 362 4000 essent
382 3939 666 4022 consanguineae:
684 3939 722 4000 L'.
739 3957 814 4019 pen.
832 3936 864 3998 0.
884 3937 923 3998 de
938 3937 1039 4019 Legit.
1057 3934 1162 3996 iered.
1183 3932 1290 3996 Porro

63 4034 90 4088 θῖ
105 4031 217 4104 fiducia
231 4063 298 4105 non
314 4044 551 4129 ampliusopus
574 4055 660 4129 erat,
676 4054 850 4130 postquam
865 4042 1086 4122 Justinianus,
1106 4039 1198 4104 edita
1213 4061 1292 4102 con·

63 4135 232 4232 ⁸titutione,
251 4149 376 4234 voluit,
392 4161 427 4217 ut
444 4154 723 4239 emancipationes
744 4173 874 4238 semper
888 4149 1086 4235 interposita
1101 4147 1221 4212 fiducia
1241 4145 1291 4210 fa-

64 4247 123 4307 ctae
143 4252 356 4338 fingerentur:
379 4263 407 4343 §.
426 4261 455 4324 8.
475 4262 553 4326 inst.
571 4266 599 4324 b.
619 4272 640 4324 t.
663 4263 819 4346 Denique
842 4281 990 4342 omnem,
1007 4277 1092 4345 quae
1114 4257 1203 4318 inter
1217 4275 1292 4317 suos

66 4355 91 4410 tl
104 4365 314 4452 emancipatos
329 4369 570 4455 intercedebat,
586 4371 805 4440 differentiam
819 4368 949 4433 ratione
965 4364 1177 4432 successionis
1191 4361 1291 4448 plane
1324 4405 1326 4410 -

66 4466 176 4534 sustulit
190 4473 275 4540 idem
297 4477 499 4542 Justinianus
516 4480 594 4542 Noe.
614 4480 763 4542 CXVIII.
778 4479 825 4554 2.,
839 4479 906 4542 imo
928 4476 1063 4540 confusa
1079 4482 1153 4538 sunt
1168 4469 1293 4554 adgna-

67 4561 150 4637 tionis
163 4589 195 4643 et
210 4585 415 4668 cognationis
423 4587 502 4671 jura
516 4589 624 4651 eadem
639 4588 718 4649 Nov·
733 4587 763 4647 4·
1057 4665 1097 4726 31
