3040 5164
186 417 191 425 ·
255 384 310 454 Du
334 383 491 454 Usucsr.
517 381 572 450 Er
597 384 711 452 Loner
734 385 853 456 Turn.
880 388 1053 460 Pnsmcn.
1209 398 1281 467 385

41 563 240 644 servitutum,
255 581 276 624 a
296 558 512 645 prudentibus
526 558 674 642 invecta,
685 583 710 624 a
725 562 846 626 veteris
860 563 1143 650 jurisprudentiae
1159 547 1291 653 princi-¹¹

40 672 99 755 piis
112 669 278 734 videretur
293 669 488 732 abhorrere:
509 666 581 732 lata
597 667 726 732 demum
748 678 799 734 est
819 671 876 735 lex
892 671 1083 756 Scribonia,
1100 697 1164 759 qua
1179 678 1282 741 servi-

40 788 136 842 tutum
164 777 321 861 usucapio
343 776 475 860 penitus
498 773 629 840 sublata
656 784 722 840 est:
746 781 782 841 L.
803 775 833 840 4.
858 781 888 862 5.
909 781 965 842 als.
985 783 1028 844 D.
1051 783 1091 844 de
1116 781 1231 866 Umrp.
1252 793 1285 847 el
1358 763 1365 774 ⁴

41 907 120 948 usuc.
134 888 180 966 ΙΙ).
201 883 324 968 Neque
348 883 483 948 dubium
506 890 574 964 est,
600 883 678 967 quin
701 905 741 948 ea
763 884 820 949 lex
843 887 885 950 ad
906 903 1020 949 omnes
1040 887 1074 950 in
1096 889 1281 954 universum

42 993 204 1057 servitutes
219 991 433 1076 pertinuerit3
455 989 616 1076 siquidem
632 992 697 1054 hoc
714 993 769 1077 jus
782 993 936 1058 usitatum
953 995 1053 1060 fuisse
1069 996 1283 1080 generaliter,

43 1100 144 1164 scribit
157 1099 320 1184 Ulpianus
337 1100 375 1161 L.
390 1099 441 1162 10.
457 1100 485 1180 5.
501 1098 530 1160 1.
545 1099 587 1159 Ι).
609 1099 648 1160 de
669 1101 783 1183 Usurp.
799 1112 829 1165 et
850 1121 979 1184 usucap.
1001 1101 1161 1167 Attamen
1183 1106 1283 1170 etiam

43 1215 108 1292 post
119 1208 203 1271 hanc
218 1207 329 1290 legem
344 1207 389 1286 is,
405 1207 463 1291 qui
483 1206 586 1290 longo
603 1215 754 1292 tempore
773 1230 840 1272 non
856 1210 905 1292 vi,
927 1210 1108 1293 nccclam,
1128 1232 1190 1274 nec
1205 1232 1284 1295 pre-

45 1316 121 1378 cario
146 1311 220 1379 usus
249 1324 319 1379 erat
348 1315 524 1396 servitute,
554 1311 629 1375 utili
662 1315 793 1378 actione
818 1338 838 1380 a
860 1315 1021 1380 Praetore
1048 1319 1283 1404 adjuvabatur:

45 1425 74 1484 11.
86 1423 134 1484 10.
150 1445 202 1505 pr.
218 1424 261 1484 I).
278 1423 317 1484 Si
336 1426 440 1484 servit.
463 1423 547 1486 aad.
568 1421 710 1486 Demum
734 1430 767 1488 et
789 1424 992 1488 Justinianus
1015 1426 1125 1512 legem
1149 1427 1284 1490 Scribo-

46 1530 121 1592 niam
135 1531 211 1594 satis
232 1538 347 1615 aperte
364 1529 509 1611 sustulit,
526 1537 561 1592 et
577 1528 769 1594 servitutum
785 1553 930 1616 quoque,
947 1533 1158 1619 omniumque
1174 1556 1282 1600 rerum

48 1637 287 1723 incorporalium
304 1638 596 1724 praescriptionem
614 1637 760 1700 admisit:
775 1639 812 1702 L.
827 1642 882 1702 ult.
896 1641 929 1702 0.
943 1642 982 1703 ds
992 1641 1185 1725 Praescript.
1201 1645 1283 1726 imag.

48 1756 124 1827 temp.
138 1746 186 1810 cf.
201 1746 369 1812 Raevard.
384 1749 404 1810 l.
419 1767 445 1810 c.
460 1745 539 1809 Ant.
555 1744 737 1830 Schulting.
753 1747 870 1830 Jnrvsp.
885 1755 945 1810 vet.
960 1749 1109 1830 antejust.
1114 1772 1149 1832 p.
1156 1749 1228 1814 256.
1240 1771 1284 1834 sq.

618 1899 649 1989 §-
667 1896 697 1962 7.

259 2017 354 2086 Mesoa
367 2017 530 2085 possessione
548 2016 734 2083 :opinamini
752 2013 921 2069 immobilium
939 2017 1051 2072 maesta.

117 2118 286 2182 Hactenus
304 2118 352 2184 de
368 2133 595 2198 usucsrvorvs,
619 2116 672 2179 cui
693 2114 790 2200 leges
810 2116 1063 2200 decemvirales,
1086 2126 1123 2182 ut
1138 2118 1226 2202 dixi,
1249 2120 1284 2182 in

48 2226 132 2288 rebus
147 2225 326 2289 mobilibus
342 2226 431 2307 anni,
441 2226 475 2288 in
491 2223 599 2288 fundis
614 2223 742 2286 biennii
757 2224 895 2306 spatium
911 2227 1154 2308 praefinierunt.
1170 2225 1286 2303 Quan-

47 2332 213 2416 doquidem
230 2334 317 2396 enim
340 2343 419 2396 tuuc
434 2333 569 2396 civitate
584 2331 738 2416 agrisque
754 2342 918 2415 perpetuo
934 2335 1023 2396 cives
1039 2334 1285 2418 detinebantur,

45 2440 207 2525 rariusque
221 2441 339 2505 relicto
358 2441 462 2504 natali
478 2439 550 2503 solo
565 2439 665 2504 Italia
687 2439 803 2522 egredi
827 2452 1083 2505 consueverant:
1099 2447 1165 2503 tam
1181 2443 1284 2505 breve

47 2548 194 2631 temporis
216 2550 353 2633 spatium
369 2550 468 2612 rebus
486 2567 544 2611 usu
560 2546 788 2631 adquirendis,
803 2547 918 2612 habita
936 2529 1023 2612 inter
1045 2555 1235 2633 praesentes
1251 2557 1286 2614 et

49 2657 188 2721 absentes
203 2656 296 2722 nulla
312 2657 535 2737 distinctione,
551 2656 698 2720 sufficere
714 2656 930 2722 credebatur:
944 2658 1016 2748 Jac3
1031 2656 1198 2720 Raevard.
1217 2658 1287 2719 lsi·-

53 2765 106 2824 bon.
119 2787 142 2827 c.
153 2766 184 2826 4.
194 2787 229 2847 p.
244 2763 316 2828 ⁷72.
339 2764 448 2842 Quum
471 2784 552 2827 vero
575 2763 692 2826 sensim
708 2763 853 2828 Romani
873 2763 976 2849 longe
999 2763 1135 2850 lateque
1156 2765 1287 2848 profer·

53 2879 112 2934 rent
124 2873 254 2958 imperii
270 2873 362 2954 lines,
377 2873 496 2956 partim
512 2870 639 2953 edictis,
656 2871 774 2954 partim
791 2871 981 2955 Principum
997 2871 1285 2936 constitutionibus

53 2978 78 3040 in
92 2982 165 3064 ejus,
177 2981 271 3067 quod
286 2979 363 3066 lege
380 2981 516 3064 antiqua
525 2981 622 3043 rebus
637 2977 859 3041 immobilibus
871 2997 929 3040 usu
944 2979 1156 3063 adquirendis
1173 2982 1286 3046 datum

53 3086 161 3171 lucrat,
182 3088 283 3174 spatii
304 3086 431 3171 locum,
452 3095 589 3151 eatenus
609 3086 742 3170 longius
763 3086 921 3169 temporis
942 3086 1150 3150 intervallum
1177 3109 1287 3152 surro-

51 3196 110 3276 gari
124 3197 253 3280 coepit,
268 3202 322 3277 ut,
344 3195 401 3259 ubi
420 3194 576 3279 usucapio
594 3201 753 3276 cessaret,
773 3193 877 3258 veluti
891 3194 924 3254 in
941 3193 1085 3276 praediis
1099 3195 1287 3278 provincia-

50 3301 136 3386 libus,
152 3305 414 3388 praescriptione
430 3303 546 3366 saltem
561 3301 655 3386 longi
679 3302 836 3386 temporis
857 3301 921 3364 hoc
931 3303 986 3386 jus
1006 3309 1118 3386 posset
1140 3301 1286 3386 adquiri:

50 3409 105 3488 §.2
115 3412 193 3474 [ast.
209 3412 249 3472 de
265 3411 356 3473 Usus.
371 3417 414 3493 ο).
435 3411 534 3474 Unde
549 3430 602 3472 res
616 3409 802 3472 immobiles
817 3409 1038 3492 provinciales
1053 3432 1120 3474 non
1137 3411 1285 3494 biennio,

104 3619 134 3685 u)
156 3633 212 3670 von
224 3617 311 3688 Liihr:
325 3618 382 3670 Lea:
395 3615 547 3678 Scribonia,-
558 3616 587 3670 in
599 3595 861 3685 Dessen'Mcpazj.
876 3615 912 3668 lt.
932 3615 971 3668 W.
983 3632 1010 3669 u.
1025 3631 1048 3670 s.
1064 3632 1095 3670 w.
1108 3619 1139 3670 Τ.
1152 3619 1200 3670 llL
1213 3633 1286 3670 uum.

49 3703 69 3752 ³.
80 3717 102 3766 p.
119 3706 278 3757 rao—lae.
292 3702 380 3768 junct
396 3719 424 3769 p.
441 3703 542 3756 xxu.
560 3701 649 3755 Haud.

105 3789 134 3855 o)
157 3787 293 3856 Loquitur
310 3787 409 3840 hocin
426 3789 487 3840 loco
504 3786 675 3850 lastinianus
694 3786 729 3838 de
745 3785 827 3838 rebus
844 3781 951 3838 furtivis
969 3787 997 3835 et
1013 3783 1041 3836 vi
1058 3785 1203 3851 possessis,
1218 3801 1287 3854 quas
1402 3795 1410 3818 ¹

50 3873 124 3924 tamen
141 3889 160 3926 a
176 3871 253 3938 longi
276 3887 386 3940 quoque
406 3872 536 3938 temporis
554 3869 767 3938 praescriptione
785 3875 907 3922 exemtas
923 3869 1009 3927 luisse
1025 3869 1137 3924 minime
1154 3873 1288 3940 estquod

52 3954 201 4011 dubitemus.
229 3941 294 4009 Vid.
311 3959 345 4010 L.
357 3958 382 4010 Ι.
403 3957 433 4010 0.
451 3958 482 4008 dc
500 3969 568 4008 seru.
583 3957 668 4024 sapit.
684 3956 882 4009 Untcrholsner
901 3953 918 4005 l.
936 3952 954 4006 l.
971 3953 1002 4005 T.
1020 3954 1087 4020 1.p.
1110 3961 1167 4009 162.
1190 3958 1288 4026 Neque

53 4053 106 4092 vero
124 4039 223 4096 eadem'
238 4047 296 4094 erat
319 4042 361 4094 vis
379 4042 454 4108 longi
478 4040 608 4108 temporis
625 4039 861 4107 praescriptionis,
880 4045 961 4106 atque
978 4039 1168 4105 usucapionis,
1187 4047 1218 4094 ut
1235 4042 1289 4096 sibi

49 4128 208 4187 persuasisse
231 4128 339 4181 videtur
362 4125 536 4182 Heiueccius.
561 4125 682 4191 Etenim,
701 4127 763 4179 licet
780 4127 861 4180 lidcm
878 4123 1027 4176 habeamus
1045 4123 1213 4191 Justiuian0,
1228 4128 1287 4194 jam

48 4212 120 4264 veteri
136 4215 203 4280 jure
226 4211 255 4265 in
278 4229 335 4264 rem
358 4212 491 4264 actionem
514 4210 760 4278 praescribentibus
785 4210 869 4265 luisse
891 4210 1121 4263 accommodatam
1146 4213 1289 4265 affirmanti

51 4295 89 4358 (L.
102 4302 183 4368 eps.
200 4299 228 4351 0.
244 4279 276 4350 ds
289 4315 411 4366 praescr.
431 4297 535 4350 XXX.
551 4295 593 4348 vel
612 4296 674 4348 XL.
693 4300 813 4365 canoa),
830 4304 921 4349 tamen
938 4308 993 4346 non
1011 4309 1047 4345 ex
1062 4294 1210 4356 Quiritium
1225 4298 1290 4363 jure

49 4380 164 4438 dominus
176 4385 266 4447 tiebat,
281 4383 330 4434 scd
342 4383 425 4436 modo
443 4381 561 4434 inbonis
579 4398 635 4434 rem
650 4382 773 4448 habebat,
787 4380 834 4448 qui
846 4380 920 4448 longi
933 4367 1063 4445 temporis
1077 4378 1289 4446 praescriptione

50 4468 158 4522 munitus
182 4468 241 4522 suis
269 4468 311 4520 ef.
330 4467 461 4533 Schilliug
483 4466 581 4519 Leirb.
599 4467 620 4532 ξ.
639 4471 696 4520 163.
718 4472 773 4520 not
790 4484 815 4518 v.
834 4483 860 4532 p.
878 4469 937 4520 548.
955 4481 998 4534 sq.
1025 4465 1126 4518 Contra
1141 4481 1208 4518 vero
1226 4469 1288 4532 plus

49 4551 120 4606 cunm
138 4555 237 4609 virium
255 4553 341 4606 iuerat
359 4552 387 4605 in
412 4553 486 4619 longi
504 4551 633 4618 temporis
652 4550 880 4618 praescriptione,
898 4567 981 4620 quam
999 4552 1027 4606 in
1053 4548 1233 4616 usucapione,
1252 4548 1289 4602 si·
1343 4538 1347 4546 ’

1052 4636 1094 4697 25
