3056 5154
655 385 1113 474 mmmm,

786 563 817 645 s.
837 561 868 624 ε.

621 678 691 730 Olim
710 678 798 746 Reges
815 675 1041 748 adjudicabant.

287 781 452 843 Pluvn‘rrs
470 777 606 862 judiciis
629 779 854 862 magistratus,
881 788 916 842 et
940 779 1037 841 initio
1066 777 1199 862 quidem
1227 776 1355 859 Reges,
1381 784 1446 860 post
1524 733 1525 804 i

206 885 378 968 Consules,
395 887 540 968 denique
554 885 731 948 Praetores
747 896 932 966 praeerant.
954 885 1008 950 De
1023 885 1176 968 Regibus
1192 884 1370 967 Dionysius
1384 883 1446 945 Ha-

204 993 318 1056 licarn.
333 995 373 1056 X.
389 995 417 1054 l.
445 992 490 1058 Τὸ
511 993 564 1072 μὲν
578 992 704 1078 οἷρχαῖον
720 999 749 1057 σί
773 987 910 1077 βασιλεῖς
930 993 1029 1058 οὖνῶν
1047 992 1205 1057 ἐτάττοντο
1224 1005 1288 1064 τοῖς
1305 991 1446 1072 δεομένοις

178 1101 262 1188 ἱτοὶς
282 1100 382 1178 δίκας,
406 1095 514 1163 καὶτὸ
537 1097 702 1164 δικαιωθὲν
726 1100 779 1163 ὑπ’
802 1103 921 1164 ἐκείνων
942 1103 1032 1164 τοῦτο
1056 1097 1148 1180 νόμος
1172 1089 1221 1180 ἦν.
1248 1099 1329 1158 otim
1352 1117 1447 1158 aarum

205 1208 311 1288 Reges
325 1209 382 1288 jus
403 1207 579 1287 petentebus
597 1205 876 1280 constituebantur,
895 1215 990 1288 atque
1009 1209 1078 1266 lites
1101 1205 1304 1278 ds’rr'rnebantr
1325 1214 1360 1265 et
1378 1205 1448 1284 quad

206 1315 245 1376 ab
266 1315 327 1374 illis
339 1315 458 1392 suisset
471 1313 668 1394 judicatum,
689 1313 723 1372 ιἰλ
745 1315 807 1373 ur'rn
829 1315 907 1394 lega
928 1312 1068 1374 babebat.
1097 1311 1192 1375 Idem
1213 1306 1328 1374 auctor
1349 1311 1390 1372 II.
1405 1309 1447 1372 lt.

206 1420 311 1504 Regis
325 1421 403 1504 jura
420 1419 596 1502 muniaque
617 1417 807 1480 describens
826 1419 886 1482 ait:
904 1425 1035 1484 Βασιλεῖ
1048 1421 1102 1501 μὲν
1121 1410 1176 1484 οὖν
1193 1417 1316 1508 ἐξῄρητο
1331 1417 1399 1482 τάδε
1417 1418 1448 1480 ru*

208 1533 287 1612 γέρα·
302 1531 424 1608 πρῶτον
441 1526 504 1606 μὲν,
525 1529 612 1608 ίεριδν
628 1529 679 1590 καὶ
695 1530 819 1590 θυσιῶν
833 1527 995 1609 ἡγεμονίαν
1007 1530 1091 1612 ebear,
1106 1529 1158 1592 καὶ
1171 1524 1273 1591 πάντα
1288 1525 1329 1588 δι’
1343 1528 1447 1588 ἐκείνου

206 1630 405 1714 πράττεσθαι
425 1629 464 1696 τὰ
490 1628 569 1713 πρὸς
593 1631 666 1706 τοὺς
690 1631 786 1707 θεοὺς
813 1627 892 1697 lora
919 1637 1040 1708 ἔπειτα,
1070 1631 1170 1716 νόμον
1195 1660 1227 1698 τε
1252 1635 1303 1697 καί
1326 1639 1449 1714 πατρίαν

207 1741 346 1822 ἐθισμῶν
369 1736 513 1821 φυλακὴν
531 1749 703 1813 ποιεῖσθαι,
723 1742 775 1804 καὶ
792 1735 906 1814 παντὸς
927 1743 984 1804 τοῦ
1001 1737 1077 1804 κατὰ
1096 1739 1189 1822 φύσιν
1205 1738 1225 1823 ἢ
1245 1737 1324 1804 κατὰ
1343 1735 1448 1820 συνδή-

207 1873 263 1920 κας
279 1846 400 1909 δικαίου
420 1857 571 1928 προνοεῖν.
591 1827 643 1906 Aa
656 1847 756 1927 Regis
778 1849 899 1928 qra'dem
917 1849 994 1908 baec
1010 1851 1119 1908 munia
1136 1847 1250 1908 animia
1265 1867 1334 1908 ease
1345 1849 1448 1926 jussal:

205 1957 358 2034 primurm,
383 1961 419 2014 at
434 1972 597 2012 σασνονιιυι
619 1961 649 2012 et
667 1956 892 2034 saore‘flor'orum
910 1957 1122 2034 principatum
1145 1953 1288 2024 baberet,
1306 1962 1338 2013 et
1356 1971 1447 2013 onnes
1525 2009 1526 2056 r

132 2049 136 2060 ’
202 2077 261 2120 res
274 2059 404 2120 ¹dr'rn‘nae
423 2079 461 2119 ae
478 2063 554 2138 piae
570 2079 631 2138 per
652 2079 723 2119 eum
747 2071 931 2140 agerentur.
953 2061 1089 2130 Deinde,
1108 2069 1146 2120 ut
1163 2062 1267 2140 legum
1286 2081 1324 2120 uo
1343 2079 1447 2119 moran

206 2169 381 2247 patriorum
405 2174 509 2226 custos
525 2173 621 2237 esset,
646 2175 678 2226 et
695 2171 792 2228 oannis
808 2169 895 2247 juris
912 2168 1069 2228 naturalis
1090 2175 1122 2227 et
1139 2187 1180 2228 ea·
1200 2171 1359 2228 σουυιιιιιιι·
1368 2167 1448 2226 λαοί
1525 2221 1526 2240 ,

104 2352 106 2363 y
209 2293 283 2333 ιιιιοι
299 2293 450 2335 consensu
459 2279 614 2354 pactoque
627 2277 739 2353 sorr'ptr'
750 2293 859 2334 auram
873 2281 1007 2354 gereret.
1081 2271 1083 2276 ’

795 2455 873 2536 §.a
945 2511 947 2516 .

707 2571 807 2622 Postea
828 2571 961 2624 Grandes.

294 2667 418 2752 Ejectis
431 2641 603 2752 Regibus,
615 2667 803 2751 jurisdictio
821 2671 905 2733 haec
927 2672 970 2736 ad
991 2670 1151 2735 Consules
1172 2669 1288 2736 delata
1308 2679 1366 2736 est
1386 2671 1452 2749 Qua

211 2773 253 2836 de
267 2795 304 2836 re
319 2774 407 2837 idem
422 2774 600 2857 Dionysius
617 2774 787 2839 Halicarn.
800 2778 885 2840 XI.
900 2780 961 2854 Ὡς
977 2779 1009 2844 δὲ
1026 2779 1199 2866 εἰιιίυσανιο
1213 2780 1452 2865 μοναρχοίμεκοι,

211 2895 273 2956 ταῖς
293 2889 359 2946 κατ’
375 2881 516 2947 ἐνιαυτὸν
537 2881 742 2948 ὑπατεύουσιν
760 2883 898 2950 α’νὲκειτε
920 2883 956 2950 τά
976 2912 1008 2950 τε
1027 2885 1106 2952 ἄλλα
1125 2889 1185 2950 τῶν
1206 2891 1358 2970 βασιλέων
1381 2891 1454 2967 ἔργα,

210 2991 261 3052 καὶ
281 2989 300 3071 ἡ
321 2992 380 3052 τοῦ
397 2987 516 3054 δικαίου
537 2985 706 3072 διάγνωσις,
724 2995 776 3056 καί
797 3005 861 3066 τοῖς
879 2992 1108 3077 ἀμφισβητοῦσι
1122 2993 1201 3074 πρὸς
1222 2993 1374 3076 ἀλλήλους
1390 2993 1456 3076 ὑπὲρ

212 3093 420 3176 ὃτουδήτινος,
442 3099 548 3159 ἐκεῖνοι
568 3095 606 3159 τὰ
626 3096 729 3162 δίκαια
752 3104 781 3162 οἱ
801 3096 988 3180 διαιροῦντες
1005 3091 1095 3182 ἦσαν.
1123 3102 1257 3181 Imperio
1283 3122 1305 3160 a
1323 3101 1457 3182 Regibus

211 3202 255 3260 ad
274 3221 392 3261 aunum
413 3203 580 3264 Consulum
597 3208 817 3286 magistratum
836 3209 1001 3279 translato,
1026 3211 1108 3268 inter
1126 3216 1232 3268 cetera
1251 3211 1342 3288 regia
1364 3207 1457 3288 affficrb

206 3311 293 3391 juris
317 3329 435 3390 quoque
455 3310 588 3392 cognitio
615 3313 653 3370 ι’ίε
676 3313 793 3372 tributa
821 3323 886 3373 est:
913 3323 1007 3396 atque
1031 3315 1080 3373 ι’ίίι·
1098 3315 1165 3373 lites
1184 3316 1268 3374 anter
1289 3317 1457 3396 litigatores

212 3435 405 3494 quacumque
422 3417 461 3476 de
476 3438 591 3479 caussa
607 3426 693 3478 ortas
706 3419 784 3497 jure
802 3420 995 3503 decidebant,
1014 3417 1069 3482 vel
1088 3419 1213 3502 potius,
1222 3419 1278 3502 jus
1298 3420 1458 3484 dicebant

212 3519 304 3608 Idem
322 3520 421 3582 docet
441 3523 552 3586 Livius
568 3523 672 3584 1a27.
695 3524 753 3586 ubi
776 3525 818 3587 de
839 3525 952 3609 Appio
970 3525 1127 3589 Claudio:
1152 3529 1291 3607 Apinius,
1313 3565 1353 3578 -
1372 3549 1458 3610 qaam

212 3631 382 3708 asperrime
399 3637 540 3708 poterat,
558 3633 617 3711 jue
634 3631 673 3691 de
694 3634 817 3695 creditis
834 3636 977 3714 pecuaris
997 3633 1107 3695 debere.
1129 3633 1256 3696 Eadem
1273 3633 1458 3718 jurisdictio

213 3735 311 3796 etiam
335 3741 436 3818 penes
460 3735 542 3798 alios
566 3737 771 3820 magistratus
795 3721 883 3821 erat,
905 3742 962 3823 qui
984 3739 1156 3813 Consulari
1177 3747 1347 3824 potestate
1365 3763 1459 3825 prae-

214 3850 308 3904 erant
321 3841 537 3925 reipublicae,
553 3843 666 3926 quales
682 3845 886 3930 aliquamdiu
897 3847 1088 3912 Decemviri
1104 3857 1138 3911 et
1154 3848 1296 3911 Tribuni
1313 3848 1457 3927 militum,

212 3969 452 4034 nonnumquam
478 3949 576 4012 etiarn
598 3951 788 4016 Dictatores
805 3947 907 4018 erant.
937 3955 991 4018 De
1010 3954 1216 4018 Decemviris
1234 3975 1313 4018 sane
1337 3955 1373 4018 id
1394 3956 1458 4018 cla·
1525 3969 1527 3992 ¹

211 4056 367 4120 rissimum
385 4063 493 4118 estex
511 4056 608 4122 Livio
624 4061 682 4122 III.
700 4059 750 4124 33.
764 4061 820 4144 qui
836 4061 950 4123 dearino
964 4063 1013 4124 dr'e
1025 4065 1084 4144 jus
1098 4065 1214 4144 populo
1232 4067 1377 4144 singulos
1390 4065 1456 4124 red·
1525 4151 1526 4170 Χ

209 4165 326 4238 Ιιίίοίιέιο
340 4171 487 4228 testatur.

790 4313 819 4392 ρ.
841 4312 871 4372 4.

372 4418 412 4470 Aa
431 4419 532 4472 demum
548 4422 695 4474 Praetores
713 4433 739 4474 et
756 4425 871 4478 Aediles.
890 4427 926 4478 Er
942 4429 970 4478 in
984 4427 1129 4494 prouinciis
1147 4425 1302 4479 Praesides.

293 4516 466 4581 Postremo
482 4521 567 4603 juris
590 4521 724 4586 dicundi
750 4531 897 4609 potestas
917 4526 951 4588 in
968 4529 1049 4589 urbe
1069 4525 1110 4590 ad
1126 4527 1323 4592 Praetorem
1350 4523 1454 4588 delata

1521 4217 1526 4265 t
