3062 5156
213 411 285 477 238
592 403 775 470 Aorsrmx
799 401 874 469 Lru.
893 397 924 470 l.
949 401 1035 470 Car.
1062 405 1089 470 Ι.

212 579 408 663 plerumque
424 578 591 642 fictionem
605 576 778 662 quamdam
796 575 976 642 adhibitam
993 599 1065 641 esse
1080 579 1236 642 observat
1256 577 1335 642 Ger.
1350 553 1465 644 Noodt

212 687 347 748 Probat.
365 687 424 746 ΙΙΙ.
441 685 490 746 12.
504 706 536 766 p.
552 684 601 746 85.
628 683 699 747 Hoc
715 684 801 746 enim
813 687 908 766 juris.
924 694 994 760 crat
1011 708 1031 747 a
1048 689 1219 768 majoribus
1236 687 1414 768 prodam,
1432 696 1465 750 ut

210 815 302 856 nemo
317 796 391 855 civis
409 793 587 865 Ronanus,
606 803 665 854 out
681 810 911 868 arausicanum,
929 803 986 854 aut
1003 797 1173 866 ciuitatem,
1191 797 1464 874 pessumdare,

212 905 278 962 nisi
295 904 362 982 ipse
377 899 611 976 auctorsactus
635 909 733 961 esset:
752 899 860 982 inquit
880 899 999 962 Cicero
1020 921 1081 982 pro
1104 901 1194 962 domo
1210 920 1235 962 c.
1255 900 1306 963 29.
1334 900 1404 963 Sed
1425 900 1464 962 de

192 1009 432 1091 'ingenuorum
461 1006 758 1089 libertinorumque
784 1007 977 1070 conditione
1007 1007 1084 1070 satis
1108 1027 1273 1092 superque
1294 1007 1361 1070 suis
1384 1005 1464 1068 locis

166 1158 169 1164 -
213 1115 335 1178 dictum
358 1122 423 1193 est,
443 1112 526 1175 nihil
549 1121 584 1175 ut
609 1112 663 1175 hic
692 1113 879 1176 addendum
904 1137 923 1178 a
949 1115 1045 1177 nobis
1071 1115 1241 1196 videatur,
1262 1121 1397 1198 praeter
1422 1113 1463 1194 id,

214 1222 364 1286 eamdem
382 1220 571 1284 libertatem
589 1221 678 1283 cives
696 1220 854 1283 immunes
869 1243 889 1284 a
906 1223 1099 1284 verberibus
1116 1222 1355 1305 tormentisque
1370 1242 1465 1303 proe-

213 1331 341 1393 stitisse.
363 1329 473 1406 Quum
489 1328 576 1391 enirn
593 1327 719 1391 servilis
734 1329 796 1392 ista
811 1349 921 1412 poena
936 1329 1116 1410 videretur,
1131 1351 1198 1392 non
1214 1337 1348 1411 poterat
1364 1329 1464 1412 major

214 1439 278 1501 civi
297 1438 450 1501 Romano
472 1437 592 1520 injuria
611 1436 700 1516 fieri,
718 1457 820 1518 quam.
838 1436 868 1498 si
892 1437 964 1520 quis
987 1438 1179 1501 verberibus
1197 1437 1343 1520 dirisque
1365 1456 1464 1518 quae-

213 1546 373 1609 stionibus
387 1543 422 1605 in
439 1545 508 1628 ejus
530 1545 646 1627 corpus
669 1543 847 1607 saeviisset.
869 1544 1067 1628 Exemplum
1087 1553 1137 1608 est
1154 1545 1242 1628 apud
1262 1543 1386 1606 Ascon.
1401 1541 1464 1604 Pe-

98 1715 100 1724 ,
214 1654 349 1716 dianio
369 1652 505 1713 Cicerae.
523 1659 601 1713 orat.
615 1671 674 1732 pro
692 1651 831 1712 Cornelio
841 1672 875 1732 p.
891 1651 962 1713 128.

788 1807 816 1915 g.
838 1833 889 1896 ao.

540 1948 634 2002 Liberi
649 1967 750 2019 quoquc
768 1968 785 2002 o
802 1949 937 2002 dominatu
954 1959 1137 2017 tyrannoram.

297 2052 370 2115 Nec
391 2048 496 2112 minus
516 2050 675 2113 immunes
698 2059 792 2114 erant
817 2051 904 2114 cives
920 2051 1064 2114 Romani
1086 2054 1126 2114 ab
1145 2051 1330 2134 impotente
1352 2067 1462 2131 regum

214 2159 451 2226 dominatione.
473 2159 567 2242 Lege
591 2157 678 2220 enim
699 2158 892 2241 tribunicia,
912 2159 982 2222 lata
1005 2181 1023 2220 a
1045 2158 1147 2221 Junio
1168 2159 1290 2239 Bruto,
1315 2156 1462 2220 Tribuno

215 2270 385 2349 Celerum,
404 2288 442 2330 ac
462 2265 576 2350 paullo
598 2275 672 2350 post
696 2266 802 2349 primo
827 2265 987 2347 Consule,
1013 2267 1121 2329 fuerat
1146 2273 1292 2347 cautum,
1314 2272 1351 2327 ut
1369 2287 1462 2328 nemo

213 2379 342 2443 Romae
358 2383 525 2458 regnaret,
544 2374 709 2437 obstrictis
726 2372 820 2442 simul
831 2374 1048 2458 jurejurando
1067 2375 1204 2454 civibus,
1222 2394 1280 2436 eos
1300 2373 1463 2435 neminem
1524 2399 1525 2410 ¹

214 2506 365 2570 passuros
384 2483 513 2546 Romae
540 2503 699 2566 regnare:
725 2481 864 2566 Dionys.
885 2479 995 2543 Halic.
1018 2481 1075 2546 IV.
1098 2480 1148 2543 85.
1174 2481 1208 2543 V.
1227 2480 1256 2542 l.
1277 2480 1392 2543 Liv.I.
1413 2483 1463 2541 ult.

213 2592 301 2654 ΙΙ.1.
331 2589 507 2673 Qualege
524 2590 703 2654 tribunicia
724 2610 822 2673 quum
847 2588 936 2650 omni
955 2572 1123 2671 tyrannidi
1139 2589 1193 2653 via
1212 2588 1344 2655 occlusa
1364 2595 1463 2652 esset:

214 2702 329 2764 mirum
345 2697 498 2780 profecto
519 2718 585 2760 non
607 2707 668 2780 est,
687 2704 821 2782 gentem
839 2696 972 2759 Juniam
993 2697 1172 2779 praecipue
1188 2697 1231 2760 de
1248 2717 1289 2758 ea
1306 2716 1377 2758 esse
1393 2696 1464 2779 glo·

214 2809 342 2888 riatam,
363 2806 534 2890 numisque
554 2806 619 2868 suis
636 2815 734 2889 caput
751 2803 931 2869 Libertatis
946 2804 1151 2887 praetulisse,
1164 2827 1235 2867 cum
1248 2803 1463 2886 inscriptione

100 2940 105 3004 j
140 2924 142 2927 ’
215 2929 393 2980 Lruuss‘ras:
418 2911 492 2977 Car.
510 2912 618 2976 Patin.
641 2916 754 2975 Famil.
775 2914 863 2974 Rom.
883 2935 917 2993 p.
933 2911 1004 2974 139.
1029 2912 1184 2978 Adcessit
1206 2920 1323 2996 postea
1346 2912 1462 2974 eodem

118 3099 141 3115 Γ
173 3083 175 3088 ,
215 3045 302 3086 auno
318 3023 392 3086 Lex
406 3020 555 3102 Valeria,
578 3043 643 3106 qua
661 3030 800 3102 cautum,
819 3028 855 3084 ut
871 3019 997 3084 indicta
1012 3042 1126 3086 caussa
1139 3021 1395 3100 interficeretur,
1412 3019 1463 3104 qui

214 3131 309 3214 regni
332 3128 516 3212 occupandi
544 3129 672 3192 iniisset
696 3127 851 3207 consilia,
873 3126 975 3210 idque
1005 3128 1138 3212 impune
1160 3130 1264 3194 ferret
1284 3148 1463 3214 percussor,

214 3239 241 3302 si
259 3238 382 3302 indicia
400 3236 534 3302 sceleris
550 3237 821 3299 demonstrasset:
842 3233 1009 3296 Plutarch.
1024 3241 1076 3298 vit.
1094 3239 1208 3318 Poplic.
1225 3235 1275 3299 12.
1293 3236 1366 3298 Liv.
1382 3233 1463 3298 Its

213 3346 281 3409 Pro
304 3345 354 3407 his
371 3344 503 3428 legibus
525 3343 590 3408 dici
614 3365 681 3406 non
703 3349 814 3427 potest
838 3350 961 3428 quanta
983 3344 1164 3410 certamina
1183 3365 1244 3428 per
1266 3346 1463 3430 quingentos

215 3474 318 3516 annos
334 3453 454 3516 adierit
469 3453 610 3536 populus
625 3451 805 3533 Romanus,
820 3433 967 3534 quamvis
981 3452 1145 3536 impedire
1162 3452 1248 3518 baud
1264 3453 1386 3536 potuit,
1401 3471 1462 3535 quo

123 3637 128 3643 .
215 3559 319 3622 minus
339 3581 399 3623 eae
421 3560 549 3622 demum
567 3583 586 3622 a
602 3560 639 3621 L.
659 3558 768 3640 Sulla,
784 3581 823 3621 ac
841 3559 963 3622 deinde
985 3581 1006 3622 a
1023 3559 1115 3623 Julio
1134 3561 1275 3623 Caesare
1295 3558 1463 3622 convelle-

214 3679 337 3750 rentur,
359 3668 400 3729 ab
418 3667 570 3752 Augusto
590 3688 670 3730 vero
697 3667 832 3753 ejusque
855 3668 1092 3730 successoribus
1115 3669 1247 3752 penitus
1274 3669 1463 3751 exstingue-

214 3784 338 3856 rentur,
359 3777 519 3861 siquidem
542 3775 592 3857 bi,
616 3775 805 3858 adspernati
827 3778 861 3840 in
889 3777 1031 3860 speciem
1054 3777 1180 3859 regium
1206 3797 1346 3856 nomen,
1368 3774 1462 3839 titulo

215 3883 404 3967 Principum
425 3885 536 3946 omnia
556 3883 801 3969 magistratuum
820 3883 999 3969 legumque
1021 3884 1131 3947 munia
1155 3885 1196 3947 ad
1221 3904 1257 3946 se
1278 3889 1462 3947 traxemnt:

127 3979 130 3984 ¹
215 3991 323 4055 Tacit.
341 3987 456 4054 Annei.
474 3991 498 4053 I.
515 3989 544 4050 1.

790 4130 819 4210 §-
839 4129 890 4192 27.

600 4245 693 4299 Liberi
708 4263 725 4296 a
743 4246 847 4298 licentia
865 4249 1073 4316 mapt'strotuum.

298 4349 424 4412 Eadem
443 4371 541 4434 porro
556 4348 693 4413 libertas
715 4347 803 4433 cives
823 4347 982 4420 immunes
1001 4351 1191 4433 praestabat
1209 4373 1228 4414 a
1248 4347 1383 4414 duriore
1399 4370 1463 4410 ma-

216 4456 407 4540 gistratuum
424 4457 574 4541 imperio.
596 4458 701 4519 Latae
718 4455 802 4520 banc
819 4456 852 4519 in
867 4479 935 4520 rem
953 4459 1086 4522 fuerant
1103 4457 1197 4541 leges
1213 4455 1374 4522 Valeriae
1395 4454 1461 4520 al'·

217 4564 354 4658 Valerio
378 4564 554 4647 Poplicola
574 4564 735 4645 Consule,
757 4565 799 4627 de
823 4566 939 4648 quibus
963 4566 1076 4628 Livius
1100 4567 1141 4626 II.
1164 4564 1194 4626 8.
1228 4565 1333 4626 Latos
1356 4561 1463 4623 demde
