3062 5156
517 393 705 460 Aussnmx
730 393 832 460 Lranr
857 393 883 460 l.
1121 399 1126 406 '
1182 457 1186 465 .
1259 402 1333 470 22³
1386 391 1392 398 ¹

684 609 692 628 .
714 567 745 628 1.

114 685 146 738 la
164 685 287 737 Romano
305 683 417 751 imperio
434 681 482 734 alii
497 691 576 736 mat
592 567 736 747 ω’νηῗώῖ
750 683 849 744 latim,
868 681 915 736 stt
931 681 1030 744 Italici,
1049 683 1098 738 atta·
1109 649 1297 756 provinciales.

156 802 208 864 Ex
228 822 296 885 quo
311 800 419 862 Roma
437 800 534 862 initio
551 821 612 883 per
626 800 775 880 Latium,
794 806 863 862 tum
880 821 941 883 per
957 799 1107 879 Italiam,
1127 821 1164 864 ac
1186 803 1330 889 denique

82 929 137 992 per
158 891 342 970 unirersum
370 927 478 990 paene
499 915 658 972 terrarum
686 905 802 970 orbem
829 926 918 970 arma
942 907 1091 974 victricia
1117 910 1331 976 circumtulit:
1438 980 1442 992 ⁸

83 1016 317 1100 quadripartita
338 1036 408 1076 esse
433 1015 546 1098 coepit
569 1015 737 1078 hominum
762 1013 838 1076 huic
862 1014 1001 1098 imperio
1024 1017 1245 1101 subjectorum
1265 1019 1332 1083 dif-

82 1124 222 1185 ferentia.
245 1122 327 1185 Alio
344 1123 430 1185 enim
447 1123 525 1207 jure
542 1138 650 1203 crvas,
673 1120 740 1183 alio
756 1137 885 1202 carrus,
905 1121 971 1185 alio
991 1140 1129 1206 inauret,
1145 1125 1213 1190 alio
1235 1126 1331 1191 deni·
1370 1107 1374 1112 ¹

82 1251 140 1316 que
154 1245 398 1293 rsovrucrsass
419 1231 598 1294 utebantur
610 1229 656 1312 ¹³).
674 1229 809 1293 Priores
826 1237 892 1295 tres
910 1229 1030 1314 gradus
1046 1231 1219 1318 conjungit
1230 1234 1331 1299 Clau-

81 1337 146 1401 dius
163 1337 244 1421 Imp.
263 1337 351 1422 apud
371 1337 479 1402 Tacit.
496 1339 612 1400 Annei.
629 1337 686 1398 XI.
700 1335 751 1398 24.
779 1337 901 1418 Omnia,
922 1337 1039 1399 Patr-ea
1059 1345 1233 1422 conscripti,
1250 1363 1331 1423 quoe

80 1469 159 1509 nunc
172 1450 382 1508 vetustissima
401 1448 587 1518 creduntur,
606 1465 685 1506 noca
697 1445 814 1522 fuere:
826 1446 946 1526 plebeji
960 1450 1167 1527 magistratus
1183 1458 1258 1530 post
1270 1472 1331 1532 po-

80 1557 192 1626 tricioa5
209 1573 340 1615 aarum
350 1563 425 1635 post
433 1555 589 1636 plebejos:
604 1561 782 1614 ceterorum
799 1571 945 1612 nasus
956 1559 1097 1635 gentium
1105 1561 1180 1636 post
1191 1555 1330 1619 Latinos.

80 1661 187 1725 Habes
204 1661 259 1723 hic
278 1679 391 1743 cives,
416 1683 459 1725 ex
476 1661 593 1746 quibus
610 1659 768 1740 Patricii,
790 1667 824 1720 et
839 1658 966 1744 plebeJ'i
982 1659 1190 1746 magistratus
1210 1659 1330 1727 creati:
1367 1706 1371 1714 -

79 1771 173 1833 habes
190 1786 340 1833 Larisos
363 1777 397 1834 ct
415 1785 589 1850 ITALwOS,
607 1767 655 1831 ita
676 1769 887 1852 conjunctos,
914 1776 950 1831 ut
968 1768 1155 1854 intelligas,
1175 1775 1330 1834 civitatem

74 1881 145 1960 jure
164 1878 263 1952 Latii,
283 1877 348 1940 hoc
360 1881 438 1960 jure
461 1879 569 1939 Italico
591 1876 805 1960 praestitisse.
828 1877 981 1939 Omnium
1001 1887 1189 1962 postremae
1213 1879 1330 1944 condi-

79 1986 171 2049 tionis
186 1993 281 2048 erant
299 1999 553 2065 rttovrttcrsass,
570 2004 652 2066 quos
667 1984 746 2046 ideo
762 1984 887 2047 Italicis
906 1987 1079 2070 postponit
1092 1987 1184 2052 Suet.
1201 1989 1329 2071 Vespos.

78 2117 99 2156 c.
114 2093 144 2156 9.
165 2095 383 2176 Amplissimos
400 2094 541 2166 ordines,
563 2101 595 2154 et
616 2079 784 2154 essaenos
804 2094 899 2154 caede
919 2099 1026 2168 corio,
1047 2106 1077 2158 et
1103 2101 1329 2161 contaminatos

77 2205 170 2264 ceteri
186 2203 390 2284 negligentia,
410 2204 571 2283 purgavit,
586 2201 815 2282 supplevitque,
830 2235 872 2246 -
883 2201 1094 2264 honestissimo
1114 2224 1235 2286 quoquo
1253 2225 1328 2266 rra-

77 2329 219 2370 mconurs
235 2331 273 2370 oc
288 2328 571 2370 raorrncrsarrru
590 2309 716 2370 adiecto.

659 2490 687 2572 s.
709 2488 738 2552 a.

525 2605 672 2674 Pereprirsi
690 2606 736 2676 qai
742 2603 872 2673 suerint!

152 2723 363 2807 Quicumque
382 2721 524 2786 civitatis
540 2725 616 2808 jure
635 2745 702 2788 non
725 2723 929 2808 fruebantur,
949 2725 973 2789 ii
994 2725 1162 2790 veteribus
1185 2741 1327 2806 HosrttS,
1384 2707 1392 2714 ι

83 2839 112 2895 et
129 2833 243 2917 paullo
269 2838 364 2916 post,
392 2830 517 2894 inflexa
539 2831 571 2895 in
604 2831 748 2898 deterius
774 2834 870 2918 hujus
897 2834 1052 2898 vocabuli
1074 2813 1347 2919 significatione,-

138 3055 257 3123 b).Jam
281 3055 442 3108 sententiam
466 3055 536 3107 hanc
560 3051 673 3121 Sigonii,
698 3055 732 3106 dc
756 3053 953 3122 quadripartita
976 3055 1108 3108 lominum
1136 3055 1246 3124 imperio
1270 3055 1328 3108 Rc·

79 3156 146 3194 mano
163 3141 343 3211 subjectorum
362 3140 524 3203 differentia,
542 3140 664 3192 omnium
682 3141 852 3194 eruditorum
868 3143 969 3207 plausu
987 3137 1137 3191 eliminavit
1154 3140 1188 3192 de
1206 3141 1327 3208 Savigny

79 3223 176 3280 duabus
194 3224 470 3288 commentationibus
490 3225 569 3278 docte
587 3231 669 3294 atque
691 3227 828 3292 eleganter
851 3223 973 3292 scriptis,
990 3226 1088 3277 altera:
1114 3223 1181 3278 iiber
1200 3227 1242 3278 die
1258 3227 1327 3278 Est-

78 3310 179 3382 rtalsmy
196 3314 256 3364 und
273 3311 448 3380 Fortbildurrp
467 3311 515 3362 der
531 3311 675 3362 Latinitaet
693 3310 733 3362 als
751 3312 821 3364 eines
838 3312 946 3380 ciperem
966 3311 1080 3365 &andes
1096 3310 1132 3361 im
1150 3307 1217 3360 riim.
1235 3309 1326 3362 &octe

80 3395 220 3461 (zeitschr.
233 3399 253 3450 f.
269 3398 359 3464 gesch.
374 3398 407 3449 R.
423 3395 471 3448 W.
490 3397 522 3448 Τ.
540 3395 575 3447 V.
590 3395 639 3447 Nr.
649 3395 709 3464 V.),
728 3397 824 3448 altera:
842 3395 909 3448 iiber
921 3398 968 3450 das
978 3398 1029 3466 jus
1042 3395 1165 3448 Italicum
1182 3393 1262 3462 (ibid.
1278 3395 1326 3448 Nr.

78 3479 134 3548 Vl).
163 3485 201 3536 Et
217 3486 242 3535 is
261 3483 372 3551 quidem
393 3481 500 3536 invictis
519 3481 684 3550 argumentis
699 3482 799 3546 docuit,
818 3483 979 3552 tripartitam
997 3482 1082 3535 tuisse
1099 3479 1240 3534 hominum
1259 3481 1326 3532 libe-

78 3581 169 3634 rorum,
188 3570 256 3636 imp.
276 3571 355 3622 Rom.
373 3567 566 3635 subjectorum,
585 3567 780 3622 conditionem:
798 3567 899 3628 ciuium,
914 3569 1129 3636 perspi-istorum,
1150 3573 1185 3632 et,
1204 3566 1252 3636 qui
1269 3583 1326 3620 me·

78 3651 144 3706 dium
161 3652 234 3707 inter
251 3651 325 3708 circs
343 3660 370 3706 et
386 3653 543 3721 peregrinos
562 3653 721 3706 obtinebant
737 3654 836 3716 locum,
855 3651 1013 3713 latinorum
1026 3655 1184 3722 jurantem
1202 3651 1326 3704 Italicum

77 3751 124 3788 uon
140 3739 313 3806 singulorum
330 3740 481 3804 hominum,
499 3740 547 3792 sed
566 3738 683 3791 locorum
700 3737 785 3791 tuisse
798 3738 855 3804 jus.
876 3738 955 3805 (Vid.
973 3753 1053 3806 quac,
1071 3735 1230 3804 Savignium
1248 3753 1325 3790 secu-

77 3825 122 3887 tus,
134 3826 300 3879 Hauboldus
318 3825 388 3878 intra
398 3824 504 3878 notavit
522 3824 557 3876 ad
575 3825 609 3892 ἓξ.
626 3828 668 3876 24.
685 3829 728 3877 74.
746 3839 805 3890 sqq.
818 3827 859 3876 97.
878 3823 945 3891 sq).
963 3824 1043 3876 Unde
1063 3825 1148 3876 multa
1166 3837 1216 3875 sua
1228 3826 1325 3888 sponte

77 3909 217 3964 rcaddunt
233 3915 317 3979 atque
331 3911 504 3964 emendanda
518 3915 581 3961 sunt
599 3925 634 3962 ex
652 3909 704 3972 his,
720 3923 790 3975 quae
807 3909 858 3961 hac
876 3908 905 3960 in
922 3909 1072 3976 adpendice
1090 3907 1201 3962 tradidit
1214 3909 1325 3972 Auctor,

77 3991 174 4059 Sigonii
191 3997 314 4049 maxime
331 3999 475 4064 amplexas
486 3995 654 4048 sententiam.
672 3995 752 4058 Quae
769 4011 834 4048 vero
854 3993 936 4060 liujus
954 3993 1103 4048 sentcntiae
1123 3993 1325 4046 confirmandas

77 4093 150 4132 musa
169 4097 187 4133 a
206 4082 301 4134 Tacito
321 4083 509 4150 Suetonioque
526 4081 619 4134 retulit
635 4079 799 4132 Heineccius
817 4082 886 4144 loca,
904 4096 937 4132 sa
955 4081 989 4132 dc
1006 4079 1216 4145 magistratuum
1230 4093 1325 4142 capes·

77 4165 216 4218 sendorum
231 4166 308 4233 jure,
334 4173 394 4218 tum
417 4183 483 4220 vero
507 4168 542 4218 de
559 4171 715 4218 exterorum
732 4165 761 4217 in
778 4166 879 4218 civium
896 4155 1039 4218 numerum
1062 4163 1203 4216 allectione
1225 4162 1325 4216 intelli·

76 4251 156 4310 genua
174 4257 246 4304 sunt
265 4251 368 4304 Aderat
386 4251 496 4319 quidem
514 4251 659 4304 discrimen
677 4251 789 4318 aliquod
806 4251 876 4303 inter
902 4249 978 4316 ipsos
1004 4247 1080 4300 urbis
1099 4249 1204 4312 Romae
1220 4249 1324 4300 incolas

76 4331 150 4397 cives,
168 4342 251 4403 atque
270 4352 331 4400 eos,
348 4338 398 4404 qui
415 4343 463 4390 aut
481 4336 588 4390 ltaliam
606 4345 653 4388 aat
669 4335 823 4402 provincias
840 4336 1007 4396 incolebant,
1025 4335 1107 4397 velut,
1127 4335 1202 4400 quod
1219 4337 1324 4388 Romae

77 4419 281 4482 tres,in1talia
300 4428 426 4488 quatuor,
445 4421 473 4475 iu
491 4421 631 4488 provincia
644 4421 765 4489 quinque
783 4425 945 4473 excusarent
959 4419 1036 4472 liberi
1054 4434 1070 4469 a
1088 4431 1230 4470 munerum
1242 4433 1324 4472 onere

79 4501 128 4566 (pr.
146 4504 171 4556 J.
189 4505 221 4556 de
242 4521 331 4558 accus.
350 4515 395 4558 tut.
414 4515 439 4558 et
451 4509 537 4575 mr.);
563 4509 637 4576 quod
656 4513 746 4560 tamen
764 4497 1079 4572 Italorum'privilegium
1097 4502 1164 4555 nibil
1177 4502 1324 4570 quicquam

76 4587 218 4650 pertinebat
235 4591 271 4642 ad
285 4593 333 4658 jus
351 4592 489 4655 Italicum,
508 4592 543 4644 de
560 4605 616 4657 quo
634 4591 798 4658 quaerimus.
817 4590 903 4643 Miilsl.
