3062 5164
593 373 875 452 snmsmx‘lm.
902 384 930 454 Ι.
955 383 1043 453 Car.
1069 381 1113 453 V.
1172 423 1178 430 ·

791 562 822 643 5.
842 559 915 624 121.

603 677 646 730 aa
662 679 705 730 cel
721 677 877 732 Italicensi
894 677 1086 730 Provinciam.

306 780 491 865 Municipia
513 779 674 864 ejusmodi
696 777 793 842 initio
816 779 947 843 nonnisi
969 780 1056 842 intra
1077 777 1209 842 ltaliam
1231 776 1312 840 olim
1328 781 1476 863 reperie-

224 892 360 972 bantur,
382 911 490 974 eoquc
514 889 648 952 nomine
671 894 748 950 ante
773 886 867 972 leges
891 887 1015 952 Juliam
1038 895 1074 950 et
1096 887 1242 951 Plotiam
1265 886 1475 953 celebrantur

223 997 390 1078 Caerites,
407 997 605 1080 Tusculani,
628 996 811 1075 Lanuvini,
827 994 973 1078 Aricini,
989 995 1209 1077 Nomentani,
1229 994 1376 1077 Pedani,
1391 998 1474 1060 Fun-

223 1106 317 1188 dani,
332 1106 519 1188 Formiani,
536 1105 713 1188 Campani,
730 1106 884 1190 Equites,
901 1104 1056 1186 Cumani,
1072 1103 1281 1184 Suessulani,
1302 1103 1473 1185 Acerrani,

222 1215 447 1295 Privernates,
462 1212 642 1298 Anagnini,
657 1211 846 1298 Arpinates,
860 1213 1054 1295 Trebulani,
1071 1212 1197 1293 Sabini,
1212 1211 1343 1298 aliique
1359 1214 1472 1298 plures,
1523 1197 1524 1205 ¹

223 1323 266 1386 de
289 1323 407 1408 quibus
422 1321 570 1406 Onnphr.
590 1321 729 1384 Panvin.
745 1323 785 1384 de
799 1323 877 1404 Itep.
899 1320 1194 1403 111111111141354.
1217 1320 1292 1384 Gar.
1308 1321 1425 1406 Sigon.
1439 1325 1472 1384 de

223 1441 288 1494 ant.
298 1433 378 1514 jare
391 1432 463 1493 Ital.
480 1433 521 1492 II.
536 1431 566 1494 9.
581 1430 706 1494 Postea
721 1430 779 1493 ubi
795 1435 889 1493 extra
904 1429 1036 1494 Italiam
1052 1449 1141 1492 arma
1156 1429 1308 1493 victricia
1327 1431 1471 1494 extulere

221 1539 382 1620 Romani,
399 1539 497 1603 etiam
517 1540 551 1601 in
568 1537 745 1621 provinciis
762 1539 877 1602 civitas
899 1559 966 1602 non
990 1561 1055 1603 una
1077 1538 1330 1624 municipiorum
1350 1540 1466 1624 juribus
1524 1539 1525 1566 ³

222 1647 346 1711 donata
362 1655 420 1710 est.
441 1647 496 1710 Sic
512 1647 545 1710 in
562 1647 700 1710 Baetica
715 1646 843 1709 Plinius
861 1647 943 1710 Hs'st.
959 1647 1035 1709 Nat.
1054 1650 1119 1708 111.
1134 1647 1165 1711 2.
1179 1667 1223 1728 sq.
1239 1657 1397 1712 numerat
1410 1669 1469 1710 mu·

222 1756 345 1840 nicipia
365 1757 452 1818 VIII.
466 1755 501 1818 in
517 1755 674 1818 citeriore
690 1756 854 1840 Hispania
870 1755 962 1817 XIII.
977 1756 1012 1818 in
1029 1754 1182 1818 Sardinia
1196 1757 1239 1816 II.
1256 1755 1292 1816 in
1307 1755 1466 1820 Lusitania

221 1885 331 1927 unum.
352 1863 481 1926 Eodem
499 1864 667 1949 pertinent
688 1872 739 1928 tot
760 1864 867 1946 numi,
889 1863 924 1926 in
940 1865 1058 1948 quibus
1074 1864 1226 1926 civitates
1243 1864 1468 1948 provinciales,

221 1972 357 2036 civitate
374 1973 517 2036 donatae
534 1971 718 2052 αὐτονομίαν
734 1995 821 2036 suam
839 1971 1011 2037 celebrant
1025 1974 1073 2054 f),
1090 1972 1133 2035 de
1150 1973 1269 2056 quibus
1286 1973 1386 2035 Henr.
1399 1971 1465 2033 No-

220 2081 274 2144 ris.
290 2083 330 2143 da
344 2083 459 2162 Elpeum
476 2081 559 2162 Syra
574 2081 695 2142 Maced.
712 2082 771 2142 III.
781 2103 814 2163 p.
832 2080 903 2143 352.

786 2258 815 2339 §-
837 2257 908 2322 122.

633 2376 742 2444 Triplex
760 2375 961 2442 municipiorum
977 2392 1070 2442 penus.

304 2493 373 2558 Sed
394 2515 462 2559 non
484 2516 550 2558 uua
565 2501 675 2557 tamen
688 2501 771 2557 erat
793 2492 1043 2578 municipiorum
1067 2491 1226 2559 conditio.
1256 2491 1343 2556 Tria
1366 2513 1467 2556 eamn
1526 2580 1527 2584 Ἰ

220 2621 345 2686 genera
360 2601 533 2686 distinguit
546 2599 664 2666 Festus
680 2605 739 2666 sub
755 2593 837 2664 voce
855 2602 1059 2685 Municipium
1071 2595 1101 2684 p.
1116 2601 1188 2666 324.
1204 2622 1305 2688 quem
1319 2601 1465 2682 locum,a

221 2709 330 2774 multis
345 2709 526 2792 laudatum,
539 2733 558 2774 a
573 2711 686 2794 paucis
703 2709 921 2790 intellectum,
937 2710 1059 2793 primus
1074 2711 1231 2776 adcurate
1248 2711 1409 2794 exposuit
1417 2710 1465 2772 Ea.

220 2818 437 2904 Spanhemius
457 2819 529 2880 ors.
551 2819 640 2880 Bora.
656 2822 773 2883 Eacrc.
788 2821 815 2880 I.
831 2840 858 2880 a.
872 2818 923 2880 12.
940 2819 968 2899 §.
983 2819 1035 2880 70.
1063 2822 1171 2882 Primo
1194 2805 1289 2903 ergo,
1317 2839 1364 2881 ex
1385 2816 1467 2880 Festi

220 2927 402 3010 sententia,
425 2931 625 3009 maaa'cips'am
650 2929 684 2987 id
704 2948 807 3009 geraus
829 2927 985 2990 hominum
1000 2929 1124 3001 dicitur,
1150 2931 1321 3009 quiquam
1344 2927 1468 2989 1111111111

219 3040 382 3109 venisseut,
398 3056 499 3117 aequa
512 3041 593 3098 cives
608 3037 748 3097 Romani
758 3044 873 3109 essent,
884 3038 1053 3118 participes
1070 3045 1173 3098 tamen
1179 3036 1322 3113 suerunt
1340 3038 1468 3096 ommium

219 3165 343 3215 rerum,
358 3145 402 3204 ad
414 3163 540 3205 arunas·
542 3143 748 3226 satagendum
767 3163 833 3204 una
855 3165 925 3206 cum
940 3145 1089 3207 Romanis
1107 3143 1238 3216 cluibus,
1249 3151 1468 3225 praeterquam

213 3253 258 3314 rie
275 3251 583 3336 saffragibsereada
599 3261 654 3313 aut
669 3255 859 3334 magistratu
874 3254 1032 3334 capiendo.
1049 3251 1098 3314 Hi
1114 3273 1205 3336 ergo,
1223 3251 1300 3314 dum
1318 3250 1353 3313 in
1370 3249 1463 3336 patria

219 3366 416 3440 manserunt,
433 3359 602 3442 peregrini
616 3357 721 3421 habiti
735 3362 780 3438 s):
802 3358 944 3424 Romam
959 3360 1212 3444 commigrantes
1223 3360 1303 3444 jura
1319 3357 1462 3438 civitatis,

286 3568 312 3632 1)
333 3566 365 3618 ln
383 3565 473 3618 nnmis
491 3564 581 3618 aencis
594 3566 801 3630 Imperatorum,
814 3580 831 3616 a
845 3563 999 3631 municipiis
1012 3569 1038 3617 et
1052 3564 1166 3618 coloniis
1185 3565 1268 3628 cusis,
1281 3581 1354 3634 quos
1367 3563 1468 3632 collegit

217 3654 262 3706 Jo.
280 3653 338 3718 Foy
363 3651 536 3713 Vaillantius‚
561 3654 706 3702 occurrunt
730 3649 880 3717 municipia
896 3651 984 3716 varia,
1011 3648 1095 3704 veluti
1113 3650 1218 3704 Aelium
1239 3651 1419 3705 Ociliataaum
1443 3651 1466 3703 is

129 3735 134 3740 '
218 3738 356 3791 Numidia.
379 3735 409 3790 T.
427 3738 495 3806 Lp.
516 3741 573 3790 169.
594 3740 650 3789 198.
669 3739 729 3789 210.
754 3737 783 3788 Τ.
803 3735 844 3789 ΙΙ.
863 3754 894 3805 p.
912 3739 954 3789 31.
971 3741 1015 3794 64.
1037 3739 1081 3789 79.
1099 3735 1207 3788 Bilbilis
1224 3735 1253 3788 in
1271 3736 1417 3802 Hispania.
1440 3735 1466 3788 Τ.

219 3825 286 3892 Lp.
306 3828 346 3875 12.
365 3827 407 3875 95.
434 3827 492 3876 100.
518 3819 673 3890 Calayurris
690 3819 718 3872 in
737 3822 840 3874 eadem.
863 3823 893 3874 T.
918 3822 985 3889 Lp.
1007 3826 1050 3874 21.
1069 3825 1112 3874 70.
1139 3821 1296 3874 Cascantum
1320 3823 1350 3875 in
1369 3825 1467 3876 eadem.

222 3909 253 3963 T.
272 3910 338 3978 I.p.
356 3913 398 3962 71.
425 3907 517 3960 Clunia
535 3905 562 3958 in
580 3907 683 3959 cadem.
705 3907 736 3961 T.
754 3907 779 3959 I.
794 3925 822 3975 p.
840 3912 884 3960 72.
909 3907 1041 3975 Erpaaioa
1057 3907 1086 3958 in
1104 3908 1207 3960 cadem.
1230 3905 1260 3960 Τ.
1280 3908 1304 3960 Ι.
1319 3925 1350 3977 p.
1370 3913 1412 3962 35.
1430 3912 1468 3961 76.

219 3997 276 4048 103.
298 3995 443 4047 Graccuris
457 3993 485 4044 in
504 3994 607 4046 eadem.
630 3993 660 4044 T.
673 3994 697 4047 I.
711 4011 742 4062 p.
755 3997 799 4047 79.
817 3993 910 4045 Ilerda
927 3990 1020 4044 itidem
1038 3993 1197 4059 Hispanico.
1214 3991 1244 4044 Τ.
1256 3992 1282 4043 Ι.
1292 4009 1322 4060 p.
1334 3997 1379 4060 36.
1392 3994 1468 4046 Iller-

215 4082 327 4148 paaom'a
345 4079 453 4132 ibidem.
476 4079 506 4132 T.
525 4079 550 4131 L
564 4095 593 4148 p.
608 4083 650 4134 77.
668 4079 764 4131 Italica
781 4077 890 4132 ibidem.
910 4078 939 4131 T.
957 4079 1025 4147 I.p.
1042 4083 1085 4132 37.
1102 4083 1145 4132 51.
1157 4083 1198 4131 78.
1211 4080 1309 4131 92961
1333 4077 1405 4131 Osca
1421 4077 1467 4130 ibi·

217 4165 288 4218 dem.
311 4163 341 4217 Τ.
359 4165 384 4218 1.
400 4181 427 4232 p.
446 4169 488 4218 38.
506 4169 548 4220 78.
564 4169 607 4219 95.
624 4169 681 4220 103.
705 4164 833 4217 Osicerda
851 4159 960 4216 ibidem.
983 4163 1014 4216 Τ.
1031 4163 1056 4216 I.
1068 4182 1098 4232 p.
1116 4168 1159 4217 80.
1179 4161 1313 4218 Stadiease
1331 4161 1361 4215 iu
1377 4165 1467 4218 Mace·

217 4250 308 4304 donia.
329 4249 362 4302 Τ.
380 4250 448 4318 I.p.
469 4254 597 4304 132.135.
617 4253 674 4304 143.
695 4253 752 4302 149.
774 4250 804 4302 Τ.
820 4250 861 4302 ΙΙ.
875 4267 905 4318 p.
923 4254 962 4303 15.
974 4253 1016 4302 22.
1031 4253 1073 4302 43.
1085 4253 1127 4303 59.
1146 4249 1221 4318 quod
1238 4253 1329 4301 tamen
1347 4254 1467 4315 tempore

216 4334 328 4402 Ulpiani
342 4333 414 4402 juris
432 4335 520 4390 Italici
538 4338 603 4390 fnit:
621 4337 654 4388 L.
672 4339 697 4387 9.
716 4337 740 4398 S.
758 4337 782 4388 8.
801 4336 836 4388 D.
855 4334 887 4385 ds
908 4334 1008 4387 0111115.
1031 4334 1151 4388 Tarraca
1168 4333 1198 4387 in
1215 4333 1352 4401 Hispania
1371 4337 1466 4387 Tarra·

216 4422 335 4474 nonensi.
358 4420 388 4474 Τ.
407 4421 475 4489 Lp.
492 4426 535 4476 47.
552 4426 595 4474 53.
616 4424 658 4474 83.
683 4419 757 4472 Utica
775 4419 859 4472 Iulia.
882 4419 912 4471 Τ.
931 4421 955 4472 I.
968 4438 999 4489 p.
1017 4425 1059 4482 86.
1077 4421 1158 4473 Huic.

172 4507 174 4512 ’
282 4509 315 4573 g)
336 4507 475 4568 Nostrum,
494 4507 568 4574 quod
586 4504 747 4570 municipes,
764 4506 830 4558 dum
848 4505 877 4558 in
890 4505 979 4571 patria
997 4511 1145 4571 manerent,
1160 4519 1211 4573 pro
1228 4503 1380 4572 peregrinis
1394 4505 1465 4557 trabi·

217 4596 259 4643 tos
278 4590 397 4656 scripsit,
416 4591 512 4644 merito
530 4590 702 4657 reprehendit
720 4591 828 4643 Trekcll
851 4590 867 4641 I.
887 4590 904 4642 1.
924 4609 946 4643 c.
964 4595 988 4644 5.
1007 4593 1027 4658 ς.
1046 4597 1088 4644 54.
1103 4610 1132 4661 p.
1150 4597 1210 4646 309.
1229 4607 1265 4660 sq.
1284 4589 1374 4643 Haud.
1400 4592 1465 4642 Cae·
