3056 5168
221 409 292 477 704
626 431 628 435 ·
669 401 747 469 Lm.
770 399 833 468 IV.
858 397 940 468 Trr.
968 399 1030 470 IX.

219 577 473 658 Rittershusius,
490 575 593 657 adeo,
608 583 645 638 ut
665 575 720 639 hic
740 597 811 638 eam
833 573 1014 637 lectionem
1029 575 1065 636 in
1086 572 1191 656 ipsum
1207 581 1333 638 textum
1355 577 1459 641 admit-

220 698 293 754 tere
311 685 399 749 haud
415 683 584 748 dubitarit.
607 683 675 746 Sed
695 705 771 746 sane
787 681 942 759 vocabuli
958 671 1146 744 terminatio
1163 683 1265 765 magis
1278 682 1459 766 Romanam,

147 831 152 836 ·
221 815 318 881 quarn
333 793 479 856 Atticam
502 792 612 876 legem
630 791 762 854 videtur
783 787 1045 866 indicare.'Quis
1067 789 1154 851 enlm
1173 808 1325 874 umquam
1341 790 1460 854 Solonis

220 904 315 988 leges
344 898 477 964 vocavit
505 901 671 960 Solom'as?
686 899 734 962 -Et
761 918 817 960 cur
836 896 959 961 Paulus
981 896 1015 958 in
1035 893 1146 976 libre,
1176 903 1242 980 quo
1259 898 1370 982 'prima
1389 900 1460 983 juris

218 1009 363 1075 Romani
394 1007 561 1070 elementa
589 1005 781 1090 complexus
812 1015 878 1086 est,
905 1004 1015 1088 legem
1044 1005 1217 1088 quamdam
1240 1025 1391 1088 graecam
1412 1006 1460 1069 ad·
1516 987 1517 990 Ἴ

219 1118 385 1182 duxisset?
407 1113 444 1178 si
466 1122 557 1177 recte
581 1134 615 1176 se
638 1097 938 1196 habet'scriptura,
961 1133 1000 1174 ac
1020 1133 1088 1176 non
1110 1112 1220 1195 potius
1236 1115 1396 1176 Petiliana
1416 1115 1459 1177 vel
1516 1119 1517 1194 l

219 1226 294 1290 alio'
310 1223 410 1286 modo
433 1221 586 1305 scriptum
613 1220 690 1284 fuit:
718 1220 936 1284 verosimilius
965 1228 1032 1301 est,
1059 1219 1258 1284 Pesulanum
1285 1221 1458 1304 quemdam,
1516 1197 1517 1292 l

219 1333 365 1418 quisquis
387 1330 414 1392 is
430 1329 559 1392 demum
583 1329 692 1404 fuerit,
707 1328 893 1391 Tribunum
916 1328 1038 1412 plebis,
1050 1327 1219 1411 speciatim
1236 1327 1280 1392 de
1303 1350 1385 1411 cane
1400 1351 1462 1392 san·

220 1438 433 1522 xiste,'quod
455 1437 512 1500 lex
527 1436 602 1499 XII
621 1434 823 1499 Tabularum
849 1436 1033 1520 generatim
1053 1435 1096 1499 de
1113 1435 1383 1520 quadrupedibus
1401 1459 1462 1500 san·

219 1555 326 1629 xerat,
343 1543 497 1630 adeoque
512 1545 622 1629 legem
641 1548 859 1608 PESULANJAM
877 1543 1086 1628 plebiscitum
1103 1542 1269 1629 quoddam
1288 1565 1372 1626 esse,
1387 1547 1463 1630 cujus
1516 1583 1517 1588 κ

158 1631 166 1640 ⁸
220 1665 331 1720 tamen
355 1663 523 1718 auctorem
543 1667 650 1736 aeque
673 1673 710 1714 ac
733 1660 877 1716 aetatem
900 1653 1017 1714 scimus
1033 1653 1131 1736 Juxta
1151 1671 1223 1714 curn
1246 1651 1463 1734 ignarissimis:
1516 1687 1517 1702 .

220 1765 430 1828 Hotomanus
447 1763 486 1822 de
499 1761 607 1842 Legit.
626 1759 714 1820 Rom.
725 1779 759 1840 p.
775 1758 825 1820 88.
848 1758 935 1822 Sane
960 1761 1002 1822 ob
1026 1759 1177 1821 damnum
1194 1780 1332 1843 quoque
1349 1783 1368 1823 a
1388 1762 1464 1824 cania
1516 1803 1517 1816 .

219 1871 281 1934 bus
304 1857 415 1934 datum
431 1868 641 1952 competebat
663 1865 793 1930 noxalis
814 1867 913 1947 actio,
935 1867 961 1929 si
976 1866 1069 1928 canis
1093 1865 1216 1956 solutus
1240 1865 1373 1930 fuisset:
1393 1868 1457 1928 bil
1516 1869 1517 1872 ’

191 1976 198 1990 ’
220 1976 293 2058 §.2
310 1977 351 2038 D.
368 1977 397 2036 lc.
412 1984 433 2036 t.
449 1975 494 2055 l).
516 1973 616 2052 Quod
633 1972 749 2057 procul
771 1973 872 2037 dubio
888 1972 1067 2038 Pesulania
1088 1971 1148 2036 illa
1161 1972 1239 2058 lege
1262 1969 1398 2059 primum
1416 1975 1463 2038 in-

219 2089 349 2148 'vectum
371 2088 431 2145 est.

810 2213 884 2298 §.a

507 2331 631 2409 Edictum
648 2331 801 2396 Aedilitium
819 2333 850 2384 dc
869 2349 934 2384 cane
952 2329 1064 2399 aliisque
1082 2328 1177 2384 baetim
1243 2298 1248 2307 ¹

301 2451 429 2515 Eodem
446 2450 510 2513 hoc
532 2450 632 2514 titulo
651 2451 838 2534 Imperator
859 2449 1007 2512 meminit
1027 2466 1142 2512 uorouu
1164 2453 1466 2533 nuo1u1u110),per
1516 2453 1517 2512 l

219 2559 309 2646 quod
321 2572 398 2621 ‘non
413 2557 538 2620 licebat
550 2577 664 2619 canem
680 2557 814 2620 aliudve
836 2556 958 2620 animal
974 2557 1043 2622 sive
1066 2558 1219 2639 solutum,
1240 2558 1313 2621 sive
1337 2557 1463 2644 ligatum

218 2668 253 2728 in
269 2653 330 2729 viis
352 2661 510 2748 publicis,
526 2663 583 2726 ubi
597 2663 699 2746 vulgo
721 2645 787 2726 iter
808 2665 861 2746 fit,
884 2664 1100 2748 hominesque
1116 2665 1319 2747 consistunt,
1343 2667 1464 2730 habere.

167 2750 172 2760 ¹
219 2774 254 2836 Si
270 2754 423 2836 adversus
440 2791 480 2834 ea
501 2770 623 2834 Iactum
639 2780 741 2862 esset,
760 2780 794 2835 et
815 2772 915 2834 homo
936 2773 1023 2835 liber
1039 2794 1082 2834 ex
1101 2793 1140 2835 ea
1155 2795 1192 2841 re
1209 2773 1382 2855 periisset,
1398 2772 1465 2836 soli-

220 2881 334 2944 dorum
358 2879 430 2960 CC,
452 2881 501 2942 sin
524 2879 604 2944 alias
624 2880 732 2943 libero
756 2879 882 2942 homini
911 2882 1056 2947 nocitum
1076 2901 1151 2942 ,esse
1174 2880 1363 2960 diceretur,
1387 2881 1464 2966 quod
1516 2859 1517 2944 l

207 3009 360 3073 aequum
382 2989 571 3072 bonumque
588 2987 696 3072 judici
711 2988 892 3069 videretur,
914 2988 997 3051 tanti
1014 2988 1292 3051 condemnaretur
1308 2987 1465 3052 dominusz
1516 2993 1517 3088 ,

219 3103 399 3160 ceterarum
428 3114 507 3157 vero
530 3117 656 3177 rerum,
681 3104 836 3180 quantum
860 3095 1013 3160 damnum
1038 3096 1148 3160 datum
1171 3096 1289 3178 luerit,
1319 3097 1411 3181 dupli
1423 3097 1465 3176 r),
1516 3093 1517 3152 l

219 3207 248 3288 §.
264 3205 294 3266 1.
308 3205 384 3266 Inst.
399 3206 429 3265 b.
445 3213 467 3264 t.
484 3211 518 3266 et
533 3203 571 3266 L.
581 3203 632 3267 40.
647 3206 684 3266 L.
696 3205 747 3266 41.
763 3203 800 3266 1..
815 3202 922 3265 421).
941 3203 980 3264 de
998 3205 1099 3264 Edict.
1120 3205 1209 3266 aedil.
1226 3203 1284 3268 ubi
1299 3205 1374 3288 ipsa
1388 3204 1465 3286 legi·

133 3325 139 3342 ⁸
218 3310 443 3377 timaAedilis
460 3312 561 3374 verba
575 3303 740 3396 leguntur.
761 3311 866 3373 Extra
880 3309 989 3373 locum
1005 3310 1171 3394 publicum
1194 3311 1243 3374 fas
1261 3322 1339 3376 erat
1352 3313 1460 3376 Rome
1516 3319 1517 3328 ¹

217 3421 267 3487 nis
286 3419 420 3503 quaevis
442 3418 565 3482 habere
588 3418 759 3499 animalia,
782 3418 886 3482 veluti
909 3439 1028 3499 canes,
1050 3440 1142 3482 ursos
1165 3427 1199 3482 et
1220 3418 1321 3503 hujus
1344 3416 1463 3505 generis

218 3526 293 3590 alia.
316 3527 366 3589 Ea
388 3526 539 3591 solebant
565 3526 709 3589 interdiu
733 3527 842 3590 vincta
862 3525 1076 3610 adligataque
1096 3525 1238 3588 habere:
1260 3537 1368 3592 noctu
1393 3547 1465 3590 reru
1516 3513 1517 3540 ¹

285 3770 318 3836 d)
339 3769 452 3826 Fallitur
464 3787 529 3837 ergo
541 3771 559 3822 J
561 3769 642 3834 acob,
650 3767 780 3836 Cujecius
792 3770 890 3824 Adnet.
905 3769 942 3822 ad
957 3768 1041 3822 Pauli
1053 3767 1180 3820 Sententt.
1195 3765 1323 3834 Receptt.
1331 3785 1364 3836 p.
1370 3771 1468 3820 mm

217 3869 328 3922 negans,
346 3869 427 3906 canes
446 3853 487 3907 his
513 3851 665 3906 action-ibus
690 3853 832 3917 contineri,
852 3869 893 3918 co,
915 3855 990 3920 quod
1015 3852 1056 3904 illi
1080 3852 1151 3904 inter
1178 3851 1299 3916 pecudes
1325 3869 1384 3906 non
1403 3859 1468 3906 sunt.
1501 3851 1505 3856 '

217 3941 279 3993 Hoc
296 3938 367 3991 enim
387 3940 421 3991 de
438 3938 545 3992 actione
559 3955 594 3992 ex
612 3942 671 4005 lege
689 3939 809 4008 Aquillia
820 3955 914 3991 uerum
926 3944 976 4004 est,
994 3954 1050 3990 non
1061 3938 1095 3989 dc
1110 3936 1217 3988 actione
1232 3936 1469 4004 quadrupedante:

217 4027 249 4079 L.
260 4031 285 4078 2.
304 4026 324 4092 ᾗ.
336 4030 360 4077 2.
378 4025 414 4076 D.
433 4026 468 4076 ad
484 4026 547 4092 Lep.
558 4017 658 4093 Aquili.
678 4027 757 4078 Heln.

285 4111 314 4178 e)
335 4108 458 4168 Praetori
475 4112 527 4161 hoc
551 4110 669 4164 edictum
688 4110 783 4170 tribuit
805 4109 909 4160 Paulus
931 4101 1057 4160 Sentenu.
1075 4105 1196 4174 Recepti.
1216 4103 1239 4156 Ι.
1257 4109 1299 4156 15.
1317 4109 1345 4157 2.
1363 4105 1468 4170 partim,

217 4193 344 4264 quodlde
361 4192 458 4248 iisdem
476 4193 566 4259 rebus,
586 4196 620 4247 dc
639 4181 738 4264 quibus
752 4192 870 4257 Aediles
883 4195 1028 4246 Praetores
1048 4207 1157 4260 quoque
1166 4191 1213 4258 jus
1226 4189 1319 4242 dicere
1332 4191 1468 4244 solebant:

217 4280 344 4347 Cujacius
356 4273 501 4332 Olrcrbatt.
510 4280 587 4332 VIII.
598 4283 641 4333 28.
655 4281 753 4345 partlm
763 4279 838 4348 quod
849 4279 967 4330 edictum
978 4273 1136 4328 Aedilitium
1149 4277 1178 4327 in
1190 4275 1336 4328 Praetoris
1351 4277 1468 4330 edictum

120 4369 124 4373 ’
160 4374 165 4380 ·
216 4371 353 4429 postremo
372 4366 538 4418 transfusum
555 4365 679 4418 videtur:
696 4365 882 4418 lan.aCosta
896 4361 932 4416 ad
942 4363 962 4430 ξ.
974 4365 999 4414 2.
1018 4361 1049 4412 de
1063 4363 1145 4414 Divis.
1156 4361 1274 4429 copulat.
1292 4361 1382 4416 Heia.

286 4449 298 4500 I
304 4451 317 4516 )
338 4453 396 4504 Imo
420 4457 541 4517 tempore
566 4435 646 4502 Pauli
670 4449 752 4501 etiam
779 4445 995 4508 extraordinaria
1021 4461 1110 4510 poena
1134 4446 1252 4498 habebat
1275 4447 1382 4500 locum.
1411 4445 1469 4498 bid.

216 4533 318 4585 Paulus
338 4536 464 4588 Serrtentt.
483 4537 603 4603 Recepit.
620 4535 644 4586 Ι.
665 4539 703 4586 15.
717 4539 742 4586 2.
766 4535 798 4587 Id
817 4535 892 4601 quod
910 4549 960 4583 nec
983 4549 1018 4582 ex
1036 4529 1182 4594 Praetoris,
1208 4547 1259 4582 occ
1277 4547 1315 4581 cx
1337 4529 1469 4584 Aedilltiu

99 4663 105 4672 ,
216 4614 303 4666 edicto
322 4622 369 4668 est.
388 4620 467 4670 Hein.
