2968 5154
663 364 739 432 Lrn
764 363 791 432 Ι.
816 361 896 432 Tru.
923 361 981 432 vl.

731 647 813 701 cnr.
836 649 872 701 v.
884 648 914 715 ι)

353 803 418 866 DE
439 798 623 863 MINORE
645 797 722 862 XX
743 797 887 861 ANNIS
908 793 1307 860 MANUMITTENTE.

283 916 404 1014 Minore
420 949 492 1009 XX
501 951 595 1010 annis
609 952 640 1028 1)
663 967 725 1009 non
741 950 845 1020 aliter,
859 967 952 1030 quum
965 967 1024 1028 per
1040 947 1208 1007 vindictum
1223 946 1266 1023 ¹),
1279 959 1434 1019 annosaque

198 1060 285 1141 uprcd
298 1061 460 1121 consutam
469 1055 605 1137 probata
617 1059 662 1134 ι),
676 1059 897 1118 ananunrtttcre
908 1055 966 1136 jus
985 1063 1051 1116 esto
1065 1055 1110 1134 b).

725 1289 807 1343 CAP.
825 1289 874 1342 VI.
890 1291 918 1358 e)

485 1434 549 1497 DE
571 1431 756 1496 FEMINA
777 1431 1174 1496 MANUMITTENTE.

280 1583 489 1662 Neserna‘nae,
504 1585 570 1644 πίει·
577 1583 757 1644 sudoribus
771 1582 924 1644 tuton'bus
935 1583 1002 1643 suis
1016 1581 1062 1662 ⁸),
1074 1582 1248 1644 libertatem
1264 1583 1360 1642 seruis
1374 1579 1439 1639 darc

189 1693 248 1773 jus
263 1699 328 1754 esto
342 1693 386 1768 ο).

193 1871 485 1890 W

268 1994 303 2060 x)
327 1995 415 2059 Egere
433 1991 467 2042 de
490 1991 543 2042 boc
566 1987 655 2056 capite
674 2005 804 2044 coeranus
822 1989 881 2043 Lib.
899 1989 939 2043 II.
958 1991 990 2043 L.
1010 1993 1050 2046 16.
1070 1993 1104 2046 D.
1125 1993 1156 2044 de
1176 1993 1252 2046 Man.
1270 1991 1339 2044 vind.
1357 2000 1442 2041 riorus

198 2077 256 2134 Lat.
270 2079 293 2132 Ῑ.
305 2081 337 2130 Ι..
352 2083 391 2131 15.
404 2077 436 2128 de
455 2077 577 2128 Manum.
595 2076 665 2127 vind.
684 2076 764 2129 Unde
782 2077 810 2130 id
828 2091 845 2129 a
862 2077 1049 2142 superioribus
1062 2077 1219 2144 proximum
1233 2079 1325 2129 iocum
1339 2071 1443 2126 nunnae

197 2169 280 2232 patet
304 2163 354 2218 Uti
370 2162 443 2216 enim
460 2163 550 2229 prima
566 2161 635 2228 legis
652 2167 730 2227 parte
747 2162 783 2214 de
799 2161 956 2216 conditione
970 2163 1265 2226 manumittendum
1284 2163 1323 2215 ita
1340 2157 1444 2214 secunda

199 2252 234 2304 de
251 2247 504 2304 manumittentibus
522 2255 621 2302 actum.
640 2245 807 2300 Sententiam
822 2247 918 2314 capitis
936 2246 1068 2301 habemus
1087 2250 1162 2315 apud
1179 2249 1245 2316 Gaii
1262 2247 1331 2300 Inst.
1348 2244 1371 2298 Ι.
1389 2249 1409 2306 1,
1424 2245 1444 2294 1.

201 2335 312 2403 (1.38).
330 2334 442 2402 Uipian.
460 2334 570 2404 Frupm.
587 2333 612 2387 I.
633 2336 673 2386 13.
690 2331 763 2384 etin
781 2333 802 2400 ξ.
820 2338 845 2386 ὁ.
864 2334 931 2385 Inst.
960 2335 1015 2392 Qui
1031 2342 1056 2386 et
1074 2352 1106 2386 ea·
1120 2333 1189 2404 quib.
1214 2350 1300 2386 caure.
1317 2347 1385 2383 man.
1400 2343 1444 2379 non

195 2439 267 2490 pou.
286 2421 367 2473 Hein.

270 2522 303 2589 y)
324 2521 459 2586 coeptum
483 2524 573 2570 tamen
597 2532 699 2569 anuum
718 2517 788 2570 XX.
806 2531 857 2583 pro
882 2518 1174 2584 eompletobabitum,
1192 2515 1294 2586 colligo
1313 2533 1349 2570 ex
1366 2517 1394 2568 L.
1410 2516 1445 2567 71.

198 2607 220 2674 ξ.
240 2612 264 2658 l.
282 2606 318 2657 D.
337 2606 369 2656 dc
388 2603 460 2656 soto
481 2599 559 2652 Treb.
578 2601 658 2654 Heia

270 2706 301 2771 a)
321 2705 456 2767 Attamen,
468 2701 516 2770 qui
532 2700 651 2753 vindicta
663 2707 780 2767 possunt
791 2703 865 2768 apud
883 2700 1028 2755 consitium
1041 2703 1237 2766 manumittere,
1251 2707 1369 2770 possunt
1377 2700 1446 2753 etiarn

199 2791 326 2844 heredem
350 2787 403 2841 sibi
427 2784 611 2840 necessarium
637 2789 800 2839 testamento
826 2787 957 2841 scribere:
984 2803 1060 2841 nsua.
1085 2786 1187 2841 ΕΗ.
1211 2789 1245 2840 L.
1263 2793 1307 2842 2⁷.
1328 2789 1359 2840 dc
1382 2786 1447 2838 Mau.

201 2883 258 2927 test.
277 2876 357 2926 Heia.

268 2975 299 3044 a)
320 2975 410 3028 Modo
427 2987 526 3024 caussa
544 2989 579 3023 ex
597 2971 713 3038 adfectu,
727 2988 784 3024 non
802 2990 838 3025 ex
855 2973 973 3036 luxuria,
986 2974 1148 3028 descendat:
1163 2975 1229 3029 Uer.
1241 2973 1302 3029 Lib.
1317 2974 1358 3028 ΙΙ.
1372 2975 1402 3027 L.
1415 2973 1448 3023 16.

196 3079 242 3130 pr.
262 3062 293 3112 de
306 3061 382 3112 Man.
400 3059 471 3110 vind.
497 3056 592 3120 Qualis
619 3064 661 3110 est
678 3056 820 3124 sanguinis
838 3059 1008 3123 conjunctio:
1028 3074 1133 3114 unrrsn.
1153 3058 1211 3114 Lib.
1229 3059 1272 3112 II.
1291 3061 1325 3112 L.
1345 3063 1384 3112 12.
1401 3055 1449 3107 eod

151 3192 160 3208 ,
200 3143 265 3198 item
284 3141 450 3196 conditionis
468 3143 689 3209 implementum:
708 3156 783 3195 enon.
799 3143 857 3196 Lib.
870 3145 894 3196 I.
906 3146 938 3198 L.
955 3150 992 3198 15.
1009 3145 1044 3196 D.
1063 3146 1120 3196 eod.
1138 3145 1216 3198 Aliae
1234 3161 1351 3198 caussae
1368 3159 1450 3195 recen·

200 3236 294 3285 sentur
311 3230 340 3282 in
355 3231 385 3282 L.
399 3233 424 3282 9.
442 3235 481 3282 11.
499 3234 539 3282 12.
551 3247 588 3298 sq.
602 3229 637 3279 D.
653 3228 709 3279 eod.
722 3236 748 3279 et
764 3228 786 3295 ξ.
801 3233 826 3281 5.
840 3229 908 3281 Inst.
923 3229 948 3283 1.
969 3237 986 3282 t.
1005 3231 1075 3282 Sunt
1092 3236 1181 3282 tamen
1201 3232 1340 3299 quaedam
1357 3246 1409 3284 non
1421 3243 1450 3278 ex

199 3315 250 3368 hac
268 3317 334 3380 lege,
356 3313 405 3366 sed
422 3331 458 3366 ex
471 3315 564 3379 setis,
577 3315 611 3365 de
630 3311 729 3380 quibus
747 3313 779 3364 L.
800 3317 839 3366 13.
849 3315 902 3382 fin.
920 3316 951 3366 L.
967 3320 992 3368 4.
1014 3315 1042 3368 0.
1066 3317 1121 3375 Qui
1136 3334 1207 3368 mun.
1228 3336 1283 3370 non
1298 3335 1369 3388 poss.
1387 3312 1450 3369 Add·

201 3400 296 3466 Cujac.
319 3399 380 3451 Oba.
400 3399 432 3452 X
439 3399 466 3450 V.
486 3403 526 3451 13.
544 3398 625 3449 Heia.

271 3501 304 3566 b)
325 3499 400 3561 Quid
417 3497 442 3550 si
459 3499 549 3552 minor
566 3499 628 3550 XX
646 3497 725 3552 annis
743 3515 852 3552 servum
870 3497 917 3552 alii
935 3498 1054 3565 dederit,
1072 3489 1103 3553 ut
1120 3503 1377 3558 manumitteretur?
1395 3499 1451 3556 Vid.

200 3588 234 3642 L.
251 3589 295 3640 20.
313 3583 334 3652 ξ.
352 3583 399 3634 ult.
419 3584 454 3635 D.
474 3585 506 3635 de
525 3585 600 3637 Man.
617 3586 650 3635 L.
671 3587 710 3636 16.
729 3585 750 3650 ᾖ.
771 3590 793 3638 l.
812 3585 847 3636 D.
866 3587 898 3636 de
916 3585 993 3638 Mun.
1011 3587 1080 3638 vind.
1098 3587 1179 3639 Hein.

271 3688 300 3754 c)
321 3685 365 3738 De
381 3685 434 3736 hoc
448 3698 559 3751 quoque
576 3683 664 3749 capite
681 3685 738 3751 egit
754 3699 855 3738 eronus
873 3683 932 3736 Lib.
950 3684 975 3738 Ι.
986 3687 1019 3738 L.
1037 3688 1076 3739 16.
1093 3687 1126 3739 D.
1139 3687 1171 3738 de
1182 3689 1263 3742 Aaet.
1278 3698 1327 3743 tat
1346 3690 1452 3744 Senten-

200 3774 269 3828 tiam
293 3771 353 3838 cjus
377 3768 495 3820 servavit
521 3769 630 3835 Frapm.
661 3769 714 3822 Vct.
739 3770 806 3822 qu‘
823 3779 888 3838 post
913 3771 1022 3822 Pariut.
1046 3771 1105 3822 LL.
1130 3771 1200 3824 Mor.
1222 3781 1249 3824 et
1274 3775 1356 3828 Rom.
1379 3774 1399 3840 ξ.
1418 3774 1452 3824 17.

200 3859 282 3912 Heia
300 3859 408 3922 Fragm.
421 3853 477 3920 jur.
495 3850 604 3906 Dositb.
621 3854 642 3921 ξ.
662 3858 701 3908 lo.
720 3853 762 3906 ed.
780 3855 869 3908 Bonn.
888 3853 976 3908 matr.

271 3959 304 4024 d)
324 3953 440 4008 Etiamsi
458 3953 532 4006 coeci
550 3953 604 4005 sint
622 3959 741 4008 tutores:
760 3969 836 4008 aaut.
853 3953 912 4006 Lab.
930 3955 954 4006 Ι.
967 3956 999 4006 L
1019 3958 1060 4008 16.
1080 3958 1112 4008 dc
1128 3956 1208 4008 Aaet.
1226 3964 1274 4010 tut.
1302 3957 1334 4010 St
1360 3955 1454 4009 semina

201 4057 251 4108 per
268 4043 412 4108 epistotam
429 4037 652 4102 meminebat,
670 4039 868 4106 disputabatur,
886 4044 993 4103 uuum,
1011 4042 1077 4094 dum
1095 4041 1226 4094 scriberet
1238 4040 1291 4093 ilia
1305 4041 1455 4107 epistotam,

201 4141 238 4178 an
255 4133 335 4191 tunc,
354 4125 465 4194 quando
483 4139 543 4175 eam
557 4139 652 4176 servus
670 4124 811 4190 acceperit,
825 4124 1022 4190 interponenda
1035 4124 1072 4178 sit
1088 4127 1255 4179 auctoritas?
1273 4126 1339 4180 Vid.
1359 4105 1455 4180 laudat.

203 4212 313 4279 Fraqm.
330 4212 352 4278 ξ.
372 4215 412 4263 17.
433 4209 506 4276 (15).
525 4209 607 4262 Heia.
1257 4195 1261 4202 ⁶
1297 4229 1301 4236 ·

273 4312 302 4378 e)
322 4311 385 4363 Nisi
404 4313 468 4378 jure
491 4309 638 4362 liberorum
663 4323 712 4374 per
737 4311 823 4375 legem
847 4310 962 4376 Papiam
986 4313 1145 4377 Poppaeam
1174 4313 1258 4364 tutela
1285 4311 1456 4364 liberaretur:

203 4395 312 4462 Frnym.
340 4397 392 4448 Vct.
409 4396 477 4448 Jcti
492 4396 514 4462 ᾖ.
534 4399 576 4449 17.
595 4393 705 4460 Ulpian.
723 4395 831 4463 Frnqm.
846 4397 887 4447 ΙΙ.
899 4397 920 4462 ξ.
941 4395 989 4447 ult.
1008 4396 1132 4450 Addatur
1153 4395 1297 4449 Commeat.
1315 4402 1412 4450 noster
1426 4393 1459 4446 nd

202 4481 267 4548 Lep.
285 4479 342 4531 Jul.
361 4488 387 4531 st
405 4481 476 4548 Pup.
494 4478 551 4533 Lt'b.
573 4481 611 4533 ΙΙ.
628 4498 650 4533 e.
672 4485 712 4532 ll.
727 4496 757 4547 p.
774 4484 834 4534 23³.
851 4499 889 4548 eq.
916 4481 993 4534 Heia.
