3062 5164
386 393 461 464 ,Βιι
485 393 581 466 duna
606 395 748 478 Qunam.
774 395 831 464 Er
854 393 967 465 Carra.
1238 401 1311 468 265
1383 365 1387 382 ¹

66 569 194 656 ἄγεσθαι
220 567 406 654 δεδήλωται,
440 575 472 636 εἰ
492 570 528 636 δὲ
552 584 621 646 ταῖς
642 574 796 655 ἐπαρχίαις
817 573 933 651 μᾶλλον
957 569 1152 653 ἀπογραφαῖς
1171 575 1312 656 χρῶνται.
1345 617 1349 625 -

68 679 154 756 Quae
180 679 229 742 ita
255 657 439 740 redduntur
462 678 496 741 in
520 679 707 763 fragmento
731 677 868 758 Latine,
891 677 1116 760 quod-edidit
1137 678 1312 741 Pithoeust

70 787 127 848 aad
139 789 170 846 in
186 789 312 846 ciuitate
327 793 450 846 tantum
466 786 611 848 Romana
629 805 757 847 censam
772 789 831 866 aga·
845 787 1040 846 declaratum
1056 795 1122 847 est:
1139 792 1172 847 tn
1183 790 1313 868 prosim

69 897 115 954 ctis
136 883 239 954 cirtem
262 895 364 973 magis
381 875 627 973 prm'csstom'bus
648 899 783 954 utuntur
794 895 846 972 ¹¹¹).
875 892 929 954 Ex
950 891 1067 976 quibus
1090 890 1186 955 simul
1203 898 1312 976 patet,

70 999 164 1082 qualis
190 999 292 1062 fuerit
312 997 372 1060 illa
393 997 573 1082 ἀπογραφή,
599 998 689 1080 cujus
713 997 861 1061 meminit
884 999 990 1062 Lucas
1005 999 1037 1082 2,
1057 999 1087 1062 2.
1116 997 1314 1083 Agebantur

69 1108 124 1169 bae
141 1106 320 1190 ἆπογριιφαὶ
334 1105 430 1168 initio
447 1127 508 1189 per
524 1106 663 1190 Equites
676 1079 856 1179 Romanos,
874 1126 933 1167 ceu
950 1126 993 1168 ex
1006 1106 1141 1170 Gruteri
1156 1108 1312 1187 Inscrr’ptt.

67 1237 94 1297 p.
110 1210 255 1274 GOOLV.
269 1233 301 1274 ιι.
315 1210 345 1274 6.
369 1212 500 1296 colligit
515 1211 651 1275 Reines.
671 1213 829 1293 Inscripta
843 1234 877 1293 p.
891 1211 964 1274 270.
983 1235 1027 1295 sq.
1057 1213 1150 1277 Talis
1170 1222 1219 1277 est
1239 1229 1312 1276 uua.

71 1337 138 1384 sue.
154 1335 250 1384 caNS.
268 1336 342 1382 neo.
358 1337 445 1384 ursa.
465 1337 529 1384 err.
545 1339 608 1381 nec
624 1339 691 1381 non
707 1335 941 1384 ursnunsnroa
956 1337 1003 1383 An
1024 1337 1151 1392 census
1173 1337 1313 1384 rnovm-

72 1443 138 1490 elna
154 1443 391 1492 uuenvnausts
412 1425 501 1511 apud
522 1423 639 1490 Eumd.
663 1427 762 1489 class.
779 1427 838 1487 IX.
854 1449 887 1508 p.
905 1427 976 1490 586.
991 1449 1023 1492 n.
1041 1449 1143 1491 1011.
1164 1427 1219 1491 Ab
1240 1426 1313 1490 aliis

72 1535 249 1598 auctoribus
261 1543 422 1598 vocantur
435 1541 613 1608 censitores,
627 1532 732 1596 veluti
744 1555 763 1595 a
778 1534 929 1598 Lactant.
943 1536 982 1596 de
992 1543 1083 1599 mort.
1095 1557 1219 1619 percep.
1231 1534 1313 1598 aaa

74 1643 177 1726 quibus
202 1641 334 1705 additos
357 1640 498 1725 legimus
526 1641 705 1722 ministros,
728 1647 953 1724 susceptores,
977 1642 1083 1706 dictos
1109 1645 1314 1727 buccararios,

73 1751 242 1835 bommque
258 1751 436 1832 aetjutores,
453 1751 602 1834 itemque
618 1751 753 1820 scribas,
774 1749 982 1831 obulcologos,
1001 1751 1164 1822 adcerrms,
1180 1751 1314 1831 casapul-

76 1879 155 1932 mras,
174 1856 354 1942 dequibus
375 1857 464 1940 apud
483 1857 659 1921 Gruterum
676 1857 834 1938 Inscrnptt.
849 1877 883 1937 p.
903 1856 1168 1921 vocemus.
1187 1879 1218 1920 n.
1235 1857 1264 1920 8.
1280 1863 1315 1919 et

72 1987 97 2046 p.
112 1965 271 2028 ccccm.
289 1986 320 2026 n.
334 1965 364 2024 5.
391 1963 432 2049 [*
436 1987 470 2047 p.
489 1963 782 2026 caecamur.
799 1983 830 2024 n.
843 1961 890 2048 a]
910 1962 1047 2026 Reines.
1069 1965 1182 2028 Conna.
1204 1965 1248 2026 cd
1262 1965 1314 2026 fa-

73 2077 178 2154 scrtptt.
194 2071 319 2134 XXVI.
335 2071 432 2133 Ulcae.
442 2069 495 2133 ¹11.
510 2073 543 2135 in
556 2073 669 2156 primis
679 2091 714 2152 p.
728 2069 800 2132 271.
818 2071 998 2134 Postremis
1015 2073 1219 2155 temporibus
1236 2091 1314 2134 cen-

74 2179 196 2242 sitorum
217 2199 332 2242 munus
352 2179 545 2262 personale,
561 2199 623 2241 nec
641 2175 816 2242 admodum
839 2177 1054 2241 honorificum
1079 2179 1193 2263 fuisse,
1216 2178 1315 2241 disci-

73 2307 132 2350 mus
151 2308 192 2350 ex
211 2271 786 2368 1..1.§.221..17.§.9.16.1).d0
808 2285 896 2346 Mun.
915 2295 947 2346 et
968 2288 1073 2348 bonor.
1109 2285 1313 2350 Permultum

74 2415 144 2479 ergo
173 2395 260 2458 inter
287 2415 419 2458 censum
445 2398 604 2460 urbanum
630 2399 665 2455 et
693 2391 930 2474 provincialem
958 2391 1128 2456 intererat.
1157 2392 1315 2471 Quamvis

75 2503 150 2564 enim
168 2502 266 2567 etiam
283 2501 504 2586 provinciales
519 2501 599 2565 illae
617 2499 840 2584 professiones
860 2521 1104 2584 nonnumquam
1119 2517 1236 2564 census
1253 2521 1316 2564 no-

75 2612 150 2673 mine
171 2613 324 2691 veniant,
343 2618 380 2673 ut
402 2610 458 2673 vel
475 2631 517 2672 ex
537 2595 752 2694 Digestorum
776 2613 810 2668 et
831 2607 964 2670 Codicis
984 2607 1087 2672 titulis
1109 2611 1148 2671 dc
1167 2609 1315 2675 Οιπιίῠιιι
1393 2645 1397 2656 =

78 2719 338 2792 etCensr‘torrbes,
356 2739 502 2782 necnon
522 2738 565 2781 ex
584 2715 732 2780 Lactant.
748 2715 787 2776 de
800 2724 890 2776 mort.
909 2726 1125 2797 persequutor.
1144 2738 1169 2780 c.
1188 2717 1239 2780 26.
1264 2718 1317 2780 in·

78 2823 253 2908 telligimus:
273 2825 329 2889 vel
346 2827 488 2889 maxime
508 2832 676 2888 tamense
695 2821 910 2904 differebant,
929 2823 1020 2907 quod
1039 2823 1169 2889 Romae
1187 2832 1314 2887 tantum

77 2942 273 2996 censerentur
296 2934 400 3015 cives,
426 2943 463 2997 ut
487 2931 691 3016 reipublicae
710 2932 797 2994 vires
821 2929 1007 3014 civiumque
1026 2931 1200 2996 facultates
1220 2939 1316 3015 patc-

45 3085 47 3089 ,
76 3047 152 3122 rent,
175 3061 212 3105 ac
235 3041 358 3105 deinde
382 3043 488 3106 veteri
509 3041 574 3104 ritu
595 3039 731 3104 lustrum
753 3038 942 3102 adcederet.
968 3039 1008 3100 In
1033 3041 1212 3122 provinciis
1234 3059 1315 3103 vero
1408 3071 1410 3078 ⁴

76 3167 176 3210 census
195 3170 316 3212 novum
339 3172 420 3213 onus
444 3158 479 3214 et
499 3169 586 3212 nova
610 3147 734 3212 tributa
755 3147 789 3210 in
811 3146 916 3210 solum
940 3155 973 3208 et
994 3147 1104 3230 capita
1124 3147 1315 3210 adferebat:

76 3253 167 3326 Amm.
187 3257 375 3322 Marcellin.
398 3259 482 3324 Hs'st.
503 3257 594 3318 XIX.
614 3255 664 3316 11.
695 3254 777 3318 Post
797 3253 962 3317 Antonini
983 3261 1094 3316 tamen
1122 3253 1316 3316 Caracallae

77 3365 331 3428 constitutionem
348 3387 446 3449 supra
459 3364 656 3450 explicatam
673 3361 891 3446 paruminter
908 3381 1039 3425 censum
1059 3357 1317 3445 professionem-

77 3492 130 3554 que
145 3471 382 3557 piovincialem
407 3472 538 3535 videtur
556 3469 754 3535 interfuisse.
782 3467 944 3531 Lustralis
968 3469 1054 3531 enim
1075 3491 1190 3532 census
1204 3469 1317 3554 jama
1356 3497 1361 3504 ·
1400 3446 1406 3519 '-

76 3577 260 3664 Vespasiani
277 3580 481 3663 temporibus
501 3581 541 3644 ab
563 3600 621 3643 usu
639 3585 823 3642 recesserat
837 3581 884 3658 ¹¹),
902 3585 987 3640 teste
1006 3575 1190 3641 Censorino
1210 3579 1249 3640 de
1267 3579 1318 3639 dic
1355 3645 1359 3664 .

76 3695 130 3749 nat.
145 3711 168 3750 c.
180 3689 231 3751 18.
247 3687 296 3750 At
311 3709 377 3750 non
395 3687 473 3751 ideo
492 3687 590 3750 etiam
610 3707 724 3749 census
737 3686 866 3748 Romae
887 3694 921 3748 et
937 3685 970 3748 in
989 3685 1167 3768 provinciis
1183 3683 1318 3747 obsole-

76 3793 124 3874 vit,
144 3778 273 3880 qualem
291 3777 391 3858 etiam
412 3795 549 3878 Ulpiani
566 3801 728 3878 tempore,
743 3792 825 3856 licet
842 3793 913 3855 sine
930 3792 1047 3876 lustro,
1066 3791 1251 3873 conditum,
1275 3812 1317 3853 ex
1403 3807 1408 3816 ¹

77 3901 172 3966 multis
181 3903 266 3988 juris
283 3903 386 3966 nostri
401 3902 483 3965 locis
500 3902 660 3965 discimus.

135 4149 173 4215 ιιι)
193 4147 257 4201 vid.
276 4150 311 4201 de
330 4147 449 4216 Savigny
466 4148 532 4202 iiber
547 4149 588 4200 die
607 4147 687 4200 Rbm.
703 4148 956 4216 Steuercerfassunp
978 4154 1057 4198 anter
1075 4147 1125 4197 den
1144 4145 1276 4204 Kaisern,
1288 4143 1317 4195 in
1418 4171 1420 4175 f

79 4229 100 4282 d.
113 4232 233 4287 Zeitscbr.
243 4233 301 4301 scir
317 4235 406 4302 pescli.
426 4236 462 4287 R.
487 4235 526 4288 W.
545 4237 576 4287 Τ.
598 4237 644 4287 VI.
663 4251 736 4286 num.
755 4233 789 4287 V.
808 4249 835 4300 p.
853 4238 914 4287 374.
934 4230 1022 4284 Mitti.

136 4318 166 4382 n)
186 4319 339 4370 Lustralem
364 4324 452 4370 minen
471 4312 582 4388 censum
600 4320 704 4372 Romae
722 4321 777 4385 egit
794 4317 895 4371 Decius
914 4319 1079 4383 Imperator,
1103 4319 1133 4365 ut
1156 4319 1251 4366 auctor
1277 4320 1318 4366 est

80 4397 179 4456 'frebcll
197 4404 288 4474 Pollio
314 4404 446 4456 Valeriae.
474 4411 496 4458 1.
515 4411 542 4456 et
559 4411 585 4457 2.
606 4405 660 4458 Sed
679 4403 820 4466 ultimum,
843 4418 875 4453 ac
898 4404 980 4467 longo
1008 4400 1152 4467 repetitum
1176 4399 1317 4451 intervallo

80 4481 150 4538 luisse
165 4487 232 4542 illud
250 4491 415 4557 exemplum,
434 4495 511 4542 notat
528 4489 583 4542 illic
601 4490 637 4542 ls.
656 4489 844 4546 casaubonus.
863 4489 943 4539 Heia.
