3056 5168
532 405 587 475 Du
613 405 836 478 Aorrouinus.
911 401 914 406 ⁶
1240 421 1309 488 681
1417 431 1421 448 ¹

58 561 167 645 dibile
189 591 255 664 est,
278 581 538 668 Imperatoribus
558 605 666 647 rerum
688 584 802 667 potitis
826 607 897 648 eam
916 587 1080 650 actionem
1103 589 1312 654 constitutam

55 691 176 754 fuisse:
198 690 232 752 id
249 690 339 773 quod
354 698 465 753 tamen
482 691 607 755 mavult
623 690 779 776 Sigonius
794 694 832 754 de
847 693 949 756 Jaan.
963 696 988 755 I.
1004 695 1054 756 17.
1067 717 1100 776 p.
1117 696 1188 759 441.
1210 698 1313 762 Pete-

56 800 156 862 batur
172 817 211 860 ea
229 797 360 860 actione
375 819 439 879 res,
455 799 546 882 justa
562 819 605 862 ex
620 821 732 862 caussa
753 799 889 882 tradita,
911 801 969 864 sed
984 799 1128 866 noudum
1144 815 1313 890 usucapta,

55 927 94 968 ac
111 904 248 970 deinde,
259 905 391 987 amissa,
407 907 547 989 perinde
563 929 602 970 ac
624 907 651 969 si
667 914 755 970 esset
777 921 951 992 usucapio,
969 933 988 974 a
1004 931 1231 996 quocumque,
1256 914 1315 996 qui

55 1033 123 1074 uon
142 1012 405 1094 essetdominus.
427 1013 526 1078 Unde
544 1013 597 1078 hic
612 1014 747 1078 valebat
763 1016 930 1099 exceptio,
948 1034 1116 1083 siminus
1135 1036 1314 1084 POSSESSO-

54 1136 109 1184 Rts
128 1137 202 1184 NON
215 1135 282 1184 sm:
299 1125 334 1184 L.
349 1124 405 1184 alt.
422 1123 462 1182 D.
478 1123 517 1183 de
538 1123 655 1184 Padb'a.
674 1131 732 1183 act.
750 1144 845 1206 quam
870 1132 979 1188 tamen
1003 1127 1235 1210 exceptionem
1253 1125 1314 1188 do-

55 1227 150 1290 minii
166 1228 269 1289 tribus
292 1229 419 1292 casibus
434 1249 586 1311 cessasse,
599 1231 756 1292 observat
771 1230 923 1314 Cujacius
941 1234 1208 1296 occasuram.
1228 1235 1314 1296 For-

55 1335 145 1397 mula
167 1335 306 1398 actionis
336 1335 450 1420 procul
473 1335 575 1399 dubio
603 1346 636 1400 et
657 1336 711 1399 hic
732 1337 810 1402 fuit:
831 1356 893 1402 nto
915 1357 1009 1403 nnuc
1032 1357 1121 1422 neu,
1148 1357 1245 1417 QUAM
1266 1358 1312 1405 TU

54 1458 234 1524 Posslmis,
248 1459 344 1506 Meam
368 1459 459 1524 Essa,
478 1444 590 1508 addita
606 1445 728 1508 deiude
748 1467 860 1510 caussa
874 1446 1076 1528 vindicandi,
1095 1464 1312 1523 Qunnuootn-

55 1568 125 1614 osu
150 1567 222 1612 sau
247 1566 337 1614 noun
358 1569 436 1614 mon
459 1569 556 1618 sura
575 1570 605 1616 u.
629 1571 733 1636 rimo,
756 1571 800 1616 ur
820 1571 863 1618 aa
881 1573 996 1618 soosu
1017 1571 1106 1620 noua
1128 1572 1206 1618 arna
1227 1571 1314 1618 rnn-

55 1675 167 1722 amnm
189 1675 307 1721 accam
321 1663 366 1740 4).

632 1781 661 1862 §-
682 1779 733 1844 aa.

424 1893 501 1946 Aliae
520 1896 634 1948 actr'ones
653 1898 815 1964 Praetoriae
831 1899 859 1950 in
877 1915 942 1951 rem.

137 1995 193 2058 De
208 1992 393 2058 actionibus
413 2011 645 2078 rescissoris,
667 2014 857 2080 PAULIANA,
874 2013 1041 2062 sauviana
1060 2003 1213 2073 etamsi
1232 2014 1312 2063 ssa-

61 2118 162 2164 visrtn
179 2101 262 2164 nihil
278 2109 338 2183 est,
354 2102 444 2186 quod
463 2125 506 2166 ex
522 2104 773 2188 antiquitatibus
794 2105 1042 2185 moneam„nisi
1058 2084 1147 2187 quod
1164 2109 1311 2166 rescisso-

59 2213 109 2270 ria
130 2207 172 2272 ab
194 2208 311 2272 eodem
327 2210 481 2274 Publicio
498 2209 677 2292 Praetore,
693 2210 734 2272 de
754 2232 819 2294 quo
841 2212 956 2294 paullo
973 2221 1068 2292 ante,
1091 2212 1227 2274 inventa
1250 2216 1311 2291 est,

57 2317 102 2378 uti
123 2317 159 2380 in
176 2317 392 2382 adnotatione
414 2318 563 2404 subjecta
584 2318 797 2398 ostendimus,
821 2322 974 2380 Serviano
992 2338 1073 2380 vero
1096 2317 1212 2380 Servio
1235 2316 1311 2380 Sul·

55 2423 157 2507 pitio,
180 2425 301 2508 insigni
332 2425 382 2488 illi
406 2425 661 2506 Jureconsulto,
689 2425 807 2488 deberi
831 2424 980 2500 videtur,
1002 2423 1044 2486 de
1072 2425 1162 2509 cujus
1186 2423 1310 2507 quippe

55 2532 216 2597 Praetura
239 2540 376 2596 testatur
396 2533 515 2596 Cicero
530 2555 592 2626 pro
608 2535 767 2596 Muraena
789 2555 815 2595 a.
829 2532 880 2594 21.
896 2539 939 2614 1).
960 2532 1148 2596 Formulam
1172 2531 1311 2594 actionis

56 2638 236 2703 Seruianae
253 2639 423 2724 indagavit
438 2642 535 2706 Barn.
551 2641 737 2704 Brissonius
752 2643 895 2719 dasorm.
916 2641 951 2704 V.
961 2663 995 2723 p.
1011 2640 1083 2704 382.
1098 2643 1144 2721 ⁸).

55 2895 133 2954 patet,
156 2889 232 2956 quod
248 2889 306 2955 jam
325 2889 468 2942 'l'crentius
488 2887 601 2940 Pborm.
612 2887 672 2940 Act.
686 2887 726 2939 ll.
743 2905 780 2940 ac.
792 2893 819 2940 4.
838 2906 863 2938 a.
878 2891 903 2940 9.
918 2905 973 2956 sqq.
997 2885 1120 2940 meminit
1137 2885 1251 2938 actionis
1269 2903 1312 2937 re·

56 2973 209 3028 scissoriae.
226 2976 294 3026 Eam
312 2991 376 3028 vero
391 2975 534 3029 abeodem
546 2972 673 3026 Publicio
685 2975 816 3025 Praetore
834 2989 903 3034 csse,
919 2973 987 3026 sotis
1004 2972 1164 3038 inteiligitur
1182 2987 1217 3022 ex
1229 2973 1260 3024 L.
1267 2973 1310 3023 35.

35 3071 37 3077 ·
55 3059 88 3113 D.
106 3063 140 3113 da
168 3058 227 3112 obt.
246 3069 272 3111 ct
289 3068 339 3112 act.
358 3062 390 3112 L.
403 3065 445 3113 57.
464 3061 500 3110 D.
522 3059 615 3110 Mand.
634 3058 714 3110 Heia.
733 3058 824 3109 Locus
834 3059 953 3110 Terentii
972 3059 1024 3110 buc
1042 3074 1097 3110 non
1115 3057 1311 3124 pertinetque

55 3145 85 3196 de
103 3125 293 3198 rescindendis
319 3161 336 3197 a
359 3150 435 3211 patre
453 3141 556 3210 nuptiis
575 3144 672 3210 agitur.
698 3142 750 3195 cni
772 3140 897 3195 Publicio
916 3144 980 3195 baec
998 3144 1069 3194 actio
1088 3142 1226 3205 debeatur,
1248 3140 1311 3191 vide

55 3229 221 3283 Reinoldum
239 3229 268 3281 in
287 3231 356 3282 Dies.
376 3232 407 3282 de
419 3230 512 3282 Edicto
529 3229 694 3282 Publiciana.
717 3227 774 3298 [Η.
787 3234 809 3280 l.
827 3227 937 3295 Opnsce.
944 3226 1140 3296 pase-³69]
1158 3226 1241 3277 Gann.

120 3317 160 3385 q)
182 3314 335 3368 Geauiuam
353 3315 432 3368 nobis
451 3313 568 3368 servavit
585 3315 730 3368 formulam
749 3312 835 3379 Gajus
850 3313 899 3366 lv.
911 3313 932 3379 ξ.
946 3317 989 3364 ³6.
1014 3313 1062 3377 (cf.
1078 3313 1111 3363 dc
1129 3310 1184 3362 loci
1195 3307 1311 3361 lectione
1364 3325 1369 3330 ’

54 3398 189 3454 Huschke
208 3401 451 3468 medicantia.)
470 3399 578 3453 Etenim
596 3399 704 3454 fictione
722 3397 844 3452 adbibita
865 3399 904 3450 sio
924 3397 1068 3464 agebatur:
1086 3396 1176 3448 Jndea
1190 3402 1252 3446 esto.
1281 3387 1313 3446 Si

54 3503 126 3554 quem
150 3485 280 3537 bominem
299 3486 385 3538 Anlns
402 3487 605 3553 Apa-insama,
624 3488 681 3538 etis
700 3485 725 3537 ei
742 3485 853 3537 traditas
871 3492 917 3543 est,
944 3500 1012 3534 anno
1027 3482 1192 3550 possedisset,
1217 3479 1313 3530 tnmsi

55 3587 111 3622 enm
124 3571 268 3631 bominem,
288 3571 319 3622 de
338 3589 387 3640 qna
402 3573 497 3638 agriter,
516 3573 573 3640 rej'ns
591 3591 624 3622 ex
633 3573 700 3642 jare
723 3571 867 3628 Qniritium
880 3588 934 3621 esse
944 3576 1087 3638 oporteret,
1104 3567 1219 3636 neqneis
1234 3563 1310 3616 domo

55 3657 78 3707 ei
94 3656 263 3716 restituetur,
290 3657 383 3724 qrennti
399 3673 430 3707 ea
447 3673 491 3706 res
509 3641 684 3715 arietantem
700 3658 841 3725 pecaniam
860 3657 938 3708 Nam.
966 3653 1104 3721 Nepidinm
1123 3652 1193 3704 Anio
1211 3651 1311 3717 Aperio

54 3744 218 3794 condemna:
236 3743 258 3793 si
274 3759 327 3792 non
342 3749 429 3808 paret,
449 3741 581 3794 absolvito.
607 3743 651 3795 De
668 3725 719 3804 bis,
739 3758 809 3809 quac
827 3741 982 3806 supplenda
998 3740 1078 3792 nobis
1096 3737 1154 3790 visa
1172 3740 1244 3797 sunt,
1256 3734 1311 3786 vid.

55 3827 109 3880 Cic.
127 3828 160 3878 in
185 3826 259 3879 Verr.
276 3828 366 3880 11.12.
386 3831 412 3878 et
430 3826 491 3892 Gaj.
510 3827 559 3878 IV.
578 3828 597 3894 ξ.
618 3833 661 3880 51.
681 3829 722 3880 Cf.
740 3827 853 3878 Hcffter.
873 3826 981 3879 Obscra.
997 3827 1033 3877 ad
1050 3826 1112 3894 Gaj.
1126 3839 1186 3888 cap.
1202 3819 1310 3872 xvlu.

54 3927 78 3975 p.
96 3917 142 3965 91.
163 3910 249 3963 Miilrl.
940 3951 943 3958 .

122 3996 154 4060 r)
176 3995 264 4059 Negat
281 3997 347 4050 Otto
365 3995 394 4049 in
412 3997 552 4050 Dissertat.
571 3999 602 4049 dc
624 3998 716 4051 Servio
733 3998 845 4065 Salpina
860 4015 891 4064 p.
905 4002 948 4051 77.
968 3998 1053 4050 Oann.

123 4081 155 4145 s)
176 4081 218 4132 De
237 4081 369 4152 Seruiana¹
384 4081 506 4136 actione:
529 4099 583 4134 voa
602 4084 676 4136 Liibr
693 4085 785 4152 Einipe
803 4083 1008 4149 Bemerirnnpen
1025 4077 1091 4130 iiber
1108 4077 1149 4128 die
1163 4073 1311 4141 dinpiiclicn

55 4165 263 4234 Psandkiaacm
282 4166 308 4220 in
326 4169 430 4220 Dessen
452 4169 562 4235 Mapaz.
577 4167 634 4232 fiir
651 4169 687 4220 R.
707 4169 746 4221 W.
767 4170 797 4220 T.
812 4169 861 4218 ΙΙΙ.
876 4183 950 4219 num.
964 4171 988 4216 4.
1006 4181 1032 4228 p.
1050 4167 1137 4214 129-
1148 4163 1205 4212 138.
1222 4159 1310 4222 junci.

55 4263 80 4313 ρ.
94 4252 125 4302 X
137 4251 259 4303 -XIIL
278 4251 364 4304 Hand.
384 4254 512 4306 Formula
530 4268 600 4320 quae
617 4253 699 4305 fuerit
715 4254 798 4320 hujus
816 4252 949 4304 actionis?
967 4249 1082 4300 necdum
1101 4247 1170 4299 inter
1189 4243 1310 4295 eruditos

55 4341 172 4388 constat.
191 4335 410 4402 cnRibbennop
421 4357 513 4390 comm.
530 4337 599 4390 laced.
620 4354 647 4402 p.
660 4343 703 4390 41.
715 4353 774 4406 sqq.
792 4340 885 4390 Keller
895 4330 1205 4388 iiberLr'tircontestation
1212 4345 1239 4380 u.
1249 4343 1270 4380 s.
1277 4343 1310 4382 w.

56 4423 264 4483 72171017.
282 4423 414 4477 Huschke
434 4423 544 4477 nausea
562 4437 587 4476 u.
605 4437 626 4474 s.
642 4437 674 4474 w.
694 4439 720 4488 p.
732 4427 793 4477 377.
810 4429 866 4475 not.
880 4427 922 4476 47.
946 4416 1144 4474 Mfihlenbrucb
1168 4412 1272 4466 Cassian
1283 4429 1310 4464 u.

57 4519 77 4555 s·
92 4521 125 4557 w.
144 4523 170 4572 p.
185 4511 225 4560 13.
238 4523 279 4576 sq.
305 4514 361 4562 not.
377 4514 420 4563 20.
440 4509 496 4574 (ed.
509 4510 550 4574 3.)
574 4514 601 4560 et
622 4510 656 4562 A.
669 4509 699 4560 L.
712 4505 744 4562 Z.
759 4511 833 4561 1835.
853 4523 926 4561 uum.
939 4511 980 4561 71.
999 4520 1024 4572 ρ.
1039 4505 1099 4556 566.
1118 4499 1221 4553 Bdobcl
1239 4497 1310 4551 cinii-

56 4592 151 4646 recbtl.
163 4591 254 4645 Erb'rt.
267 4595 302 4648 ΙΙ.
314 4609 341 4660 p.
357 4597 500 4650 tan—132
519 4592 604 4646 Mitt
799 4599 801 4606 '
846 4600 849 4604 ’
