3130 5148
349 372 354 391 '
424 363 479 430 Da
503 364 599 434 June
624 317 716 433 Nsri
742 363 855 434 Gerr.
881 387 927 434 ur
952 365 1025 434 Csv.

675 537 705 620 5.
728 537 779 601 19.

600 653 653 708 Ius
669 654 850 708 honorarem.

175 755 322 819 Praeter
336 754 436 840 leges
443 764 478 818 et
488 754 665 839 plebiscita
679 755 778 818 etiam
790 747 915 819 sonora
925 757 1121 822 Praetorum
1133 767 1234 844 atque
1246 759 1352 824 Aedi-

99 865 172 928 lium
186 868 226 945 ¹¹¹)
249 871 376 926 certam
389 863 474 947 juris
493 864 649 946 speciem,
673 883 758 947 quae
778 879 838 927 sus
860 881 1088 929 nonomen
1108 868 1290 931 vocabatur
1304 873 1352 951 ¹),
1388 865 1391 873 ’

99 971 301 1036 constituere
320 978 513 1055 coeperunt.
532 969 646 1047 Quare
663 979 698 1033 et
718 969 760 1032 de
776 972 992 1037 Praetoribus
1007 982 1108 1058 atque
1122 972 1301 1039 Aedilibus
1318 984 1353 1041 et

99 1088 313 1164 utrorumque
332 1076 450 1141 edictis
465 1075 628 1140 nonnulla
644 1077 811 1140 monenda
829 1085 913 1142 sunt.
934 1073 937 1082 ’

674 1232 704 1312 δ.
725 1234 777 1298 20.

608 1349 751 1401 Praetoris
769 1350 852 1418 oripo.

177 1451 298 1516 Creari
309 1434 449 1536 primum
460 1448 603 1512 Praetor
611 1448 724 1533 eoepit
733 1472 821 1512 anno
832 1450 874 1513 U.
883 1448 920 1513 C.
931 1449 1243 1536 cchxxxnt,
1254 1475 1352 1537 quum

98 1560 209 1646 paullo
228 1567 310 1624 ante
331 1557 428 1643 plebs
449 1549 656 1639 obtinuisset,
681 1565 715 1620 ut
734 1556 820 1620 alter
835 1557 1015 1621 Consulum
1036 1559 1190 1644 plebejus
1210 1570 1296 1624 esset
1310 1567 1354 1644 ⁰).

98 1669 186 1732 Male
201 1668 288 1732 baec
303 1686 446 1728 summae
457 1664 633 1747 potestatis
642 1665 775 1750 jactura
792 1665 939 1730 babebat
948 1665 1123 1750 patricioss
1139 1667 1216 1732 hinc
1228 1667 1353 1734 dabant

98 1798 248 1862 operam,
269 1783 307 1837 ut
332 1793 437 1857 penes
463 1770 624 1835 Consules
642 1794 684 1835 eo
709 1773 813 1836 minus
842 1782 928 1837 esset
950 1774 1136 1858 potestatis.
1167 1776 1354 1840 Fraudibus

98 1886 208 1968 itaque
230 1881 343 1945 adorti
366 1879 512 1964 plebem,
535 1879 633 1943 facile
654 1879 689 1944 id
715 1882 1015 1965 consequebantur,
1038 1889 1073 1944 ut
1100 1881 1353 1946 redhostimenti
1458 1949 1463 1958 ⁸

97 1992 171 2055 loco
186 2011 205 2053 e
214 1988 365 2074 patriciis
374 1987 700 2070 creareturPraetor,
715 1988 748 2050 in
760 2009 858 2072 quem
868 1985 991 2051 deinde
1001 2010 1143 2071 omnem,
1154 2011 1238 2073 quae
1248 2011 1352 2074 penes

100 2096 261 2163 Consules
279 2094 387 2159 adhuc
408 2094 526 2176 fuerat,
534 2095 619 2181 juris
640 2095 774 2158 dicundi
794 2103 995 2179 potestatem
1012 2097 1266 2160 transferebant.
1280 2096 1353 2161 Liv.

98 2209 179 2270 Hs'st.
192 2207 224 2268 V
222 2207 247 2266 1.
262 2207 318 2266 ult.
333 2202 405 2264 VII.
416 2204 444 2262 1.
467 2200 565 2266 Unde
579 2201 706 2266 fallitur
717 2203 931 2286 Pomponius,
942 2204 998 2267 vel
1013 2205 1222 2287 praecipuam
1236 2203 1352 2268 saltem

100 2313 261 2377 rationem
279 2307 473 2390 dissimulat,
488 2309 622 2394 quando
637 2309 715 2372 ideo
731 2319 877 2371 creatum
894 2310 941 2373 ait
958 2311 1165 2392 Praetorem,
1186 2315 1260 2394 quia
1276 2313 1353 2376 Con·

101 2423 180 2483 eules
194 2428 406 2482 avocarentur
420 2419 505 2480 bellis
513 2422 670 2500 finitimas,
683 2437 784 2500 neque
796 2425 888 2492 esset,
906 2421 1000 2501 qus's‘n
1015 2420 1139 2480 civetate
1147 2420 1206 2500 jus
1222 2418 1356 2480 reddere

101 2537 216 2610 posset:
239 2525 279 2588 L.
289 2525 321 2588 2.
336 2525 365 2606 §.
378 2522 429 2587 27.
448 2525 488 2588 de
507 2524 542 2586 0.
555 2524 585 2587 J.
600 2528 644 2605 r).

672 2656 701 2738 §.
721 2654 773 2718 21.

495 2771 590 2824 Varias
607 2771 635 2824 ia
650 2778 780 2840 practura
798 2770 963 2826 mutationes.

178 2876 259 2940 Non
279 2873 337 2938 diu
359 2881 470 2938 temen
495 2871 559 2954 iste
583 2870 690 2935 bonor
713 2871 928 2955 patriciorum
947 2870 1067 2936 mansit
1085 2875 1247 2959 proprius.
1273 2875 1352 2940 Non

104 3090 213 3159 quaein
231 3087 351 3142 comitiis
375 3092 424 3140 ant
440 3087 538 3154 populi
558 3090 607 3139 aut
626 3087 714 3153 plebis
736 3086 928 3152 miscerentur,
946 3085 1000 3139 vid.
1019 3087 1127 3140 Walter
1140 3090 1175 3142 R.
1194 3085 1229 3141 G.
1246 3106 1275 3156 p.
1294 3095 1353 3144 1³3.
1393 3139 1398 3150 ,

103 3190 159 3243 sqq.
175 3181 203 3228 et
220 3175 356 3227 Huschke
373 3173 390 3225 l.
408 3174 425 3224 l.
445 3169 471 3238 p.
490 3175 551 3224 402.
571 3169 659 3223 Msidl.

164 3262 208 3328 m)
228 3259 286 3313 Alii
304 3273 415 3326 quoqne
431 3257 507 3308 fuere
523 3255 714 3322 magistratus,
733 3255 781 3326 qui
796 3253 995 3322 jurisdictionis
1009 3269 1093 3307 cause
1109 3253 1259 3319 edicerent,
1277 3260 1308 3307 ut
1326 3256 1354 3308 ln

102 3343 259 3410 provinciis,
278 3341 327 3411 qui
350 3355 401 3407 pro
420 3342 535 3393 'consule
551 3340 596 3392 vel
618 3355 669 3407 pro
692 3346 818 3406 praetore
835 3344 925 3394 essent
945 3339 1154 3407 (vid.‹prooem.
1172 3340 1194 3408 ξ.
1213 3341 1305 3408 XV.),
1323 3345 1355 3392 ut

101 3431 201 3482 Romae
223 3425 327 3480 uibuni
352 3424 449 3491 plebis.
472 3424 528 3478 Cio.
551 3424 580 3478 in
598 3425 677 3478 Verr.
698 3426 734 3477 ΙΙ.
753 3429 795 3478 41.
813 3425 876 3490 Ulp.
895 3425 1001 3492 Pragm.
1020 3425 1082 3478 Vll.
1100 3430 1125 3478 3.
1152 3425 1305 3480 videantur
1328 3431 1355 3478 et

101 3514 228 3582 cujacius
247 3510 489 3578 Schultingiusque
498 3509 533 3561 ad
542 3509 653 3574 Ulpiani
665 3511 756 3564 locum
768 3510 850 3563 modo
863 3511 1114 3580 alleg.,jurs'sprud.
1127 3511 1247 3580 ontey'sest.
1257 3528 1284 3578 p.
1293 3515 1354 3565 688.

100 3605 151 3652 not.
170 3595 461 3662 12.‘Schilling13em.
479 3593 525 3645 nb.
542 3593 622 3648 Rb'm.
639 3595 831 3661 Rechtsgescb.
850 3594 944 3660 Leipz.
959 3597 1034 3647 1829.
1052 3610 1077 3662 p.
1096 3599 1239 3650 ss-lls.
1267 3594 1354 3648 nfittt.

162 3686 198 3751 n)
219 3683 264 3736 De
282 3680 401 3734 nominis
418 3678 522 3746 origine
539 3679 594 3732 vid.
612 3680 633 3747 ξ.
652 3684 677 3733 7.
700 3680 725 3732 Ι.
738 3680 765 3732 Is.
778 3689 797 3731 t.
814 3686 850 3732 et.
869 3679 901 3731 L.
919 3683 944 3732 2.
956 3679 977 3746 ξ.
990 3683 1032 3733 10.
1048 3679 1083 3731 I).
1101 3680 1133 3732 ds
1152 3681 1217 3749 oriq.
1226 3680 1354 3749 jurab.-

101 3768 137 3821 cf.
154 3770 185 3821 L.
205 3773 232 3823 7.
249 3769 272 3835 ᾖ.
292 3772 316 3819 l.
334 3764 370 3817 D.
388 3765 421 3815 ds
428 3765 496 3834 just.
516 3773 542 3816 st
549 3764 663 3832 jure-
674 3766 758 3831 Hugo
775 3765 808 3816 R.
828 3765 861 3815 G.
880 3764 934 3815 XI.
953 3778 980 3829 p.
998 3767 1059 3816 417.
1078 3771 1135 3816 not.
1154 3769 1179 3816 3.
1199 3765 1287 3817 nsunt.

163 3853 197 3920 ο)
220 3854 260 3906 At
277 3855 341 3902 aute
363 3850 439 3916 ipsos
459 3849 592 3901 Consules
616 3851 761 3902 Praetores
782 3850 887 3901 Romae
911 3847 997 3900 fuisse
1021 3847 1159 3900 contendit
1182 3846 1353 3900 lastinianus

102 3937 162 3990 Nos.
176 3937 281 3992 XXV.
295 3934 388 4004 praefi
406 3933 461 3986 Sed
478 3935 622 3987 Praetores
641 3934 808 3986 vomebantur
825 3947 920 3986 omnes
938 3933 1121 4000 magistratus,
1139 3931 1218 4000 quasi
1235 3931 1354 3997 praeito-

101 4038 147 4075 res.
163 4023 238 4075 Fest
258 4035 335 4073 vooc.
356 4019 536 4071 Praetorium
549 4026 641 4086 porte.
659 4017 731 4071 Plin.
749 4019 820 4071 Hist.
838 4027 927 4071 nante.
948 4017 1065 4070 XVIII.
1082 4020 1107 4069 3.
1126 4016 1206 4068 Haisa
1232 4018 1284 4068 Vel
1303 4033 1353 4083 po·

100 4105 165 4160 tius:
183 4105 284 4172 primis
303 4103 405 4157 liberae
422 4103 587 4170 reipublicae
604 4103 772 4171 temporibus
789 4102 843 4169 ipsi
861 4104 986 4156 consules
1004 4101 1094 4154 vocati
1112 4105 1177 4153 sont
1193 4101 1353 4161 Praetores;

99 4190 153 4243 Lis.
163 4193 216 4244 111.
229 4195 275 4245 65.
293 4191 393 4243 Festus
407 4191 454 4242 11.
478 4189 575 4258 Neque
592 4188 668 4241 aliud
685 4189 745 4241 vult
761 4187 934 4240 Justinlanus
946 4201 979 4240 eo
997 4187 1025 4238 in
1037 4186 1112 4246 loco,
1132 4200 1213 4252 quem
1232 4184 1355 4238 nominat

98 4278 204 4330 Auctor.
223 4275 259 4329 cf.
279 4280 307 4327 et
324 4275 432 4326 walter
449 4273 484 4326 R.
502 4275 535 4328 G.
554 4291 581 4340 p.
603 4277 660 4327 105.
679 4271 766 4326 Miilsl.

159 4363 194 4430 p)
215 4363 367 4414 Caeterum
384 4373 449 4410 vers
464 4358 545 4423 ratio,
562 4376 611 4411 our
629 4357 837 4411 ePstrioiormn
855 4358 951 4410 ordino
969 4354 1086 4422 primum
1104 4359 1259 4406 crearentur
1270 4355 1354 4407 Prae-

97 4451 171 4512 tores,
190 4449 261 4500 haeo
279 4442 500 4506 rutenensem,
519 4444 594 4512 quod
613 4449 672 4495 tum
690 4441 819 4508 temporis
834 4457 852 4494 a
868 4441 983 4508 plebejis
1000 4437 1155 4492 hominibus
1170 4437 1218 4504 jus
1240 4437 1294 4490 dici
1312 4455 1353 4489 re-

98 4530 155 4596 ligio
173 4531 268 4585 fuerit.
287 4530 324 4582 es.
346 4527 453 4580 Walter
471 4529 505 4580 R.
523 4529 555 4580 C.
574 4544 602 4594 p.
622 4531 679 4580 105.
699 4526 785 4579 Milli.
