3130 5148
211 319 260 402 20
665 333 1012 381 succensum.

213 487 451 554 Referendmii
468 487 708 571 subscriptione
727 486 863 568 munita,
877 485 971 550 edita
983 493 1034 550 est
1047 489 1096 568 0).;
1118 483 1227 570 uulgo¹
1242 493 1363 562 vocant
1381 486 1471 548 Bre-

211 601 345 660 oium'um
355 596 570 672 ΑἰανίοὶαηειπιΙ
584 595 629 676 l).
640 595 717 673 Quo
731 594 865 679 quidem
877 613 979 687 opere
992 614 1112 692 magna
1123 573 1350 662 Theodosiaui
1362 591 1472 658 Codi-

212 703 257 768 cis
275 724 349 788 pars
361 704 498 788 ejusque
510 702 814 787 supplementorum
833 701 871 783 (i.
891 722 919 763 e.
938 694 1143 764 novellarum
1162 699 1471 779 constitutionum),

211 818 279 874 tum
299 810 397 874 etiam
418 797 602 894 complures
621 811 705 895 juris
727 809 850 875 veteris
872 807 1047 892 reliquiae,
1072 807 1208 873 mutilae
1228 815 1339 894 tamen
1364 813 1469 890 atque

107 999 114 1006 ι
210 916 446 1001 interpolatae,
464 917 726 982 servataenobis
747 924 830 980 sunt.
848 914 949 978 Haud
970 914 1019 978 ita
1035 915 1139 980 midto
1154 922 1230 998 post
1246 914 1382 978 accessit
1395 915 1471 978 Lea

210 1027 355 1088 Rornona
362 1025 630 1106 Burgundionum
644 1029 688 1107 θ),
701 1024 874 1088 maximam
888 1010 1021 1105 quidem
1034 1030 1161 1106 partem
1171 1021 1321 1098 desumto
1330 1041 1373 1084 ex
1379 1021 1469 1104 juris

141 1157 154 1174 ·
210 1132 355 1196 Romani
365 1131 683 1214 fontibus,.pluribus
699 1131 860 1196 tamenin
882 1151 954 1192 eam
969 1128 1135 1192 translatis
1151 1149 1169 1190 e
1189 1129 1267 1214 lege
1283 1128 1470 1192 domestica

210 1238 482 1324 Burgundionum
500 1239 671 1323 capitibus.
687 1240 727 1302 In
740 1235 979 1301 conscribendo
991 1244 1100 1322 autem
1117 1258 1219 1319 opere
1232 1235 1294 1300 etsi
1305 1236 1467 1300 liberiore

175 1416 178 1422 ,
210 1347 340 1412 ratione
362 1367 436 1409 usus
461 1343 504 1410 sit
527 1353 651 1429 auctor,
677 1369 774 1430 quam
798 1345 971 1429 Gojaricus
990 1344 1049 1408 ille
1068 1345 1332 1428 Visigothorum,
1353 1351 1467 1409 tamen
1554 1323 1555 1336 ἵ

211 1455 364 1536 fontium,
387 1454 475 1518 unde
505 1453 641 1518 haustae
656 1455 722 1518 sint
741 1453 892 1538 singulae
916 1453 1113 1534 sententiae,
1138 1453 1261 1536 ubique
1280 1451 1351 1516 fere
1371 1473 1469 1518 men·

210 1561 337 1628 tionem
353 1561 435 1626 lecit
448 1560 492 1644 f).
515 1561 616 1624 Matr.

788 1679 816 1760 s.
837 1676 888 1740 aa

690 1809 814 1863 Collectio
831 1809 996 1861 Justiniani.

293 1907 438 1974 Meliora
455 1911 566 1974 facere
581 1910 733 1990 instituit,
748 1917 848 1992 atque
867 1909 967 1974 ctiam
985 1911 1138 1994 perfecit,
1157 1911 1371 1987 Justinianus,
1382 1911 1466 1976 licet

210 2018 352 2082 amultis
363 2017 582 2102 reprehensus
600 2019 650 2095 sit,
672 2016 761 2101 quod
785 2038 852 2079 non
874 2016 1068 2100 prudentius
1089 2019 1152 2082 hoc
1172 2019 1343 2102 negotium
1361 2021 1465 2082 conli-
1554 2061 1555 2070 η

209 2125 361 2189 ciendum
375 2127 549 2208 curaverit,
561 2133 595 2188 et
607 2125 641 2187 in
656 2147 696 2187 eo
713 2123 956 2189 infelicissimus
968 2125 1067 2189 finisse
1079 2127 1259 2210 judicetur,
1277 2125 1366 2210 quod
1380 2125 1466 2189 inci-

209 2232 296 2297 derit
317 2235 531 2318 intempore,
555 2225 673 2317 quibus
693 2231 735 2296 ad
758 2231 951 2316 gliscentem
974 2233 1160 2296 barbariem
1184 2234 1239 2297 vix
1253 2233 1372 2296 liceret
1390 2235 1465 2296 orbi
1514 2252 1518 2262 ’

209 2317 369 2424 literario,
389 2363 541 2426 magnum
562 2341 643 2424 quid
659 2348 760 2425 atque
775 2338 954 2402 excellens·
967 2365 986 2404 a
1001 2340 1237 2424 jureconsultis
1257 2341 1326 2428 ejus
1345 2343 1465 2406 aetatis

211 2453 466 2532 exspectares).
488 2448 542 2511 De
559 2449 686 2511 duobus
704 2458 813 2512 autem
831 2447 1034 2532 potissimum
1046 2449 1215 2512 codicibus
1228 2449 1465 2512 concinnandis

210 2556 382 2640 cogitavit,
398 2576 463 2618 uno
478 2556 761 2638 constitutionum,
784 2555 890 2618 altero
903 2555 987 2637 juris
1010 2554 1187 2632 enucleati,
1210 2557 1230 2618 i.
1247 2578 1275 2619 e.
1296 2557 1352 2641 qui
1368 2556 1465 2641 jure-

210 2663 432 2726 consultorum
443 2640 591 2727 velerum
604 2664 725 2747 scripta
739 2659 1022 2744 complecteretur.
1041 2664 1170 2743 (Const.
1182 2665 1249 2728 Deo
1263 2675 1344 2727 anot.
1354 2667 1383 2748 §.
1393 2665 1465 2746 ll).

94 2843 99 2854 Ι
212 2769 313 2849 Quod
325 2771 543 2855 propositum,
560 2772 727 2856 quomodo
747 2770 928 2856 peregerit,
942 2793 1019 2834 mox
1039 2773 1192 2835 breviter.
1203 2762 1341 2836 dicetur.
1363 2775 1464 2836 Mdbl.

785 2940 814 3022 §.
833 2937 884 3002 26.

636 3072 726 3140 Hujtcs
744 3072 919 3140 Imperatoris
935 3073 1035 3140 posius.

292 3175 353 3239 Est
368 3173 423 3237 hic
442 3174 596 3258 princeps
612 3171 764 3256 ancipitis
779 3172 955 3256 admodum
971 3173 1090 3255 famae,
1111 3182 1156 3256 et,
1172 3175 1198 3237 si
1211 3177 1280 3257 ejus
1292 3172 1463 3259 ingenium

212 3303 254 3344 ex
271 3281 431 3366 Procopii
436 3282 565 3366 judicio
579 3281 742 3363 aestimes,
758 3280 923 3361 laudibus,
939 3303 1019 3366 quas
1033 3283 1065 3344 ei
1085 3263 1203 3365 vdlgns
1213 3284 1466 3370 jureconsulto7

210 3410 280 3453 rum
295 3389 482 3471 admetitur,
497 3390 551 3453 vix
568 3388 696 3474 dignus.
713 3389 827 3452 Fuisse
838 3388 925 3451 enim
943 3388 1063 3453 dicitur
1074 3390 1181 3452 varius
1191 3390 1224 3451 in
1240 3391 1329 3453 omni
1338 3413 1464 3476 genere

280 3637 309 3704 c)
330 3637 414 3704 Hugo
432 3637 467 3688 R.
480 3637 515 3688 G.
533 3651 561 3702 p.
582 3635 772 3688 1040-1049.
790 3635 834 3686 ed.
850 3635 903 3688 XI.
916 3635 951 3686 de
969 3633 1088 3700 savigny
1106 3637 1124 3688 l.
1137 3637 1154 3688 1.
1171 3637 1234 3688 Vol.
1253 3638 1290 3690 ΙΙ.
1309 3637 1369 3704 sap.
1386 3641 1464 3692 vlu.

210 3721 231 3790 §.
241 3725 284 3774 85.
294 3737 336 3790 sq.
347 3722 453 3774 Sticber
461 3721 488 3774 in
498 3721 582 3787 prael.
594 3720 630 3771 sd
642 3718 783 3773 Hauboldi
791 3721 959 3786 opusevol.
968 3721 1004 3770 ΙΙ.
1014 3719 1362 3788 p.1.xxx1v-cuvt1.
1376 3723 1466 3778 Miiltt.

281 3807 314 3872 d)
334 3807 421 3874 Cujus
439 3803 502 3863 libri
514 3803 593 3856 unica
605 3804 688 3858 editio
700 3804 802 3870 prodiit
819 3822 843 3854 c.
855 3805 900 3856 Jo.
915 3804 1049 3868 Siohmdi,
1063 3805 1173 3858 titulum
1186 3808 1341 3871 praeferens
1354 3809 1465 3863 Codicis

210 3891 403 3943 Theodosiani.
422 3888 507 3940 Basil.
527 3893 602 3941 1528.
622 3889 729 3941 Novem
747 3890 782 3940 G.
798 3889 948 3942 Haenelius
965 3893 1045 3955 parat
1062 3889 1216 3958 edibonem,
1234 3875 1313 3959 euju's
1327 3893 1388 3960 jam
1403 3911 1466 3961 spo-

210 3975 298 4027 cimen
316 3976 401 4028 edidit
418 3975 469 4026 hoc
486 3973 547 4039 ipso
567 3987 638 4025 anno
656 3975 765 4041 (1838).
785 3970 872 4026 Miill.

279 4062 309 4129 e)
331 4049 478 4126 Perpetem
495 4058 575 4111 etiam
593 4065 705 4112 vocatur
723 4055 879 4125 Pupienum
896 4058 930 4109 de
947 4059 1026 4127 cujus
1047 4059 1147 4112 erroris
1164 4073 1248 4118 causa
1265 4054 1320 4112 vid.
1333 4056 1418 4128 Hugo
1430 4064 1465 4115 R.

211 4146 246 4196 G.
265 4163 292 4211 p.
313 4149 389 4198 1050.
408 4144 450 4194 ed.
469 4144 524 4194 XI.
542 4144 576 4195 cl.
596 4144 631 4199 de
647 4143 767 4210 savigny
785 4144 803 4194 l.
822 4144 840 4194 l.
859 4143 922 4195 Vol.
934 4144 971 4222 Il.
991 4145 1060 4210 Cap.
1077 4145 1141 4204 Vll.
1159 4145 1180 4210 5.
1199 4147 1225 4196 δι
1244 4141 1333 4196 Mtte

210 4275 218 4280 ,
278 4229 308 4297 f)
328 4227 483 4280 Novissime
507 4230 594 4296 legem
617 4230 769 4280 Romanam
789 4228 1017 4294 Burgundionum
1041 4229 1126 4282 edidit
1143 4230 1176 4282 A·
1195 4230 1226 4308 F,
1246 4229 1373 4288 Baskon.
1384 4231 1466 4298 Gry-

97 4329 100 4334 ·
210 4314 352 4380 phiswald.
372 4316 448 4364 1836.
469 4310 554 4366 Mitte.

280 4399 312 4464 g)
332 4397 567 4473 Reprehensiouis·
578 4397 661 4450 verba
678 4401 743 4448 sunt
759 4397 814 4448 fcrc
832 4397 969 4452 Auctoris.
986 4398 1041 4450 Sed
1058 4396 1113 4450 vid.
1129 4398 1162 4450 dc
1180 4397 1299 4466 savigny
1319 4383 1418 4452 Gessll.
1439 4402 1468 4454 d.

212 4485 246 4535 R.
264 4485 298 4536 R.
318 4483 355 4536 im
374 4482 532 4538 Mittelalter
551 4481 614 4534 Vol.
632 4483 654 4534 1.
673 4497 731 4548 cap.
751 4483 773 4536 Ι.
798 4483 840 4536 ed.
860 4487 885 4534 2.
905 4481 993 4536 title.
