3030 5160
197 365 275 445 Lr'a.
304 377 371 447 lll.
395 377 475 446 Trr.
499 377 542 444 V.
568 377 622 446 Du
646 373 878 448 Saccassrosa
903 377 1160 486 Cocnnrouuu.
1236 385 1309 454 Μ

61 555 218 616 baecnon
236 552 281 616 sit
298 552 452 646 illustris,
470 575 556 646 quae
572 554 705 640 quidem
721 553 805 618 alios
823 553 948 620 liberos
965 573 1034 620 nou
1050 555 1174 640 babeat
1195 555 1310 640 legiti-

53 681 138 724 mos:
157 659 196 723 L.
216 681 297 742 pen
321 661 353 724 0.
372 664 418 724 od
435 663 554 726 Stltum
581 664 809 745 Orphitianum.
837 664 994 748 Denique
1015 684 1091 728 usus
1113 663 1208 750 hujus
1229 665 1309 730 scu

60 767 151 850 plane
169 767 361 851 obsolevit,
382 789 425 833 ex
445 791 512 855 quo
526 789 589 854 per
606 769 686 832 Noc.
703 770 767 832 CX
767 771 854 834 VIII.
871 772 901 836 1.
917 770 1017 836 liberi
1039 772 1134 836 matri
1155 771 1309 858 patrique
1401 817 1405 828 ι

60 874 168 938 eodem
178 874 260 961 jure
270 875 456 940 succedero
472 885 663 962 coeperunt.

508 1193 858 1290 mmmm

663 1388 700 1430 D!

301 1505 660 1583 SUGGESSIONE
685 1507 1067 1585 COGNATORUM.

87 1749 89 1754 .
134 1695 383 1762 Deficientibus
398 1697 464 1760 suis
479 1663 514 1762 ei
534 1696 696 1782 adgnatis,
717 1699 867 1784 proxime
883 1698 926 1762 ad
948 1697 1186 1764 successionem
1210 1721 1310 1766 voca-

64 1803 171 1868 bantur
186 1822 353 1887 ooonnrr,
368 1805 458 1890 cujus
465 1805 550 1889 juris
566 1805 730 1890 originem
744 1808 788 1872 ad
802 1807 888 1903 himo
901 1807 1032 1875 titulum
1050 1829 1092 1872 ex
1103 1808 1311 1894 antiquitati-

65 1911 114 1974 bus
128 1922 284 2000 repetere
300 1913 445 1999 juvabit.

638 2062 718 2146 μ

227 2174 276 2224 An
295 2177 420 2239 cognatos
437 2171 474 2223 ad
490 2171 677 2226 successionem
694 2171 797 2223 vacarit
814 2171 857 2224 lex
877 2171 947 2225 XII
962 2170 1135 2225 Tabularum.

136 2286 245 2372 Leges
260 2285 338 2350 XII
354 2284 556 2351 Tabularum
572 2277 695 2349 nullam
710 2285 879 2350 habebant
902 2295 1117 2372 cognatorum
1136 2286 1310 2368 rationem,

70 2391 215 2478 quidquid
225 2395 260 2458 in
278 2393 481 2457 contrarium
497 2395 621 2458 nitatur
630 2393 677 2456 M.
686 2392 840 2458 Vertran.
851 2394 987 2458 Maurus
996 2396 1035 2458 de
1043 2397 1121 2477 jure
1129 2395 1214 2457 liber.
1227 2393 1311 2456 aaa.
1433 2466 1437 2478 Ι

70 2497 210 2575 Quamvis
237 2503 328 2566 enim
351 2500 440 2585 apud
462 2500 602 2564 Paulum
627 2501 781 2564 Sententt.
805 2502 943 2584 Recepit.
962 2501 1020 2564 IV.
1035 2501 1065 2564 8.
1082 2500 1133 2564 22.
1155 2500 1310 2585 legimus:

73 2606 200 2672 Ueterum
215 2613 269 2674 lea
284 2611 359 2672 XII
371 2609 561 2672 Tabularum
578 2611 668 2672 nulla
683 2610 866 2672 discretione
881 2631 976 2672 seaus
997 2617 1146 2694 cognatas
1159 2611 1311 2672 admittit:

70 2722 147 2777 recte
166 2723 278 2782 tamen
302 2716 539 2781 Rittersbusius
563 2719 607 2778 ad
620 2719 649 2780 a.
663 2725 686 2780 t.
702 2727 736 2780 et
758 2716 876 2781 Jacob.
899 2715 1125 2782 Gothosredus
1151 2719 1195 2779 ad
1207 2719 1311 2802 Leges

72 2820 131 2882 XII
141 2825 210 2888 aaa.
232 2827 298 2888 tab.
319 2824 354 2887 V.
377 2823 604 2906 observarunt,
626 2824 660 2886 in
675 2823 796 2888 mendo
820 2825 942 2889 cubare
957 2825 1050 2889 illum
1072 2824 1169 2890 Pauli
1190 2825 1310 2908 locum,

70 2917 303 3018 legendumque
320 2952 391 2994 esse
407 2953 473 2995 non
489 2943 648 3017 cognatos,
664 2933 724 2996 sed
745 2935 910 3015 adgnatos.
926 2933 1013 2998 Sane
1026 2941 1160 3018 praeter
1169 2932 1311 2996 heredes

73 3053 143 3113 suos,
155 3037 330 3124 adgnatos,
346 3048 381 3103 et
396 3039 550 3123 gentiles,
565 3039 674 3103 nullus
683 3040 761 3124 jure
778 3039 990 3106 decemvirali
1012 3040 1210 3106 succedendi
1227 3039 1309 3104 ordo

73 3144 781 3235 mmmmmmmmm

287 3291 294 3302 ’
640 3329 721 3412 μ

354 3451 532 3521 Cepnatmum
549 3453 676 3504 inaccessio
690 3470 724 3504 ex
732 3454 801 3524 jure
816 3452 952 3522 praetoria
971 3460 1018 3506 art.

144 3551 233 3619 Tota
248 3574 331 3636 ergo
346 3552 407 3616 illa
422 3551 621 3616 succedendi
636 3553 722 3616 ratio
738 3576 757 3616 e
766 3555 844 3638 jure
859 3553 1035 3618 Praetorio
1045 3550 1228 3633 descendit,
1243 3573 1311 3635 quo

75 3651 220 3725 bonorum
244 3661 408 3749 possessio
425 3682 468 3724 ex
492 3660 603 3724 edicto
624 3660 714 3725 Unde
732 3665 861 3744 cognati
878 3660 1134 3745 promittebatur
1149 3659 1311 3742 cognatis,

77 3759 99 3819 si
107 3764 151 3827 sui
162 3767 303 3834 heredes
318 3769 455 3852 adgnati
472 3767 663 3852 deficerent,
687 3777 723 3833 ut
745 3769 900 3834 observat
921 3770 992 3856 ipse
1014 3770 1201 3854 Imperator
1208 3771 1311 3848 princ.

77 3865 142 3932 Inst.
155 3875 184 3936 ls.
199 3886 221 3938 t.
248 3877 602 3964 (Gaj.111.27-31.).
682 3931 685 3937 .

645 4024 725 4106 μ

559 4135 675 4194 Quinam
693 4135 814 4202 cannati?

150 4226 300 4299 Coaunrr
317 4237 448 4321 quinam
464 4243 636 4318 vocentur,
651 4242 765 4298 notum
775 4244 835 4318 est,
851 4236 978 4300 scilicet
993 4236 1050 4321 qui
1061 4235 1310 4321 propinquitate

79 4336 230 4415 sanguinis
253 4343 351 4406 etiam
370 4365 433 4426 per
454 4342 592 4406 feminas
615 4344 872 4427 conjunguntur:
894 4347 933 4406 B.
942 4347 1004 4408 ult.
1019 4346 1047 4426 §.
1066 4344 1153 4406 21).
1172 4345 1211 4404 de
1229 4343 1310 4404 Gra-

80 4434 130 4498 aa
150 4442 213 4508 Per
228 4451 423 4534 adoptiones
446 4451 661 4535 contingebat
682 4451 841 4535 adgnatio
861 4451 985 4532 civilis,
1009 4471 1093 4534 quae
1117 4460 1226 4514 tamen
1242 4470 1309 4512 non
1366 4535 1370 4538 Ι

82 4552 284 4642 cognationis,
307 4559 365 4623 sed
386 4558 595 4645 adgnatiouis
611 4559 690 4643 jura
711 4538 894 4626 tribuebat:
914 4560 953 4622 L.
973 4559 1002 4621 4.
1022 4558 1051 4640 ὃ.
1066 4557 1096 4621 2.
1111 4559 1151 4620 D.
1171 4559 1209 4620 de
1227 4558 1309 4658 Gra-
