<?xml version="1.0" encoding="UTF-8"?>
<!DOCTYPE html PUBLIC "-//W3C//DTD XHTML 1.0 Transitional//EN"
    "http://www.w3.org/TR/xhtml1/DTD/xhtml1-transitional.dtd">
<html xmlns="http://www.w3.org/1999/xhtml" xml:lang="en" lang="en">
 <head>
  <title>
</title>
<meta http-equiv="Content-Type" content="text/html;charset=utf-8" />
  <meta name='ocr-system' content='tesseract 3.04.00' />
  <meta name='ocr-capabilities' content='ocr_page ocr_carea ocr_par ocr_line ocrx_word'/>
</head>
<body>
  <div class='ocr_page' id='page_1' title='image "./jogottliebheine00haubgoog_0218.png"; bbox 0 0 3062 5156; ppageno 0'>
   <div class='ocr_carea' id='block_1_1' title="bbox 407 363 1292 474">
    <p class='ocr_par' dir='ltr' id='par_1_1' title="bbox 407 363 1292 474">
     <span class='ocr_line' id='line_1_1' title="bbox 407 363 1292 474; baseline 0.018 -39"><span class='ocrx_word' id='word_1_1' title='bbox 407 367 463 436; x_wconf 82' lang='lat' dir='ltr'><strong>Ila</strong></span> <span class='ocrx_word' id='word_1_2' title='bbox 489 363 632 440; x_wconf 81' lang='lat' dir='ltr'><strong>Cnnrrrs</strong></span> <span class='ocrx_word' id='word_1_3' title='bbox 658 369 911 442; x_wconf 78' lang='lat' dir='ltr'><strong>Damnormnn.</strong></span> <span class='ocrx_word' id='word_1_4' title='bbox 949 467 952 474; x_wconf 23' lang='lat'><strong><em>¹</em></strong></span> <span class='ocrx_word' id='word_1_5' title='bbox 1222 385 1292 451; x_wconf 82' lang='grc'><strong>177</strong></span> 
     </span>
    </p>
   </div>
   <div class='ocr_carea' id='block_1_2' title="bbox 50 544 1290 744">
    <p class='ocr_par' dir='ltr' id='par_1_2' title="bbox 50 544 1290 744">
     <span class='ocr_line' id='line_1_2' title="bbox 50 544 1290 636; baseline 0.007 -27"><span class='ocrx_word' id='word_1_6' title='bbox 50 547 87 609; x_wconf 91' lang='lat' dir='ltr'><strong>de</strong></span> <span class='ocrx_word' id='word_1_7' title='bbox 108 546 220 629; x_wconf 86' lang='lat' dir='ltr'><strong>eapitis</strong></span> <span class='ocrx_word' id='word_1_8' title='bbox 242 544 473 608; x_wconf 70' lang='lat' dir='ltr'><strong>deminutione</strong></span> <span class='ocrx_word' id='word_1_9' title='bbox 495 565 648 630; x_wconf 77' lang='lat' dir='ltr'><strong>agemus,</strong></span> <span class='ocrx_word' id='word_1_10' title='bbox 664 565 730 610; x_wconf 84' lang='lat' dir='ltr'><strong>non</strong></span> <span class='ocrx_word' id='word_1_11' title='bbox 754 549 844 632; x_wconf 88' lang='lat' dir='ltr'><strong>quod</strong></span> <span class='ocrx_word' id='word_1_12' title='bbox 867 569 941 613; x_wconf 91' lang='lat' dir='ltr'><strong>eum</strong></span> <span class='ocrx_word' id='word_1_13' title='bbox 969 551 1290 636; x_wconf 87' lang='lat' dir='ltr'><strong>ordinemputemus</strong></span> 
     </span>
     <span class='ocr_line' id='line_1_3' title="bbox 50 651 1229 744; baseline 0.005 -28"><span class='ocrx_word' id='word_1_14' title='bbox 50 655 249 734; x_wconf 85' lang='lat' dir='ltr'><strong>concinnum,</strong></span> <span class='ocrx_word' id='word_1_15' title='bbox 269 651 329 714; x_wconf 90' lang='lat' dir='ltr'><strong>sed</strong></span> <span class='ocrx_word' id='word_1_16' title='bbox 346 653 423 736; x_wconf 86' lang='lat' dir='ltr'><strong>quia</strong></span> <span class='ocrx_word' id='word_1_17' title='bbox 441 653 620 718; x_wconf 71' lang='lat' dir='ltr'><strong>Iustiniani</strong></span> <span class='ocrx_word' id='word_1_18' title='bbox 635 654 866 722; x_wconf 79' lang='lat' dir='ltr'><strong>InstitutIones</strong></span> <span class='ocrx_word' id='word_1_19' title='bbox 885 659 978 744; x_wconf 85' lang='lat' dir='ltr'><strong>sequi</strong></span> <span class='ocrx_word' id='word_1_20' title='bbox 995 659 1229 724; x_wconf 76' lang='lat' dir='ltr'><strong>constituImus.</strong></span> 
     </span>
    </p>
   </div>
   <div class='ocr_carea' id='block_1_3' title="bbox 42 807 1345 4110">
    <p class='ocr_par' dir='ltr' id='par_1_3' title="bbox 420 807 916 994">
     <span class='ocr_line' id='line_1_4' title="bbox 597 807 704 888; baseline 0.028 -22"><span class='ocrx_word' id='word_1_21' title='bbox 597 807 651 888; x_wconf 83' lang='lat'><strong>.§.</strong></span> <span class='ocrx_word' id='word_1_22' title='bbox 675 809 704 869; x_wconf 93' lang='lat'><strong>1.</strong></span> 
     </span>
     <span class='ocr_line' id='line_1_5' title="bbox 420 919 916 994; baseline 0.014 -23"><span class='ocrx_word' id='word_1_23' title='bbox 420 919 503 990; x_wconf 74' lang='lat' dir='ltr'><strong>Oripo</strong></span> <span class='ocrx_word' id='word_1_24' title='bbox 521 923 615 990; x_wconf 74' lang='lat' dir='ltr'><strong>capitis</strong></span> <span class='ocrx_word' id='word_1_25' title='bbox 633 923 815 976; x_wconf 67' lang='lat' dir='ltr'><strong>deminutionis</strong></span> <span class='ocrx_word' id='word_1_26' title='bbox 832 931 916 994; x_wconf 82' lang='lat' dir='ltr'><strong>quoe?</strong></span> 
     </span>
    </p>

    <p class='ocr_par' dir='ltr' id='par_1_4' title="bbox 42 1001 1345 4110">
     <span class='ocr_line' id='line_1_6' title="bbox 119 1001 1288 1115; baseline 0.007 -29"><span class='ocrx_word' id='word_1_27' title='bbox 119 1021 226 1107; x_wconf 81' lang='lat' dir='ltr'>Origo</span> <span class='ocrx_word' id='word_1_28' title='bbox 247 1001 379 1086; x_wconf 67' lang='lat' dir='ltr'><strong>eneruis</strong></span> <span class='ocrx_word' id='word_1_29' title='bbox 405 1037 667 1104; x_wconf 78' lang='lat' dir='ltr'><strong>nnurnurlonls,</strong></span> <span class='ocrx_word' id='word_1_30' title='bbox 685 1045 782 1109; x_wconf 90' lang='lat' dir='ltr'><strong>quam</strong></span> <span class='ocrx_word' id='word_1_31' title='bbox 803 1046 901 1115; x_wconf 83' lang='lat' dir='ltr'><strong>nemo</strong></span> <span class='ocrx_word' id='word_1_32' title='bbox 920 1027 1027 1091; x_wconf 90' lang='lat' dir='ltr'><strong>adhuc</strong></span> <span class='ocrx_word' id='word_1_33' title='bbox 1042 1051 1102 1114; x_wconf 92' lang='lat' dir='ltr'><strong>pro</strong></span> <span class='ocrx_word' id='word_1_34' title='bbox 1125 1029 1288 1114; x_wconf 88' lang='lat' dir='ltr'><strong>dignitato</strong></span> 
     </span>
     <span class='ocr_line' id='line_1_7' title="bbox 49 1127 1290 1219; baseline 0.006 -28"><span class='ocrx_word' id='word_1_35' title='bbox 49 1128 207 1212; x_wconf 85' lang='lat' dir='ltr'><strong>exposuit,</strong></span> <span class='ocrx_word' id='word_1_36' title='bbox 226 1152 246 1192; x_wconf 89' lang='lat' dir='ltr'><strong>a</strong></span> <span class='ocrx_word' id='word_1_37' title='bbox 264 1128 414 1192; x_wconf 87' lang='lat' dir='ltr'><strong>censibus</strong></span> <span class='ocrx_word' id='word_1_38' title='bbox 431 1127 591 1192; x_wconf 89' lang='lat' dir='ltr'><strong>Romanis</strong></span> <span class='ocrx_word' id='word_1_39' title='bbox 612 1130 744 1194; x_wconf 92' lang='lat' dir='ltr'><strong>videtur</strong></span> <span class='ocrx_word' id='word_1_40' title='bbox 761 1133 955 1216; x_wconf 87' lang='lat' dir='ltr'><strong>repetenda.</strong></span> <span class='ocrx_word' id='word_1_41' title='bbox 977 1136 1101 1199; x_wconf 91' lang='lat' dir='ltr'><strong>Notum</strong></span> <span class='ocrx_word' id='word_1_42' title='bbox 1122 1145 1181 1219; x_wconf 92' lang='lat' dir='ltr'><strong>est,</strong></span> <span class='ocrx_word' id='word_1_43' title='bbox 1198 1137 1290 1201; x_wconf 88' lang='lat' dir='ltr'><strong>Serv.</strong></span> 
     </span>
     <span class='ocr_line' id='line_1_8' title="bbox 49 1237 1289 1322; baseline 0.006 -23"><span class='ocrx_word' id='word_1_44' title='bbox 49 1237 182 1299; x_wconf 87' lang='lat' dir='ltr'><strong>Tullium</strong></span> <span class='ocrx_word' id='word_1_45' title='bbox 208 1237 341 1322; x_wconf 84' lang='lat' dir='ltr'>Regem</span> <span class='ocrx_word' id='word_1_46' title='bbox 367 1237 553 1299; x_wconf 92' lang='lat' dir='ltr'><strong>universum</strong></span> <span class='ocrx_word' id='word_1_47' title='bbox 576 1238 734 1320; x_wconf 92' lang='lat' dir='ltr'><strong>populum</strong></span> <span class='ocrx_word' id='word_1_48' title='bbox 760 1237 947 1304; x_wconf 90' lang='lat' dir='ltr'><strong>Romanum</strong></span> <span class='ocrx_word' id='word_1_49' title='bbox 970 1241 1003 1305; x_wconf 91' lang='lat' dir='ltr'><strong>in</strong></span> <span class='ocrx_word' id='word_1_50' title='bbox 1030 1265 1089 1306; x_wconf 86' lang='lat' dir='ltr'><strong>sex</strong></span> <span class='ocrx_word' id='word_1_51' title='bbox 1115 1243 1233 1308; x_wconf 84' lang='lat' dir='ltr'><strong>classes</strong></span> <span class='ocrx_word' id='word_1_52' title='bbox 1255 1255 1289 1308; x_wconf 93' lang='lat' dir='ltr'><strong>et</strong></span> 
     </span>
     <span class='ocr_line' id='line_1_9' title="bbox 49 1343 1290 1436; baseline 0.007 -31"><span class='ocrx_word' id='word_1_53' title='bbox 49 1343 186 1406; x_wconf 85' lang='lat' dir='ltr'>CXCIII</span> <span class='ocrx_word' id='word_1_54' title='bbox 207 1344 372 1409; x_wconf 84' lang='lat' dir='ltr'><strong>centurias</strong></span> <span class='ocrx_word' id='word_1_55' title='bbox 392 1343 622 1428; x_wconf 81' lang='lat' dir='ltr'><strong>descripsisse,</strong></span> <span class='ocrx_word' id='word_1_56' title='bbox 638 1345 673 1408; x_wconf 88' lang='lat' dir='ltr'><strong>in</strong></span> <span class='ocrx_word' id='word_1_57' title='bbox 691 1346 807 1429; x_wconf 92' lang='lat' dir='ltr'><strong>quibus</strong></span> <span class='ocrx_word' id='word_1_58' title='bbox 830 1350 1069 1414; x_wconf 86' lang='lat' dir='ltr'><strong>constituendis</strong></span> <span class='ocrx_word' id='word_1_59' title='bbox 1094 1371 1161 1414; x_wconf 92' lang='lat' dir='ltr'><strong>non</strong></span> <span class='ocrx_word' id='word_1_60' title='bbox 1178 1352 1290 1436; x_wconf 83' lang='lat' dir='ltr'><strong>regio-</strong></span> 
     </span>
     <span class='ocr_line' id='line_1_10' title="bbox 48 1451 1290 1540; baseline 0.006 -26"><span class='ocrx_word' id='word_1_61' title='bbox 48 1473 113 1514; x_wconf 88' lang='lat' dir='ltr'><strong>num</strong></span> <span class='ocrx_word' id='word_1_62' title='bbox 130 1453 239 1538; x_wconf 82' lang='lat' dir='ltr'><strong>urbIs,</strong></span> <span class='ocrx_word' id='word_1_63' title='bbox 256 1459 313 1514; x_wconf 86' lang='lat' dir='ltr'><strong>aut</strong></span> <span class='ocrx_word' id='word_1_64' title='bbox 329 1451 548 1515; x_wconf 88' lang='lat' dir='ltr'><strong>communium</strong></span> <span class='ocrx_word' id='word_1_65' title='bbox 570 1473 745 1536; x_wconf 88' lang='lat' dir='ltr'><strong>sacrorum,</strong></span> <span class='ocrx_word' id='word_1_66' title='bbox 762 1454 821 1518; x_wconf 90' lang='lat' dir='ltr'><strong>sed</strong></span> <span class='ocrx_word' id='word_1_67' title='bbox 837 1477 935 1540; x_wconf 91' lang='lat' dir='ltr'><strong>opum</strong></span> <span class='ocrx_word' id='word_1_68' title='bbox 954 1465 989 1520; x_wconf 90' lang='lat' dir='ltr'><strong>et</strong></span> <span class='ocrx_word' id='word_1_69' title='bbox 1003 1456 1196 1522; x_wconf 82' lang='lat' dir='ltr'><strong>facultatum</strong></span> <span class='ocrx_word' id='word_1_70' title='bbox 1215 1458 1290 1522; x_wconf 91' lang='lat' dir='ltr'><strong>iniit</strong></span> 
     </span>
     <span class='ocr_line' id='line_1_11' title="bbox 48 1557 1291 1648; baseline 0.01 -28"><span class='ocrx_word' id='word_1_71' title='bbox 48 1559 209 1622; x_wconf 89' lang='lat' dir='ltr'><strong>rationem.</strong></span> <span class='ocrx_word' id='word_1_72' title='bbox 239 1557 339 1622; x_wconf 89' lang='lat' dir='ltr'><strong>Unde</strong></span> <span class='ocrx_word' id='word_1_73' title='bbox 362 1559 396 1622; x_wconf 91' lang='lat' dir='ltr'><strong>in</strong></span> <span class='ocrx_word' id='word_1_74' title='bbox 417 1563 556 1640; x_wconf 69' lang='lat' dir='ltr'><strong>probrum</strong></span> <span class='ocrx_word' id='word_1_75' title='bbox 581 1559 717 1624; x_wconf 86' lang='lat' dir='ltr'><strong>classem</strong></span> <span class='ocrx_word' id='word_1_76' title='bbox 740 1562 902 1646; x_wconf 86' lang='lat' dir='ltr'><strong>conjecit,</strong></span> <span class='ocrx_word' id='word_1_77' title='bbox 932 1565 989 1648; x_wconf 93' lang='lat' dir='ltr'><strong>qui</strong></span> <span class='ocrx_word' id='word_1_78' title='bbox 1014 1565 1080 1630; x_wconf 87' lang='lat' dir='ltr'><strong>cM</strong></span> <span class='ocrx_word' id='word_1_79' title='bbox 1103 1566 1206 1648; x_wconf 87' lang='lat' dir='ltr'><strong>aeris,</strong></span> <span class='ocrx_word' id='word_1_80' title='bbox 1234 1573 1291 1632; x_wconf 87' lang='lat' dir='ltr'><strong>aut</strong></span> 
     </span>
     <span class='ocr_line' id='line_1_12' title="bbox 49 1667 1291 1755; baseline 0.009 -28"><span class='ocrx_word' id='word_1_81' title='bbox 49 1667 193 1749; x_wconf 86' lang='lat' dir='ltr'><strong>majorem</strong></span> <span class='ocrx_word' id='word_1_82' title='bbox 216 1687 346 1730; x_wconf 89' lang='lat' dir='ltr'><strong>censum</strong></span> <span class='ocrx_word' id='word_1_83' title='bbox 370 1667 550 1743; x_wconf 82' lang='lat' dir='ltr'><strong>haberent3</strong></span> <span class='ocrx_word' id='word_1_84' title='bbox 576 1667 610 1730; x_wconf 93' lang='lat' dir='ltr'><strong>in</strong></span> <span class='ocrx_word' id='word_1_85' title='bbox 633 1669 821 1744; x_wconf 82' lang='lat' dir='ltr'><strong>secundam,</strong></span> <span class='ocrx_word' id='word_1_86' title='bbox 841 1671 899 1755; x_wconf 94' lang='lat' dir='ltr'><strong>qui</strong></span> <span class='ocrx_word' id='word_1_87' title='bbox 921 1670 1007 1734; x_wconf 89' lang='lat' dir='ltr'><strong>infra</strong></span> <span class='ocrx_word' id='word_1_88' title='bbox 1029 1681 1160 1738; x_wconf 91' lang='lat' dir='ltr'><strong>centum</strong></span> <span class='ocrx_word' id='word_1_89' title='bbox 1185 1672 1291 1738; x_wconf 87' lang='lat' dir='ltr'><strong>millia</strong></span> 
     </span>
     <span class='ocr_line' id='line_1_13' title="bbox 50 1772 1290 1860; baseline 0.006 -24"><span class='ocrx_word' id='word_1_90' title='bbox 50 1794 139 1858; x_wconf 92' lang='lat' dir='ltr'><strong>usque</strong></span> <span class='ocrx_word' id='word_1_91' title='bbox 158 1772 201 1836; x_wconf 92' lang='lat' dir='ltr'><strong>ad</strong></span> <span class='ocrx_word' id='word_1_92' title='bbox 216 1773 357 1838; x_wconf 92' lang='lat' dir='ltr'>LXXV</span> <span class='ocrx_word' id='word_1_93' title='bbox 371 1773 477 1838; x_wconf 90' lang='lat' dir='ltr'><strong>millia</strong></span> <span class='ocrx_word' id='word_1_94' title='bbox 493 1775 712 1860; x_wconf 85' lang='lat' dir='ltr'><strong>possiderent.</strong></span> <span class='ocrx_word' id='word_1_95' title='bbox 737 1777 862 1839; x_wconf 79' lang='lat' dir='ltr'><strong>Tertiae</strong></span> <span class='ocrx_word' id='word_1_96' title='bbox 881 1777 1032 1842; x_wconf 89' lang='lat' dir='ltr'><strong>classisL</strong></span> <span class='ocrx_word' id='word_1_97' title='bbox 1048 1780 1186 1844; x_wconf 90' lang='lat' dir='ltr'><strong>millium</strong></span> <span class='ocrx_word' id='word_1_98' title='bbox 1210 1801 1290 1844; x_wconf 91' lang='lat' dir='ltr'><strong>cen-</strong></span> 
     </span>
     <span class='ocr_line' id='line_1_14' title="bbox 50 1881 1289 1967; baseline 0.006 -25"><span class='ocrx_word' id='word_1_99' title='bbox 50 1902 107 1943; x_wconf 89' lang='lat' dir='ltr'><strong>sum</strong></span> <span class='ocrx_word' id='word_1_100' title='bbox 129 1902 200 1944; x_wconf 90' lang='lat' dir='ltr'><strong>esse</strong></span> <span class='ocrx_word' id='word_1_101' title='bbox 225 1881 348 1964; x_wconf 87' lang='lat' dir='ltr'><strong>voluit,</strong></span> <span class='ocrx_word' id='word_1_102' title='bbox 375 1892 508 1964; x_wconf 83' lang='lat' dir='ltr'><strong>quartae</strong></span> <span class='ocrx_word' id='word_1_103' title='bbox 526 1882 638 1947; x_wconf 88' lang='lat' dir='ltr'><strong>XXV</strong></span> <span class='ocrx_word' id='word_1_104' title='bbox 663 1883 820 1965; x_wconf 90' lang='lat' dir='ltr'><strong>millium,</strong></span> <span class='ocrx_word' id='word_1_105' title='bbox 840 1888 969 1967; x_wconf 75' lang='lat' dir='ltr'><strong>quintae</strong></span> <span class='ocrx_word' id='word_1_106' title='bbox 989 1886 1047 1950; x_wconf 93' lang='lat' dir='ltr'><strong>XI</strong></span> <span class='ocrx_word' id='word_1_107' title='bbox 1072 1887 1220 1952; x_wconf 85' lang='lat' dir='ltr'><strong>miIIIum.</strong></span> <span class='ocrx_word' id='word_1_108' title='bbox 1249 1888 1289 1952; x_wconf 94' lang='lat' dir='ltr'><strong>In</strong></span> 
     </span>
     <span class='ocr_line' id='line_1_15' title="bbox 51 1988 1294 2078; baseline 0.004 -28"><span class='ocrx_word' id='word_1_109' title='bbox 51 1999 160 2052; x_wconf 74' lang='lat' dir='ltr'><strong>ustam</strong></span> <span class='ocrx_word' id='word_1_110' title='bbox 175 1989 323 2074; x_wconf 90' lang='lat' dir='ltr'><strong>denique</strong></span> <span class='ocrx_word' id='word_1_111' title='bbox 341 1988 477 2052; x_wconf 79' lang='lat' dir='ltr'><strong>classem</strong></span> <span class='ocrx_word' id='word_1_112' title='bbox 497 1991 641 2074; x_wconf 86' lang='lat' dir='ltr'><strong>conjecti</strong></span> <span class='ocrx_word' id='word_1_113' title='bbox 657 1992 757 2074; x_wconf 82' lang='lat' dir='ltr'><strong>egeni</strong></span> <span class='ocrx_word' id='word_1_114' title='bbox 772 1997 807 2054; x_wconf 89' lang='lat' dir='ltr'><strong>et</strong></span> <span class='ocrx_word' id='word_1_115' title='bbox 826 1999 958 2076; x_wconf 88' lang='lat' dir='ltr'><strong>tenues,</strong></span> <span class='ocrx_word' id='word_1_116' title='bbox 979 1994 1035 2078; x_wconf 92' lang='lat' dir='ltr'><strong>qui</strong></span> <span class='ocrx_word' id='word_1_117' title='bbox 1053 1995 1109 2059; x_wconf 88' lang='lat' dir='ltr'><strong>vel</strong></span> <span class='ocrx_word' id='word_1_118' title='bbox 1122 1998 1294 2078; x_wconf 74' lang='lat' dir='ltr'><strong>proletarii</strong></span> 
     </span>
     <span class='ocr_line' id='line_1_16' title="bbox 51 2095 1289 2186; baseline 0.006 -28"><span class='ocrx_word' id='word_1_119' title='bbox 51 2096 134 2178; x_wconf 90' lang='lat' dir='ltr'><strong>dicti,</strong></span> <span class='ocrx_word' id='word_1_120' title='bbox 159 2095 217 2160; x_wconf 90' lang='lat' dir='ltr'><strong>vel</strong></span> <span class='ocrx_word' id='word_1_121' title='bbox 241 2100 344 2180; x_wconf 75' lang='lat' dir='ltr'><strong>eapite</strong></span> <span class='ocrx_word' id='word_1_122' title='bbox 366 2101 459 2162; x_wconf 68' lang='lat' dir='ltr'><strong>censi</strong></span> <span class='ocrx_word' id='word_1_123' title='bbox 489 2096 564 2180; x_wconf 85' lang='lat' dir='ltr'><strong>Illi,</strong></span> <span class='ocrx_word' id='word_1_124' title='bbox 590 2098 682 2184; x_wconf 93' lang='lat' dir='ltr'><strong>quod</strong></span> <span class='ocrx_word' id='word_1_125' title='bbox 711 2099 930 2182; x_wconf 87' lang='lat' dir='ltr'><strong>propaganda</strong></span> <span class='ocrx_word' id='word_1_126' title='bbox 952 2109 1078 2166; x_wconf 87' lang='lat' dir='ltr'><strong>tautum</strong></span> <span class='ocrx_word' id='word_1_127' title='bbox 1101 2101 1289 2186; x_wconf 88' lang='lat' dir='ltr'><strong>alendaque</strong></span> 
     </span>
     <span class='ocr_line' id='line_1_17' title="bbox 48 2203 1290 2290; baseline 0.004 -24"><span class='ocrx_word' id='word_1_128' title='bbox 48 2204 132 2288; x_wconf 91' lang='lat' dir='ltr'><strong>prole</strong></span> <span class='ocrx_word' id='word_1_129' title='bbox 144 2203 382 2288; x_wconf 87' lang='lat' dir='ltr'><strong>rempublicam</strong></span> <span class='ocrx_word' id='word_1_130' title='bbox 393 2205 562 2288; x_wconf 88' lang='lat' dir='ltr'><strong>juvarent,</strong></span> <span class='ocrx_word' id='word_1_131' title='bbox 575 2205 622 2286; x_wconf 91' lang='lat' dir='ltr'><strong>hi,</strong></span> <span class='ocrx_word' id='word_1_132' title='bbox 643 2205 732 2289; x_wconf 95' lang='lat' dir='ltr'><strong>quod</strong></span> <span class='ocrx_word' id='word_1_133' title='bbox 750 2215 883 2290; x_wconf 87' lang='lat' dir='ltr'><strong>praeter</strong></span> <span class='ocrx_word' id='word_1_134' title='bbox 901 2216 1000 2290; x_wconf 88' lang='lat' dir='ltr'><strong>caput</strong></span> <span class='ocrx_word' id='word_1_135' title='bbox 1018 2216 1052 2271; x_wconf 89' lang='lat' dir='ltr'><strong>et</strong></span> <span class='ocrx_word' id='word_1_136' title='bbox 1070 2230 1192 2274; x_wconf 90' lang='lat' dir='ltr'><strong>nomen</strong></span> <span class='ocrx_word' id='word_1_137' title='bbox 1207 2209 1290 2272; x_wconf 90' lang='lat' dir='ltr'><strong>nibil</strong></span> 
     </span>
     <span class='ocr_line' id='line_1_18' title="bbox 51 2311 1289 2397; baseline 0.002 -25"><span class='ocrx_word' id='word_1_138' title='bbox 51 2311 216 2375; x_wconf 88' lang='lat' dir='ltr'><strong>admodum</strong></span> <span class='ocrx_word' id='word_1_139' title='bbox 236 2311 271 2374; x_wconf 90' lang='lat' dir='ltr'><strong>in</strong></span> <span class='ocrx_word' id='word_1_140' title='bbox 290 2331 389 2374; x_wconf 86' lang='lat' dir='ltr'><strong>censu</strong></span> <span class='ocrx_word' id='word_1_141' title='bbox 407 2312 651 2395; x_wconf 84' lang='lat' dir='ltr'><strong>profiterentur,</strong></span> <span class='ocrx_word' id='word_1_142' title='bbox 667 2313 703 2377; x_wconf 94' lang='lat' dir='ltr'><strong>id</strong></span> <span class='ocrx_word' id='word_1_143' title='bbox 718 2333 841 2376; x_wconf 91' lang='lat' dir='ltr'><strong>nomen</strong></span> <span class='ocrx_word' id='word_1_144' title='bbox 862 2311 976 2397; x_wconf 84' lang='lat' dir='ltr'><strong>adepti</strong></span> <span class='ocrx_word' id='word_1_145' title='bbox 995 2322 1085 2380; x_wconf 82' lang='lat' dir='ltr'><strong>sunt:</strong></span> <span class='ocrx_word' id='word_1_146' title='bbox 1104 2315 1177 2378; x_wconf 86' lang='lat' dir='ltr'><strong>Liv.</strong></span> <span class='ocrx_word' id='word_1_147' title='bbox 1194 2318 1219 2378; x_wconf 86' lang='lat'><strong>1.</strong></span> <span class='ocrx_word' id='word_1_148' title='bbox 1238 2316 1289 2378; x_wconf 81' lang='lat'><strong>42.</strong></span> 
     </span>
     <span class='ocr_line' id='line_1_19' title="bbox 49 2400 1291 2502; baseline 0.003 -22"><span class='ocrx_word' id='word_1_149' title='bbox 49 2439 88 2500; x_wconf 85' lang='lat' dir='ltr'><strong>sq.</strong></span> <span class='ocrx_word' id='word_1_150' title='bbox 106 2418 242 2502; x_wconf 88' lang='lat' dir='ltr'><strong>Dionys.</strong></span> <span class='ocrx_word' id='word_1_151' title='bbox 258 2417 427 2482; x_wconf 89' lang='lat' dir='ltr'><strong>Halicarn.</strong></span> <span class='ocrx_word' id='word_1_152' title='bbox 445 2422 552 2502; x_wconf 75' lang='lat' dir='ltr'><strong>Antip.</strong></span> <span class='ocrx_word' id='word_1_153' title='bbox 574 2400 706 2482; x_wconf 80' lang='lat' dir='ltr'><strong>¹Roman.</strong></span> <span class='ocrx_word' id='word_1_154' title='bbox 723 2421 780 2482; x_wconf 90' lang='lat' dir='ltr'><strong>IV.</strong></span> <span class='ocrx_word' id='word_1_155' title='bbox 799 2419 849 2482; x_wconf 84' lang='grc'><strong>18.</strong></span> <span class='ocrx_word' id='word_1_156' title='bbox 867 2419 956 2486; x_wconf 86' lang='lat' dir='ltr'><strong>Gell.</strong></span> <span class='ocrx_word' id='word_1_157' title='bbox 973 2422 1078 2484; x_wconf 76' lang='lat' dir='ltr'><strong>Nocti.</strong></span> <span class='ocrx_word' id='word_1_158' title='bbox 1094 2424 1185 2484; x_wconf 78' lang='lat' dir='ltr'><strong>Attia.</strong></span> <span class='ocrx_word' id='word_1_159' title='bbox 1201 2421 1291 2484; x_wconf 87' lang='lat' dir='ltr'><strong>XVI.</strong></span> 
     </span>
     <span class='ocr_line' id='line_1_20' title="bbox 49 2524 1290 2613; baseline 0.005 -29"><span class='ocrx_word' id='word_1_160' title='bbox 49 2525 94 2586; x_wconf 91' lang='grc'><strong>10.</strong></span> <span class='ocrx_word' id='word_1_161' title='bbox 113 2524 398 2603; x_wconf 81' lang='lat' dir='ltr'><strong>Quemadmodum</strong></span> <span class='ocrx_word' id='word_1_162' title='bbox 420 2546 501 2608; x_wconf 86' lang='lat' dir='ltr'><strong>ergo</strong></span> <span class='ocrx_word' id='word_1_163' title='bbox 527 2530 628 2608; x_wconf 76' lang='lat' dir='ltr'><strong>eapite</strong></span> <span class='ocrx_word' id='word_1_164' title='bbox 655 2532 743 2590; x_wconf 75' lang='lat' dir='ltr'><strong>censs·</strong></span> <span class='ocrx_word' id='word_1_165' title='bbox 762 2526 974 2612; x_wconf 86' lang='lat' dir='ltr'><strong>dicebantur,</strong></span> <span class='ocrx_word' id='word_1_166' title='bbox 998 2529 1055 2613; x_wconf 94' lang='lat' dir='ltr'><strong>qui</strong></span> <span class='ocrx_word' id='word_1_167' title='bbox 1076 2527 1192 2592; x_wconf 88' lang='lat' dir='ltr'><strong>saltem</strong></span> <span class='ocrx_word' id='word_1_168' title='bbox 1213 2528 1290 2613; x_wconf 89' lang='lat' dir='ltr'><strong>jure</strong></span> 
     </span>
     <span class='ocr_line' id='line_1_21' title="bbox 48 2630 1289 2718; baseline 0.003 -24"><span class='ocrx_word' id='word_1_169' title='bbox 48 2630 201 2696; x_wconf 85' lang='lat' dir='ltr'><strong>libertatis</strong></span> <span class='ocrx_word' id='word_1_170' title='bbox 225 2642 261 2696; x_wconf 90' lang='lat' dir='ltr'><strong>et</strong></span> <span class='ocrx_word' id='word_1_171' title='bbox 280 2631 421 2696; x_wconf 87' lang='lat' dir='ltr'><strong>civitatis</strong></span> <span class='ocrx_word' id='word_1_172' title='bbox 440 2633 648 2718; x_wconf 84' lang='lat' dir='ltr'><strong>gaudebant,</strong></span> <span class='ocrx_word' id='word_1_173' title='bbox 669 2633 823 2718; x_wconf 88' lang='lat' dir='ltr'><strong>adeoque</strong></span> <span class='ocrx_word' id='word_1_174' title='bbox 842 2636 877 2699; x_wconf 92' lang='lat' dir='ltr'><strong>in</strong></span> <span class='ocrx_word' id='word_1_175' title='bbox 899 2637 1068 2702; x_wconf 90' lang='lat' dir='ltr'><strong>censuales</strong></span> <span class='ocrx_word' id='word_1_176' title='bbox 1091 2635 1221 2700; x_wconf 89' lang='lat' dir='ltr'><strong>tabulas</strong></span> <span class='ocrx_word' id='word_1_177' title='bbox 1237 2655 1289 2698; x_wconf 90' lang='lat' dir='ltr'><strong>re·</strong></span> 
     </span>
     <span class='ocr_line' id='line_1_22' title="bbox 49 2739 1289 2830; baseline 0.006 -30"><span class='ocrx_word' id='word_1_178' title='bbox 49 2740 123 2801; x_wconf 90' lang='lat' dir='ltr'><strong>ferri</strong></span> <span class='ocrx_word' id='word_1_179' title='bbox 140 2748 312 2823; x_wconf 86' lang='lat' dir='ltr'><strong>poterant:</strong></span> <span class='ocrx_word' id='word_1_180' title='bbox 335 2739 499 2825; x_wconf 88' lang='lat' dir='ltr'><strong>[Taubm.</strong></span> <span class='ocrx_word' id='word_1_181' title='bbox 516 2742 560 2802; x_wconf 85' lang='lat' dir='ltr'><strong>od</strong></span> <span class='ocrx_word' id='word_1_182' title='bbox 577 2742 684 2804; x_wconf 83' lang='lat' dir='ltr'><strong>Plaut.</strong></span> <span class='ocrx_word' id='word_1_183' title='bbox 708 2742 827 2822; x_wconf 74' lang='lat' dir='ltr'><strong>captio.</strong></span> <span class='ocrx_word' id='word_1_184' title='bbox 843 2745 971 2828; x_wconf 83' lang='lat' dir='ltr'><strong>Prolog.</strong></span> <span class='ocrx_word' id='word_1_185' title='bbox 990 2767 1017 2808; x_wconf 91' lang='lat' dir='ltr'><strong>o.</strong></span> <span class='ocrx_word' id='word_1_186' title='bbox 1032 2741 1105 2830; x_wconf 74' lang='lat' dir='ltr'><strong>le]</strong></span> <span class='ocrx_word' id='word_1_187' title='bbox 1124 2743 1172 2808; x_wconf 87' lang='lat' dir='ltr'><strong>ita</strong></span> <span class='ocrx_word' id='word_1_188' title='bbox 1191 2743 1289 2826; x_wconf 88' lang='lat' dir='ltr'><strong>servi,</strong></span> 
     </span>
     <span class='ocr_line' id='line_1_23' title="bbox 48 2847 1290 2935; baseline 0.003 -27"><span class='ocrx_word' id='word_1_189' title='bbox 48 2848 218 2932; x_wconf 77' lang='lat' dir='ltr'><strong>peregrini,</strong></span> <span class='ocrx_word' id='word_1_190' title='bbox 236 2847 458 2930; x_wconf 85' lang='lat' dir='ltr'><strong>filiifamilias,</strong></span> <span class='ocrx_word' id='word_1_191' title='bbox 481 2851 582 2929; x_wconf 77' lang='lat' dir='ltr'><strong>eapite</strong></span> <span class='ocrx_word' id='word_1_192' title='bbox 598 2849 727 2910; x_wconf 76' lang='lat' dir='ltr'><strong>destitui</strong></span> <span class='ocrx_word' id='word_1_193' title='bbox 742 2848 946 2931; x_wconf 90' lang='lat' dir='ltr'><strong>dicebantur,</strong></span> <span class='ocrx_word' id='word_1_194' title='bbox 963 2851 1052 2935; x_wconf 93' lang='lat' dir='ltr'><strong>quod</strong></span> <span class='ocrx_word' id='word_1_195' title='bbox 1070 2871 1137 2914; x_wconf 92' lang='lat' dir='ltr'><strong>non</strong></span> <span class='ocrx_word' id='word_1_196' title='bbox 1154 2857 1290 2933; x_wconf 89' lang='lat' dir='ltr'><strong>possent</strong></span> 
     </span>
     <span class='ocr_line' id='line_1_24' title="bbox 49 2955 1288 3042; baseline 0.003 -26"><span class='ocrx_word' id='word_1_197' title='bbox 49 2955 218 3018; x_wconf 91' lang='lat' dir='ltr'><strong>incensum</strong></span> <span class='ocrx_word' id='word_1_198' title='bbox 234 2976 293 3019; x_wconf 92' lang='lat' dir='ltr'><strong>suo</strong></span> <span class='ocrx_word' id='word_1_199' title='bbox 309 2955 442 3018; x_wconf 89' lang='lat' dir='ltr'><strong>nomine</strong></span> <span class='ocrx_word' id='word_1_200' title='bbox 458 2955 576 3018; x_wconf 87' lang='lat' dir='ltr'><strong>referri</strong></span> <span class='ocrx_word' id='word_1_201' title='bbox 592 2959 636 3037; x_wconf 84' lang='lat'><strong>⁸).</strong></span> <span class='ocrx_word' id='word_1_202' title='bbox 658 2955 712 3018; x_wconf 89' lang='lat' dir='ltr'><strong>De</strong></span> <span class='ocrx_word' id='word_1_203' title='bbox 728 2958 830 3020; x_wconf 90' lang='lat' dir='ltr'><strong>servis</strong></span> <span class='ocrx_word' id='word_1_204' title='bbox 847 2963 937 3020; x_wconf 89' lang='lat' dir='ltr'><strong>certe</strong></span> <span class='ocrx_word' id='word_1_205' title='bbox 953 2955 1085 3041; x_wconf 89' lang='lat' dir='ltr'><strong>reliqua</strong></span> <span class='ocrx_word' id='word_1_206' title='bbox 1103 2965 1153 3020; x_wconf 90' lang='lat' dir='ltr'><strong>est</strong></span> <span class='ocrx_word' id='word_1_207' title='bbox 1167 2958 1288 3042; x_wconf 90' lang='lat' dir='ltr'><strong>injure</strong></span> 
     </span>
     <span class='ocr_line' id='line_1_25' title="bbox 48 3061 1290 3147; baseline 0.002 -23"><span class='ocrx_word' id='word_1_208' title='bbox 48 3072 148 3126; x_wconf 89' lang='lat' dir='ltr'><strong>nostro</strong></span> <span class='ocrx_word' id='word_1_209' title='bbox 164 3063 311 3147; x_wconf 87' lang='lat' dir='ltr'><strong>phrasis,</strong></span> <span class='ocrx_word' id='word_1_210' title='bbox 331 3082 389 3125; x_wconf 91' lang='lat' dir='ltr'><strong>eos</strong></span> <span class='ocrx_word' id='word_1_211' title='bbox 408 3073 505 3145; x_wconf 84' lang='lat' dir='ltr'><strong>eaput</strong></span> <span class='ocrx_word' id='word_1_212' title='bbox 522 3083 584 3127; x_wconf 82' lang='lat' dir='ltr'><strong>non</strong></span> <span class='ocrx_word' id='word_1_213' title='bbox 602 3063 734 3124; x_wconf 78' lang='lat' dir='ltr'><strong>labere:</strong></span> <span class='ocrx_word' id='word_1_214' title='bbox 751 3062 779 3143; x_wconf 84' lang='lat'><strong>§.</strong></span> <span class='ocrx_word' id='word_1_215' title='bbox 798 3061 828 3124; x_wconf 84' lang='grc'><strong>4.</strong></span> <span class='ocrx_word' id='word_1_216' title='bbox 848 3065 924 3126; x_wconf 86' lang='lat' dir='ltr'><strong>Inst.</strong></span> <span class='ocrx_word' id='word_1_217' title='bbox 943 3063 972 3125; x_wconf 78' lang='lat' dir='ltr'><strong>t.</strong></span> <span class='ocrx_word' id='word_1_218' title='bbox 993 3072 1015 3124; x_wconf 90' lang='lat' dir='ltr'><strong>t.</strong></span> <span class='ocrx_word' id='word_1_219' title='bbox 1038 3063 1082 3125; x_wconf 93' lang='lat' dir='ltr'><strong>Et</strong></span> <span class='ocrx_word' id='word_1_220' title='bbox 1100 3063 1175 3126; x_wconf 87' lang='lat' dir='ltr'><strong>filiis</strong></span> <span class='ocrx_word' id='word_1_221' title='bbox 1194 3064 1290 3126; x_wconf 91' lang='lat' dir='ltr'><strong>fami-</strong></span> 
     </span>
     <span class='ocr_line' id='line_1_26' title="bbox 48 3167 1289 3254; baseline 0.001 -24"><span class='ocrx_word' id='word_1_222' title='bbox 48 3168 100 3231; x_wconf 77' lang='lat' dir='ltr'><strong>IIas</strong></span> <span class='ocrx_word' id='word_1_223' title='bbox 117 3171 243 3254; x_wconf 91' lang='lat' dir='ltr'><strong>opponi</strong></span> <span class='ocrx_word' id='word_1_224' title='bbox 259 3171 358 3233; x_wconf 80' lang='lat' dir='ltr'><strong>libera</strong></span> <span class='ocrx_word' id='word_1_225' title='bbox 375 3174 497 3251; x_wconf 81' lang='lat' dir='ltr'><strong>capita,</strong></span> <span class='ocrx_word' id='word_1_226' title='bbox 519 3189 561 3230; x_wconf 82' lang='lat' dir='ltr'><strong>ex</strong></span> <span class='ocrx_word' id='word_1_227' title='bbox 578 3169 616 3229; x_wconf 76' lang='lat' dir='ltr'><strong>L.</strong></span> <span class='ocrx_word' id='word_1_228' title='bbox 632 3170 661 3230; x_wconf 90' lang='lat'><strong>1.</strong></span> <span class='ocrx_word' id='word_1_229' title='bbox 678 3169 720 3230; x_wconf 88' lang='lat' dir='ltr'><strong>D.</strong></span> <span class='ocrx_word' id='word_1_230' title='bbox 744 3171 784 3232; x_wconf 85' lang='lat' dir='ltr'><strong>de</strong></span> <span class='ocrx_word' id='word_1_231' title='bbox 804 3171 902 3232; x_wconf 82' lang='lat' dir='ltr'><strong>Tutel.</strong></span> <span class='ocrx_word' id='word_1_232' title='bbox 922 3169 1011 3233; x_wconf 89' lang='lat' dir='ltr'><strong>Gell.</strong></span> <span class='ocrx_word' id='word_1_233' title='bbox 1032 3169 1067 3233; x_wconf 90' lang='lat' dir='ltr'><strong>V.</strong></span> <span class='ocrx_word' id='word_1_234' title='bbox 1085 3167 1136 3231; x_wconf 84' lang='lat'><strong>30.</strong></span> <span class='ocrx_word' id='word_1_235' title='bbox 1155 3167 1289 3254; x_wconf 90' lang='lat' dir='ltr'><strong>Ulpian.</strong></span> 
     </span>
     <span class='ocr_line' id='line_1_27' title="bbox 50 3273 1289 3362; baseline 0.002 -27"><span class='ocrx_word' id='word_1_236' title='bbox 50 3277 168 3362; x_wconf 79' lang='lat' dir='ltr'><strong>Fragm.</strong></span> <span class='ocrx_word' id='word_1_237' title='bbox 191 3277 249 3338; x_wconf 83' lang='lat' dir='ltr'><strong>XI.</strong></span> <span class='ocrx_word' id='word_1_238' title='bbox 272 3277 302 3339; x_wconf 86' lang='grc'><strong>5.</strong></span> <span class='ocrx_word' id='word_1_239' title='bbox 326 3283 463 3340; x_wconf 87' lang='lat' dir='ltr'><strong>constat.</strong></span> <span class='ocrx_word' id='word_1_240' title='bbox 486 3273 555 3338; x_wconf 91' lang='lat' dir='ltr'><strong>Sed</strong></span> <span class='ocrx_word' id='word_1_241' title='bbox 574 3283 608 3339; x_wconf 91' lang='lat' dir='ltr'><strong>et</strong></span> <span class='ocrx_word' id='word_1_242' title='bbox 631 3277 773 3356; x_wconf 71' lang='lat' dir='ltr'><strong>capitales</strong></span> <span class='ocrx_word' id='word_1_243' title='bbox 797 3299 907 3359; x_wconf 89' lang='lat' dir='ltr'><strong>poena</strong></span> <span class='ocrx_word' id='word_1_244' title='bbox 925 3275 1085 3340; x_wconf 88' lang='lat' dir='ltr'><strong>Romanis</strong></span> <span class='ocrx_word' id='word_1_245' title='bbox 1106 3275 1289 3357; x_wconf 91' lang='lat' dir='ltr'><strong>dicebatur,</strong></span> 
     </span>
     <span class='ocr_line' id='line_1_28' title="bbox 48 3381 1288 3470; baseline 0 -26"><span class='ocrx_word' id='word_1_246' title='bbox 48 3404 104 3446; x_wconf 92' lang='lat' dir='ltr'><strong>non</strong></span> <span class='ocrx_word' id='word_1_247' title='bbox 126 3393 254 3449; x_wconf 87' lang='lat' dir='ltr'><strong>tantum</strong></span> <span class='ocrx_word' id='word_1_248' title='bbox 279 3382 358 3466; x_wconf 90' lang='lat' dir='ltr'><strong>illa,</strong></span> <span class='ocrx_word' id='word_1_249' title='bbox 381 3382 467 3470; x_wconf 86' lang='lat' dir='ltr'><strong>quae</strong></span> <span class='ocrx_word' id='word_1_250' title='bbox 495 3383 644 3445; x_wconf 90' lang='lat' dir='ltr'><strong>ultimum</strong></span> <span class='ocrx_word' id='word_1_251' title='bbox 674 3384 841 3447; x_wconf 88' lang='lat' dir='ltr'><strong>inferebat</strong></span> <span class='ocrx_word' id='word_1_252' title='bbox 863 3384 1078 3468; x_wconf 91' lang='lat' dir='ltr'><strong>supplicium,</strong></span> <span class='ocrx_word' id='word_1_253' title='bbox 1114 3381 1173 3445; x_wconf 92' lang='lat' dir='ltr'><strong>sed</strong></span> <span class='ocrx_word' id='word_1_254' title='bbox 1203 3403 1288 3468; x_wconf 87' lang='lat' dir='ltr'><strong>quae</strong></span> 
     </span>
     <span class='ocr_line' id='line_1_29' title="bbox 49 3489 1287 3575; baseline 0.002 -23"><span class='ocrx_word' id='word_1_255' title='bbox 49 3511 135 3556; x_wconf 87' lang='lat' dir='ltr'><strong>censu</strong></span> <span class='ocrx_word' id='word_1_256' title='bbox 153 3491 341 3571; x_wconf 84' lang='lat' dir='ltr'><strong>eximebat,</strong></span> <span class='ocrx_word' id='word_1_257' title='bbox 360 3491 515 3574; x_wconf 89' lang='lat' dir='ltr'><strong>adeoque</strong></span> <span class='ocrx_word' id='word_1_258' title='bbox 534 3489 589 3554; x_wconf 90' lang='lat' dir='ltr'><strong>vel</strong></span> <span class='ocrx_word' id='word_1_259' title='bbox 605 3489 814 3572; x_wconf 89' lang='lat' dir='ltr'><strong>libertatem,</strong></span> <span class='ocrx_word' id='word_1_260' title='bbox 831 3491 887 3554; x_wconf 92' lang='lat' dir='ltr'><strong>vel</strong></span> <span class='ocrx_word' id='word_1_261' title='bbox 905 3492 1074 3556; x_wconf 80' lang='lat' dir='ltr'><strong>civitatem</strong></span> <span class='ocrx_word' id='word_1_262' title='bbox 1090 3491 1287 3575; x_wconf 75' lang='lat' dir='ltr'><strong>perimebatz</strong></span> 
     </span>
     <span class='ocr_line' id='line_1_30' title="bbox 48 3595 1289 3682; baseline 0 -22"><span class='ocrx_word' id='word_1_263' title='bbox 48 3599 134 3663; x_wconf 80' lang='lat' dir='ltr'><strong>darn.</strong></span> <span class='ocrx_word' id='word_1_264' title='bbox 153 3599 299 3662; x_wconf 91' lang='lat' dir='ltr'><strong>Brisson.</strong></span> <span class='ocrx_word' id='word_1_265' title='bbox 318 3597 358 3659; x_wconf 86' lang='lat' dir='ltr'><strong>de</strong></span> <span class='ocrx_word' id='word_1_266' title='bbox 383 3597 473 3659; x_wconf 70' lang='lat' dir='ltr'><strong>Veris.</strong></span> <span class='ocrx_word' id='word_1_267' title='bbox 495 3598 603 3679; x_wconf 74' lang='lat' dir='ltr'><strong>signif.</strong></span> <span class='ocrx_word' id='word_1_268' title='bbox 623 3617 706 3660; x_wconf 86' lang='lat' dir='ltr'><strong>voce</strong></span> <span class='ocrx_word' id='word_1_269' title='bbox 729 3597 880 3679; x_wconf 74' lang='lat' dir='ltr'><strong>capitalis.</strong></span> <span class='ocrx_word' id='word_1_270' title='bbox 907 3597 974 3676; x_wconf 86' lang='lat' dir='ltr'><strong>Qui</strong></span> <span class='ocrx_word' id='word_1_271' title='bbox 997 3618 1077 3682; x_wconf 85' lang='lat' dir='ltr'><strong>ergo</strong></span> <span class='ocrx_word' id='word_1_272' title='bbox 1104 3599 1137 3660; x_wconf 92' lang='lat' dir='ltr'><strong>in</strong></span> <span class='ocrx_word' id='word_1_273' title='bbox 1161 3595 1289 3660; x_wconf 87' lang='lat' dir='ltr'><strong>tabulas</strong></span> 
     </span>
     <span class='ocr_line' id='line_1_31' title="bbox 42 3703 1289 3790; baseline -0.001 -24"><span class='ocrx_word' id='word_1_274' title='bbox 42 3705 207 3770; x_wconf 79' lang='lat' dir='ltr'><strong>&#39;censuales</strong></span> <span class='ocrx_word' id='word_1_275' title='bbox 233 3703 479 3788; x_wconf 80' lang='lat' dir='ltr'><strong>reserebantur,</strong></span> <span class='ocrx_word' id='word_1_276' title='bbox 500 3725 613 3767; x_wconf 91' lang='lat' dir='ltr'><strong>omnes</strong></span> <span class='ocrx_word' id='word_1_277' title='bbox 642 3703 837 3768; x_wconf 84' lang='lat' dir='ltr'><strong>dicebantur</strong></span> <span class='ocrx_word' id='word_1_278' title='bbox 861 3722 1001 3787; x_wconf 73' lang='lat' dir='ltr'><strong>carrus,</strong></span> <span class='ocrx_word' id='word_1_279' title='bbox 1025 3704 1174 3790; x_wconf 90' lang='lat' dir='ltr'><strong>nihilque</strong></span> <span class='ocrx_word' id='word_1_280' title='bbox 1201 3703 1289 3785; x_wconf 91' lang='lat' dir='ltr'><strong>apud</strong></span> 
     </span>
     <span class='ocr_line' id='line_1_32' title="bbox 49 3810 1345 3899; baseline -0.003 -26"><span class='ocrx_word' id='word_1_281' title='bbox 49 3811 166 3876; x_wconf 84' lang='lat' dir='ltr'><strong>Livium</strong></span> <span class='ocrx_word' id='word_1_282' title='bbox 190 3812 396 3899; x_wconf 87' lang='lat' dir='ltr'><strong>frequentius</strong></span> <span class='ocrx_word' id='word_1_283' title='bbox 419 3820 469 3878; x_wconf 89' lang='lat' dir='ltr'><strong>cst</strong></span> <span class='ocrx_word' id='word_1_284' title='bbox 483 3810 713 3897; x_wconf 81' lang='lat' dir='ltr'><strong>loquutione:</strong></span> <span class='ocrx_word' id='word_1_285' title='bbox 740 3815 887 3878; x_wconf 64' lang='lat' dir='ltr'><strong>liberunt</strong></span> <span class='ocrx_word' id='word_1_286' title='bbox 910 3833 1005 3876; x_wconf 80' lang='lat' dir='ltr'><strong>censa</strong></span> <span class='ocrx_word' id='word_1_287' title='bbox 1029 3815 1140 3875; x_wconf 77' lang='lat' dir='ltr'><strong>civium</strong></span> <span class='ocrx_word' id='word_1_288' title='bbox 1165 3829 1289 3873; x_wconf 68' lang='lat' dir='ltr'><strong>earm</strong></span> <span class='ocrx_word' id='word_1_289' title='bbox 1341 3857 1345 3870; x_wconf 93' lang='lat'><strong>.</strong></span> 
     </span>
     <span class='ocr_line' id='line_1_33' title="bbox 49 3917 1290 4002; baseline -0.002 -20"><span class='ocrx_word' id='word_1_290' title='bbox 49 3930 161 3983; x_wconf 81' lang='lat' dir='ltr'><strong>eentum</strong></span> <span class='ocrx_word' id='word_1_291' title='bbox 180 3922 313 4000; x_wconf 70' lang='lat' dir='ltr'><strong>trigama</strong></span> <span class='ocrx_word' id='word_1_292' title='bbox 333 3919 395 3982; x_wconf 82' lang='lat' dir='ltr'><strong>duo</strong></span> <span class='ocrx_word' id='word_1_293' title='bbox 419 3922 532 4001; x_wconf 74' lang='lat' dir='ltr'><strong>mallia,</strong></span> <span class='ocrx_word' id='word_1_294' title='bbox 551 3921 766 4002; x_wconf 77' lang='lat' dir='ltr'><strong>quadraginta</strong></span> <span class='ocrx_word' id='word_1_295' title='bbox 787 3941 915 3984; x_wconf 73' lang='lat' dir='ltr'><strong>wem:</strong></span> <span class='ocrx_word' id='word_1_296' title='bbox 939 3917 1161 3982; x_wconf 80' lang='lat' dir='ltr'><strong>Liv.111.24.</strong></span> <span class='ocrx_word' id='word_1_297' title='bbox 1188 3918 1290 3980; x_wconf 79' lang='lat' dir='ltr'><strong>Conso</strong></span> 
     </span>
     <span class='ocr_line' id='line_1_34' title="bbox 50 4022 1289 4110; baseline 0.001 -28"><span class='ocrx_word' id='word_1_298' title='bbox 50 4043 192 4088; x_wconf 73' lang='lat' dir='ltr'><strong>esrrrou</strong></span> <span class='ocrx_word' id='word_1_299' title='bbox 205 4026 304 4087; x_wconf 70' lang='lat' dir='ltr'><strong>mollia</strong></span> <span class='ocrx_word' id='word_1_300' title='bbox 315 4025 451 4089; x_wconf 83' lang='lat' dir='ltr'><strong>ducenta</strong></span> <span class='ocrx_word' id='word_1_301' title='bbox 467 4029 636 4109; x_wconf 61' lang='lat' dir='ltr'><strong>sesama</strong></span> <span class='ocrx_word' id='word_1_302' title='bbox 651 4028 729 4101; x_wconf 81' lang='lat' dir='ltr'><strong>duo,</strong></span> <span class='ocrx_word' id='word_1_303' title='bbox 742 4033 883 4090; x_wconf 81' lang='lat' dir='ltr'><strong>trecento</strong></span> <span class='ocrx_word' id='word_1_304' title='bbox 898 4028 1012 4110; x_wconf 76' lang='lat' dir='ltr'><strong>oiga&#39;ntr&#39;</strong></span> <span class='ocrx_word' id='word_1_305' title='bbox 1020 4024 1180 4089; x_wconf 79' lang='lat' dir='ltr'><strong>duosLiv.</strong></span> <span class='ocrx_word' id='word_1_306' title='bbox 1190 4022 1289 4087; x_wconf 84' lang='grc' dir='ltr'><strong>Χ.47.</strong></span> 
     </span>
    </p>
   </div>
   <div class='ocr_carea' id='block_1_4' title="bbox 51 4272 1291 4594">
    <p class='ocr_par' dir='ltr' id='par_1_5' title="bbox 51 4272 1291 4594">
     <span class='ocr_line' id='line_1_35' title="bbox 108 4272 1289 4350; baseline -0.001 -23"><span class='ocrx_word' id='word_1_307' title='bbox 108 4276 139 4342; x_wconf 86' lang='lat' dir='ltr'><strong>a)</strong></span> <span class='ocrx_word' id='word_1_308' title='bbox 157 4276 222 4328; x_wconf 77' lang='lat' dir='ltr'><strong>dam</strong></span> <span class='ocrx_word' id='word_1_309' title='bbox 239 4290 306 4334; x_wconf 76' lang='lat' dir='ltr'><strong>vero</strong></span> <span class='ocrx_word' id='word_1_310' title='bbox 324 4292 387 4330; x_wconf 86' lang='lat' dir='ltr'><strong>oum</strong></span> <span class='ocrx_word' id='word_1_311' title='bbox 405 4277 447 4350; x_wconf 84' lang='lat' dir='ltr'><strong>bis</strong></span> <span class='ocrx_word' id='word_1_312' title='bbox 464 4281 645 4344; x_wconf 81' lang='lat' dir='ltr'><strong>conferantur,</strong></span> <span class='ocrx_word' id='word_1_313' title='bbox 663 4297 735 4349; x_wconf 84' lang='lat' dir='ltr'><strong>quac</strong></span> <span class='ocrx_word' id='word_1_314' title='bbox 752 4285 817 4348; x_wconf 86' lang='lat' dir='ltr'><strong>post</strong></span> <span class='ocrx_word' id='word_1_315' title='bbox 834 4281 925 4333; x_wconf 83' lang='lat' dir='ltr'><strong>locum</strong></span> <span class='ocrx_word' id='word_1_316' title='bbox 941 4276 1081 4332; x_wconf 79' lang='lat' dir='ltr'><strong>Ciceronis</strong></span> <span class='ocrx_word' id='word_1_317' title='bbox 1099 4274 1131 4326; x_wconf 83' lang='lat' dir='ltr'><strong>de</strong></span> <span class='ocrx_word' id='word_1_318' title='bbox 1153 4272 1289 4341; x_wconf 75' lang='lat' dir='ltr'><strong>republica</strong></span> 
     </span>
     <span class='ocr_line' id='line_1_36' title="bbox 52 4357 1290 4430; baseline -0.011 -7"><span class='ocrx_word' id='word_1_319' title='bbox 52 4359 94 4423; x_wconf 84' lang='lat'><em>(11-</em></span> <span class='ocrx_word' id='word_1_320' title='bbox 105 4361 160 4426; x_wconf 76' lang='lat'><strong>22)</strong></span> <span class='ocrx_word' id='word_1_321' title='bbox 177 4366 316 4426; x_wconf 67' lang='lat' dir='ltr'><strong>repertum</strong></span> <span class='ocrx_word' id='word_1_322' title='bbox 334 4376 351 4413; x_wconf 86' lang='lat' dir='ltr'><strong>a</strong></span> <span class='ocrx_word' id='word_1_323' title='bbox 368 4361 435 4416; x_wconf 78' lang='lat' dir='ltr'><strong>vids</strong></span> <span class='ocrx_word' id='word_1_324' title='bbox 451 4364 539 4418; x_wconf 79' lang='lat' dir='ltr'><strong>doctis</strong></span> <span class='ocrx_word' id='word_1_325' title='bbox 559 4364 601 4418; x_wconf 84' lang='lat' dir='ltr'><strong>his</strong></span> <span class='ocrx_word' id='word_1_326' title='bbox 619 4366 654 4418; x_wconf 91' lang='lat' dir='ltr'><strong>de</strong></span> <span class='ocrx_word' id='word_1_327' title='bbox 671 4364 754 4416; x_wconf 86' lang='lat' dir='ltr'><strong>rebus</strong></span> <span class='ocrx_word' id='word_1_328' title='bbox 772 4362 911 4430; x_wconf 82' lang='lat' dir='ltr'><strong>disputata</strong></span> <span class='ocrx_word' id='word_1_329' title='bbox 928 4367 1000 4427; x_wconf 87' lang='lat' dir='ltr'><strong>sant,</strong></span> <span class='ocrx_word' id='word_1_330' title='bbox 1015 4368 1043 4414; x_wconf 87' lang='lat' dir='ltr'><strong>et</strong></span> <span class='ocrx_word' id='word_1_331' title='bbox 1059 4361 1104 4413; x_wconf 86' lang='lat' dir='ltr'><strong>vel</strong></span> <span class='ocrx_word' id='word_1_332' title='bbox 1120 4357 1239 4410; x_wconf 76' lang='lat' dir='ltr'><strong>mertare</strong></span> <span class='ocrx_word' id='word_1_333' title='bbox 1254 4359 1290 4410; x_wconf 89' lang='lat' dir='ltr'><strong>ab</strong></span> 
     </span>
     <span class='ocr_line' id='line_1_37' title="bbox 51 4443 1291 4519; baseline 0 -25"><span class='ocrx_word' id='word_1_334' title='bbox 51 4443 94 4495; x_wconf 81' lang='lat' dir='ltr'><strong>Ed.</strong></span> <span class='ocrx_word' id='word_1_335' title='bbox 120 4445 265 4500; x_wconf 79' lang='lat' dir='ltr'><strong>Huoebkio</strong></span> <span class='ocrx_word' id='word_1_336' title='bbox 289 4445 317 4500; x_wconf 88' lang='lat' dir='ltr'><strong>lu</strong></span> <span class='ocrx_word' id='word_1_337' title='bbox 341 4446 413 4500; x_wconf 88' lang='lat' dir='ltr'><strong>libro</strong></span> <span class='ocrx_word' id='word_1_338' title='bbox 438 4447 549 4512; x_wconf 77' lang='lat' dir='ltr'><strong>saepius</strong></span> <span class='ocrx_word' id='word_1_339' title='bbox 577 4449 706 4501; x_wconf 85' lang='lat' dir='ltr'><strong>laudato:</strong></span> <span class='ocrx_word' id='word_1_340' title='bbox 730 4448 772 4499; x_wconf 77' lang='lat' dir='ltr'><strong>die</strong></span> <span class='ocrx_word' id='word_1_341' title='bbox 803 4447 963 4519; x_wconf 67' lang='lat' dir='ltr'><strong>Versasrunp</strong></span> <span class='ocrx_word' id='word_1_342' title='bbox 991 4448 1036 4499; x_wconf 83' lang='lat' dir='ltr'><strong>des</strong></span> <span class='ocrx_word' id='word_1_343' title='bbox 1060 4443 1162 4510; x_wconf 76' lang='lat' dir='ltr'><strong>Konips</strong></span> <span class='ocrx_word' id='word_1_344' title='bbox 1182 4443 1291 4496; x_wconf 68' lang='lat' dir='ltr'><strong>&amp;roias</strong></span> 
     </span>
     <span class='ocr_line' id='line_1_38' title="bbox 55 4524 1028 4594; baseline 0.006 -18"><span class='ocrx_word' id='word_1_345' title='bbox 55 4524 152 4579; x_wconf 70' lang='lat' dir='ltr'><strong>nstra.</strong></span> <span class='ocrx_word' id='word_1_346' title='bbox 171 4530 238 4594; x_wconf 74' lang='lat' dir='ltr'><strong>cap.</strong></span> <span class='ocrx_word' id='word_1_347' title='bbox 258 4528 306 4580; x_wconf 81' lang='lat' dir='ltr'><strong>lu.</strong></span> <span class='ocrx_word' id='word_1_348' title='bbox 330 4528 416 4583; x_wconf 74' lang='lat' dir='ltr'><strong>mass.</strong></span> <span class='ocrx_word' id='word_1_349' title='bbox 457 4561 460 4570; x_wconf 81' lang='lat'><em>·</em></span> <span class='ocrx_word' id='word_1_350' title='bbox 1026 4539 1028 4546; x_wconf 63' lang='grc'><em>’</em></span> 
     </span>
    </p>
   </div>
   <div class='ocr_carea' id='block_1_5' title="bbox 1057 4613 1099 4673">
    <p class='ocr_par' dir='ltr' id='par_1_6' title="bbox 1057 4613 1099 4673">
     <span class='ocr_line' id='line_1_39' title="bbox 1057 4613 1099 4673; baseline -0.024 0"><span class='ocrx_word' id='word_1_351' title='bbox 1057 4613 1099 4673; x_wconf 80' lang='grc'><strong>12</strong></span> 
     </span>
    </p>
   </div>
   <div class='ocr_carea' id='block_1_6' title="bbox 0 0 1536 5156">
    <p class='ocr_par' dir='ltr' id='par_1_7' title="bbox 0 0 1536 5156">
     <span class='ocr_line' id='line_1_40' title="bbox 0 0 1536 5156; baseline 0 0"><span class='ocrx_word' id='word_1_352' title='bbox 0 0 1536 5156; x_wconf 95' lang='lat' dir='ltr'><strong> </strong></span> 
     </span>
    </p>
   </div>
  </div>
 </body>
</html>
