3030 5160
146 436 151 446 '
231 431 303 498 516
424 445 428 454 ’
616 421 691 489 Lm.
716 419 778 488 lll.
802 419 883 487 Trr.
908 419 986 487 ΧΗ.
1011 419 1102 506 (ΧΙ.)

234 599 510 682 Atantiquorum
526 618 634 661 mores
655 597 690 660 iu
708 595 904 661 venditione
919 597 1082 659 bonorum
1098 593 1268 659 observati
1287 595 1421 681 aliaque,
1437 598 1473 662 ad

236 729 322 793 quae
342 707 407 769 hoc
424 704 523 769 titulo
543 705 712 787 alluditur,
725 705 797 792 jam
818 705 886 769 alio
902 702 979 766 loco
997 703 1151 787 exposita
1169 711 1261 786 sunt,
1275 704 1317 767 ad
1333 725 1413 789 quae
1428 704 1473 767 hic

235 814 352 878 licebit
365 813 525 877 lectorem
540 814 730 877 remittere.v

821 945 904 1026 s1·
972 884 975 892 ¹

636 1061 719 1116 Casas
736 1059 785 1114 hoc
803 1060 879 1114 titulo
895 1061 1090 1130 supponendus.

320 1162 430 1246 Saepe
452 1159 573 1244 fiebat,
589 1169 625 1226 ut
642 1163 817 1226 obaeratus
839 1162 1030 1247 quisquam,
1049 1161 1138 1224 facto
1162 1166 1371 1239 testamento,
1389 1161 1475 1225 here-

237 1269 312 1336 dem
335 1270 525 1334 institueret
546 1263 758 1352 extraneum,
779 1269 940 1354 simulque
961 1269 1062 1333 servis
1084 1268 1279 1353 quibusdam
1301 1269 1474 1332 libertatem

236 1377 292 1442 vel
306 1378 450 1462 legaret,
467 1378 523 1442 vel
542 1378 795 1441 fideicommisso
812 1377 917 1442 daret.
938 1379 1016 1441 Non
1036 1377 1180 1441 adeunte
1199 1396 1281 1460 ergo
1299 1376 1429 1457 herede,
1447 1387 1474 1439 et

236 1486 456 1550 hereditatem
483 1485 527 1548 ob
553 1485 688 1550 latitans
715 1506 771 1550 aes
798 1486 941 1551 alienum
969 1485 1035 1548 sibi
1071 1485 1255 1568 suspectam
1282 1483 1472 1568 repudiante,

236 1594 409 1660 libertates
427 1595 527 1658 etiam
547 1596 760 1659 corruebant:
779 1594 817 1657 L.
836 1593 867 1657 2.
886 1595 919 1656 0.
939 1595 980 1656 de
999 1595 1132 1656 lbstcm.
1147 1613 1286 1655 manum.
1305 1595 1341 1654 L.
1356 1593 1384 1656 l.
1399 1593 1429 1653 0.
1443 1593 1473 1652 de

238 1704 354 1766 Fidcs'c.
374 1697 472 1766 libert.

824 1817 905 1900 ss·
940 1899 941 1903 γ

693 1933 863 2002 Rescriptum
881 1936 917 1988 D.
936 1933 1033 1986 Marci.

323 2032 432 2111 Quum
452 2052 534 2097 vero
549 2031 760 2097 nihilominus
774 2055 911 2118 maguus
929 2042 1017 2098 esset
1033 2031 1198 2096 libertatis
1216 2031 1335 2096 lavor:
1346 2030 1473 2095 D.hlar-

237 2163 293 2206 cus
318 2143 505 2236 Imperator
530 2140 690 2225 rescripto
723 2143 765 2206 ad
789 2139 991 2226 Pompilium
1017 2139 1140 2204 Rufum
1172 2142 1303 2222 statuit,
1333 2147 1368 2204 ut
1392 2140 1471 2215 bona,

238 2248 406 2336 quaejam
425 2269 492 2312 uon
513 2250 584 2344 sine
602 2249 786 2334 ignominia
808 2249 957 2314 defuncti
977 2249 1093 2312 venire
1114 2248 1299 2330 debebant,
1319 2267 1412 2311 servo
1424 2265 1471 2328 po

235 2359 300 2422 tius
323 2357 451 2420 cuidam
470 2364 668 2421 testamento
688 2357 884 2420 manumisso
903 2356 1136 2442 addicerentur
1149 2359 1195 2438 ⁸),
1213 2377 1253 2418 ea
1270 2364 1383 2419 tamen
1399 2354 1469 2436 lege,

235 2471 359 2528 utnon
384 2463 489 2528 solum
511 2465 614 2547 servi,
635 2464 753 2548 quibus
781 2474 848 2528 tum
867 2465 1014 2547 directo,
1032 2472 1099 2527 tum
1123 2483 1185 2547 per
1203 2463 1468 2526 fideicommissum
1507 2517 1508 2556 ἦ

236 2573 373 2636 libertas
393 2572 486 2653 data,
502 2571 691 2635 libertatem
709 2581 1003 2656 consequerentur,
1017 2592 1130 2636 verum
1150 2571 1249 2635 etiam
1271 2568 1469 2635 creditoribus

236 2687 410 2744 caveretur
427 2679 469 2742 de
483 2678 591 2742 solido
607 2677 744 2762 singulis
762 2677 934 2743 solvendo.
950 2678 1040 2756 Quin
1057 2686 1091 2742 et
1110 2678 1189 2741 fisco
1203 2681 1294 2742 bona
1306 2699 1376 2741 non
1393 2677 1469 2742 aliter

236 2787 346 2852 addici
362 2807 472 2888 passus
488 2793 538 2848 est
548 2786 744 2869 Imperator,
756 2807 853 2870 quam
870 2794 907 2850 ut
918 2786 1056 2850 libertas
1071 2786 1112 2850 iis
1130 2793 1217 2849 esset
1229 2785 1333 2867 salva,
1345 2785 1402 2870 qui
1416 2803 1467 2846 cau
1506 2849 1507 2878 3

235 2894 327 2960 adita
352 2892 538 2956 hereditate
563 2893 721 2978 consequi
743 2896 937 2979 potuissent.
966 2891 1077 2977 Ipsum
1099 2894 1293 2978 rescriptum
1321 2893 1365 2956 D.
1385 2889 1467 2955 Marci
1506 2879 1507 2891 ¹

233 3001 398 3084 integrum
414 3007 522 3086 enstat
543 3001 572 3082 ς.
588 3001 618 3062 1.
633 3003 711 3064 last.
726 3004 756 3064 h.
771 3011 793 3063 t.
814 3001 869 3064 De
886 2999 1062 3084 Pompilio
1074 2997 1177 3084 Rufo,
1199 3001 1242 3066 ad
1262 3021 1362 3085 quem
1380 2999 1468 3081 lmpe·

233 3114 326 3171 rator
340 3109 523 3192 rescripsit,
548 3109 731 3193 disputant,
746 3128 917 3189 cervusne,
937 3129 978 3170 an
996 3107 1084 3171 liber
1101 3109 1200 3171 homo
1216 3107 1338 3171 fuerit?
1353 3108 1466 3170 Serum
1505 3099 1506 3106 '

235 3214 334 3278 fuisse
355 3215 521 3281 existimat
541 3215 747 3301 Theophilus
767 3217 797 3277 d.
812 3216 841 3297 §.
859 3216 888 3278 1.
903 3214 961 3278 ubi
979 3236 1054 3278 eum
1069 3222 1122 3282 tha
1144 3221 1206 3282 τῶν
1229 3214 1384 3300 τυχόντων
1403 3213 1467 3277 ἐλευ-

234 3326 347 3403 θερίας
366 3327 398 3387 ἐν
417 3328 456 3417 τῇ
473 3323 626 3420 διαθήκῃ,
646 3345 744 3386 unum
762 3343 886 3399 corum,
905 3327 962 3406 qut
977 3325 1150 3387 libertatem
1175 3331 1364 3386 testamento
1382 3339 1466 3383 conse

234 3431 484 3510 qouts'soerant,
503 3431 661 3516 adpellat.
684 3431 752 3494 Sed
767 3440 870 3515 negat
885 3429 1024 3494 Arnold.
1035 3431 1178 3495 Vinnius
1194 3430 1236 3494 ad
1252 3432 1282 3492 d.
1298 3431 1329 3512 §.
1342 3429 1374 3492 1.
1387 3424 1467 3510 siqui·

153 3583 154 3588 1
236 3535 310 3600 dem
327 3536 409 3601 haec
424 3539 557 3606 nomina
577 3538 679 3602 servis
690 3559 761 3606 non
782 3539 885 3623 magis
902 3539 1120 3620 conveniant,
1136 3559 1233 3623 quam
1258 3537 1334 3622 caji
1349 3536 1428 3621 Seji:
1439 3532 1465 3592 l·

233 3645 284 3708 23.
301 3647 341 3710 D.
362 3647 401 3710 dc
417 3647 602 3710 Monums'ss.
626 3646 693 3709 Sed
716 3668 843 3710 servum
870 3645 970 3709 fuisse
997 3645 1076 3709 mihi
1095 3645 1152 3709 vix
1177 3645 1311 3708 videtur
1335 3643 1465 3707 dubitau-

236 3753 321 3818 dum.
343 3751 433 3832 Quid
456 3753 613 3817 movisset
636 3754 723 3816 enim
747 3763 959 3835 extraneum,
983 3759 1108 3816 uttam
1132 3752 1219 3816 duris
1241 3751 1464 3816 conditionibus

235 3860 345 3926 addici
366 3861 428 3923 sibi
444 3869 613 3947 pateretur
627 3861 847 3928 hereditatem
863 3861 1008 3944 Virginii
1023 3860 1178 3926 Valentis
1203 3881 1281 3924 aere
1299 3859 1408 3923 alieno
1422 3875 1463 3936 op·

171 3985 180 3992 ·
233 3973 400 4052 pressam?
423 3969 555 4049 Nomen
574 3992 655 4048 uero
671 3969 830 4054 Pompilii
847 3968 924 4032 Rufi
942 3989 1010 4031 non
1028 3990 1048 4031 a
1068 3968 1111 4030 D.
1124 3969 1258 4049 Marco,
1278 3968 1340 4030 sed
1361 3963 1463 4031 ablu

88 4124 93 4133 .
195 4083 199 4088 '
235 4085 391 4160 peratore
412 4076 600 4141 Justiniano
621 4077 653 4140 ei
671 4077 782 4142 datum
805 4075 938 4139 videtur
953 4096 1016 4160 per
1035 4075 1208 4162 πρόληψιν,
1234 4075 1315 4160 quia
1339 4063 1463 4137 libertini

203 4243 205 4250 .
234 4184 388 4247 solebant
409 4175 467 4249 aut
483 4185 768 4266 manumissorum,
785 4192 842 4250 aut
860 4203 992 4263 eorum,
1009 4205 1147 4268 quorum
1167 4204 1202 4246 se
1223 4181 1409 4268 patrocinio
1422 4173 1464 4240 ad·

302 4437 334 4504 a)
354 4439 382 4490 Is
394 4453 468 4504 ergo,
482 4437 530 4491 ‚cui
545 4437 653 4490 addicta
666 4439 747 4502 bona,
766 4453 815 4489 nec
828 4440 904 4490 hores
922 4441 988 4500 crat,
1007 4451 1057 4490 nec
1068 4437 1204 4488 bonorum
1221 4449 1375 4499 possessor.
1392 4433 1464 4484 nono

234 4537 295 4574 rum
313 4528 402 4575 tamen
424 4523 577 4588 possessori
604 4521 825 4575 adsimilahatur:
851 4523 884 4574 L.
894 4526 919 4574 4.
938 4522 959 4588 t.
979 4525 1022 4573 21.
1042 4519 1077 4570 D.
1102 4519 1134 4569 de
1151 4517 1321 4571 Raetorum.
1346 4517 1387 4570 lib.
1403 4511 1464 4566 Heia

234 4605 277 4658 Cl.
293 4622 347 4658 von
364 4605 483 4676 savigny
502 4607 530 4660 in
548 4609 596 4661 der
614 4605 741 4660 Zcitsclsr.
750 4605 781 4674 s.
796 4605 883 4674 pesclo.
902 4605 938 4658 R.
958 4605 997 4658 W.
1016 4605 1048 4658 Τ.
1061 4603 1097 4656 11.
1119 4606 1343 4668 paranetas
1361 4595 1439 4654 Harl.
