<?xml version="1.0" encoding="UTF-8"?>
<!DOCTYPE html PUBLIC "-//W3C//DTD XHTML 1.0 Transitional//EN"
    "http://www.w3.org/TR/xhtml1/DTD/xhtml1-transitional.dtd">
<html xmlns="http://www.w3.org/1999/xhtml" xml:lang="en" lang="en">
 <head>
  <title>
</title>
<meta http-equiv="Content-Type" content="text/html;charset=utf-8" />
  <meta name='ocr-system' content='tesseract 3.04.00' />
  <meta name='ocr-capabilities' content='ocr_page ocr_carea ocr_par ocr_line ocrx_word'/>
</head>
<body>
  <div class='ocr_page' id='page_1' title='image "./jogottliebheine00haubgoog_0276.png"; bbox 0 0 3062 5156; ppageno 0'>
   <div class='ocr_carea' id='block_1_1' title="bbox 408 377 1314 461">
    <p class='ocr_par' dir='ltr' id='par_1_1' title="bbox 408 377 1314 461">
     <span class='ocr_line' id='line_1_1' title="bbox 408 377 1314 461; baseline 0.004 -17"><span class='ocrx_word' id='word_1_1' title='bbox 408 377 464 446; x_wconf 80' lang='lat' dir='ltr'><strong>Du</strong></span> <span class='ocrx_word' id='word_1_2' title='bbox 487 379 582 446; x_wconf 86' lang='lat' dir='ltr'><strong>Junu</strong></span> <span class='ocrx_word' id='word_1_3' title='bbox 608 377 750 461; x_wconf 81' lang='lat' dir='ltr'><strong>Quium.</strong></span> <span class='ocrx_word' id='word_1_4' title='bbox 776 378 833 444; x_wconf 86' lang='lat' dir='ltr'><strong>Er</strong></span> <span class='ocrx_word' id='word_1_5' title='bbox 854 377 969 446; x_wconf 82' lang='lat' dir='ltr'><strong>Grvrr.</strong></span> <span class='ocrx_word' id='word_1_6' title='bbox 1240 384 1314 448; x_wconf 70' lang='lat'><strong>235</strong></span> 
     </span>
    </p>
   </div>
   <div class='ocr_carea' id='block_1_2' title="bbox 71 551 1391 2361">
    <p class='ocr_par' dir='ltr' id='par_1_2' title="bbox 71 551 1314 1168">
     <span class='ocr_line' id='line_1_2' title="bbox 72 551 1314 634; baseline 0.001 -18"><span class='ocrx_word' id='word_1_7' title='bbox 72 551 177 616; x_wconf 88' lang='lat' dir='ltr'><strong>mansit</strong></span> <span class='ocrx_word' id='word_1_8' title='bbox 195 552 370 616; x_wconf 82' lang='lat' dir='ltr'><strong>discrimen</strong></span> <span class='ocrx_word' id='word_1_9' title='bbox 387 552 475 618; x_wconf 87' lang='lat' dir='ltr'><strong>iuter</strong></span> <span class='ocrx_word' id='word_1_10' title='bbox 489 554 665 618; x_wconf 88' lang='lat' dir='ltr'><strong>libertinos</strong></span> <span class='ocrx_word' id='word_1_11' title='bbox 688 552 793 632; x_wconf 87' lang='lat' dir='ltr'><strong>cives,</strong></span> <span class='ocrx_word' id='word_1_12' title='bbox 815 553 953 617; x_wconf 87' lang='lat' dir='ltr'><strong>Latinos</strong></span> <span class='ocrx_word' id='word_1_13' title='bbox 968 551 1149 634; x_wconf 81' lang='lat' dir='ltr'><strong>Juulanos,</strong></span> <span class='ocrx_word' id='word_1_14' title='bbox 1166 560 1202 616; x_wconf 89' lang='lat' dir='ltr'><strong>et</strong></span> <span class='ocrx_word' id='word_1_15' title='bbox 1218 553 1314 618; x_wconf 87' lang='lat' dir='ltr'><strong>dedi-</strong></span> 
     </span>
     <span class='ocr_line' id='line_1_3' title="bbox 71 658 1313 743; baseline 0 -19"><span class='ocrx_word' id='word_1_16' title='bbox 71 662 160 743; x_wconf 83' lang='lat' dir='ltr'><strong>titios,</strong></span> <span class='ocrx_word' id='word_1_17' title='bbox 176 669 213 724; x_wconf 91' lang='lat' dir='ltr'><strong>ut</strong></span> <span class='ocrx_word' id='word_1_18' title='bbox 231 681 275 722; x_wconf 88' lang='lat' dir='ltr'><strong>ex</strong></span> <span class='ocrx_word' id='word_1_19' title='bbox 295 660 443 726; x_wconf 88' lang='lat' dir='ltr'><strong>Salviani</strong></span> <span class='ocrx_word' id='word_1_20' title='bbox 461 664 616 724; x_wconf 80' lang='lat' dir='ltr'><strong>aduersus</strong></span> <span class='ocrx_word' id='word_1_21' title='bbox 632 664 747 722; x_wconf 76' lang='lat' dir='ltr'><strong>coorta</strong></span> <span class='ocrx_word' id='word_1_22' title='bbox 765 660 860 722; x_wconf 82' lang='lat' dir='ltr'><strong>Libro</strong></span> <span class='ocrx_word' id='word_1_23' title='bbox 878 663 943 722; x_wconf 91' lang='grc' dir='ltr'><strong>ΙΙΙ.</strong></span> <span class='ocrx_word' id='word_1_24' title='bbox 961 658 991 720; x_wconf 90' lang='grc'><strong>7.</strong></span> <span class='ocrx_word' id='word_1_25' title='bbox 1009 661 1313 724; x_wconf 86' lang='lat' dir='ltr'><strong>animadverterunt</strong></span> 
     </span>
     <span class='ocr_line' id='line_1_4' title="bbox 71 761 1314 853; baseline -0.002 -22"><span class='ocrx_word' id='word_1_26' title='bbox 71 769 131 832; x_wconf 82' lang='lat' dir='ltr'><strong>lac.</strong></span> <span class='ocrx_word' id='word_1_27' title='bbox 147 768 258 853; x_wconf 87' lang='lat' dir='ltr'><strong>Gujac.</strong></span> <span class='ocrx_word' id='word_1_28' title='bbox 281 769 407 830; x_wconf 83' lang='lat' dir='ltr'><strong>Obsoru.</strong></span> <span class='ocrx_word' id='word_1_29' title='bbox 424 773 447 829; x_wconf 89' lang='lat'><em>1</em></span> <span class='ocrx_word' id='word_1_30' title='bbox 449 770 484 830; x_wconf 89' lang='lat' dir='ltr'><strong>V.</strong></span> <span class='ocrx_word' id='word_1_31' title='bbox 501 769 532 832; x_wconf 80' lang='lat'><strong>3.</strong></span> <span class='ocrx_word' id='word_1_32' title='bbox 551 776 586 832; x_wconf 89' lang='lat' dir='ltr'><strong>et</strong></span> <span class='ocrx_word' id='word_1_33' title='bbox 600 761 724 831; x_wconf 83' lang='lat' dir='ltr'><strong>Ezech.</strong></span> <span class='ocrx_word' id='word_1_34' title='bbox 743 767 920 850; x_wconf 84' lang='lat' dir='ltr'><strong>Spsuhem.</strong></span> <span class='ocrx_word' id='word_1_35' title='bbox 943 765 1016 828; x_wconf 80' lang='lat' dir='ltr'><strong>Ort.</strong></span> <span class='ocrx_word' id='word_1_36' title='bbox 1031 768 1121 834; x_wconf 83' lang='lat' dir='ltr'><strong>Rom.</strong></span> <span class='ocrx_word' id='word_1_37' title='bbox 1141 761 1256 832; x_wconf 74' lang='lat' dir='ltr'><strong>Emere.</strong></span> <span class='ocrx_word' id='word_1_38' title='bbox 1271 769 1314 829; x_wconf 85' lang='lat' dir='ltr'><strong>II.</strong></span> 
     </span>
     <span class='ocr_line' id='line_1_5' title="bbox 72 876 383 958; baseline 0 -22"><span class='ocrx_word' id='word_1_39' title='bbox 72 897 92 936; x_wconf 85' lang='lat' dir='ltr'><strong>c.</strong></span> <span class='ocrx_word' id='word_1_40' title='bbox 106 877 132 936; x_wconf 81' lang='lat'><strong>5.</strong></span> <span class='ocrx_word' id='word_1_41' title='bbox 142 899 176 958; x_wconf 83' lang='lat' dir='ltr'><strong>p.</strong></span> <span class='ocrx_word' id='word_1_42' title='bbox 190 876 263 938; x_wconf 84' lang='lat'>147.</span> <span class='ocrx_word' id='word_1_43' title='bbox 280 897 324 957; x_wconf 80' lang='lat' dir='ltr'><strong>sq.</strong></span> <span class='ocrx_word' id='word_1_44' title='bbox 339 879 383 955; x_wconf 75' lang='grc' dir='ltr'><strong>Ρ).</strong></span> 
     </span>
     <span class='ocr_line' id='line_1_6' title="bbox 637 983 737 1064; baseline 0 -20"><span class='ocrx_word' id='word_1_45' title='bbox 637 985 666 1064; x_wconf 86' lang='lat'><strong>§.</strong></span> <span class='ocrx_word' id='word_1_46' title='bbox 687 983 737 1044; x_wconf 82' lang='lat'><strong>21.</strong></span> 
     </span>
     <span class='ocr_line' id='line_1_7' title="bbox 245 1095 1111 1168; baseline -0.002 -18"><span class='ocrx_word' id='word_1_47' title='bbox 245 1100 299 1156; x_wconf 65' lang='lat' dir='ltr'><strong>,At</strong></span> <span class='ocrx_word' id='word_1_48' title='bbox 317 1115 376 1150; x_wconf 81' lang='lat' dir='ltr'><strong>oum</strong></span> <span class='ocrx_word' id='word_1_49' title='bbox 395 1098 435 1150; x_wconf 67' lang='grc' dir='ltr'><strong>Ιώ</strong></span> <span class='ocrx_word' id='word_1_50' title='bbox 449 1115 550 1168; x_wconf 73' lang='lat' dir='ltr'><strong>quomis</strong></span> <span class='ocrx_word' id='word_1_51' title='bbox 569 1100 698 1152; x_wconf 78' lang='lat' dir='ltr'><strong>ciuitatem</strong></span> <span class='ocrx_word' id='word_1_52' title='bbox 716 1096 916 1151; x_wconf 63' lang='lat' dir='ltr'><strong>communicavit</strong></span> <span class='ocrx_word' id='word_1_53' title='bbox 935 1095 1111 1150; x_wconf 68' lang='lat' dir='ltr'><strong>Iudaicam.</strong></span> 
     </span>
    </p>

    <p class='ocr_par' dir='ltr' id='par_1_3' title="bbox 73 1197 1391 2361">
     <span class='ocr_line' id='line_1_8' title="bbox 141 1197 1344 1282; baseline -0.003 -20"><span class='ocrx_word' id='word_1_54' title='bbox 141 1198 363 1282; x_wconf 85' lang='lat' dir='ltr'><strong>Exposuimus</strong></span> <span class='ocrx_word' id='word_1_55' title='bbox 377 1198 547 1280; x_wconf 84' lang='lat' dir='ltr'><strong>hactenus,</strong></span> <span class='ocrx_word' id='word_1_56' title='bbox 562 1199 645 1262; x_wconf 89' lang='lat' dir='ltr'><strong>duce</strong></span> <span class='ocrx_word' id='word_1_57' title='bbox 659 1198 879 1262; x_wconf 88' lang='lat' dir='ltr'><strong>eruditissimo</strong></span> <span class='ocrx_word' id='word_1_58' title='bbox 896 1197 1108 1281; x_wconf 88' lang='lat' dir='ltr'><strong>Spanhemio,</strong></span> <span class='ocrx_word' id='word_1_59' title='bbox 1116 1197 1214 1260; x_wconf 89' lang='lat' dir='ltr'><strong>datae</strong></span> <span class='ocrx_word' id='word_1_60' title='bbox 1231 1197 1314 1260; x_wconf 85' lang='lat' dir='ltr'><strong>civi·</strong></span> <span class='ocrx_word' id='word_1_61' title='bbox 1342 1276 1344 1282; x_wconf 17' lang='grc' dir='ltr'><strong><em>Α</em></strong></span> 
     </span>
     <span class='ocr_line' id='line_1_9' title="bbox 74 1303 1313 1390; baseline -0.001 -23"><span class='ocrx_word' id='word_1_62' title='bbox 74 1306 136 1367; x_wconf 89' lang='lat' dir='ltr'><strong>tatis</strong></span> <span class='ocrx_word' id='word_1_63' title='bbox 154 1305 329 1368; x_wconf 80' lang='lat' dir='ltr'><strong>Romanae</strong></span> <span class='ocrx_word' id='word_1_64' title='bbox 346 1305 526 1389; x_wconf 81' lang='lat' dir='ltr'><strong>historiam,</strong></span> <span class='ocrx_word' id='word_1_65' title='bbox 543 1307 824 1390; x_wconf 87' lang='lat' dir='ltr'><strong>ostendimusque,</strong></span> <span class='ocrx_word' id='word_1_66' title='bbox 840 1306 888 1368; x_wconf 90' lang='lat' dir='ltr'><strong>ita</strong></span> <span class='ocrx_word' id='word_1_67' title='bbox 903 1304 1074 1388; x_wconf 80' lang='lat' dir='ltr'><strong>paullatim</strong></span> <span class='ocrx_word' id='word_1_68' title='bbox 1094 1325 1165 1366; x_wconf 88' lang='lat' dir='ltr'><strong>esse</strong></span> <span class='ocrx_word' id='word_1_69' title='bbox 1179 1303 1313 1384; x_wconf 83' lang='lat' dir='ltr'><strong>factum,</strong></span> 
     </span>
     <span class='ocr_line' id='line_1_10' title="bbox 73 1410 1314 1500; baseline -0.002 -25"><span class='ocrx_word' id='word_1_70' title='bbox 73 1420 103 1475; x_wconf 91' lang='lat' dir='ltr'><strong>ut</strong></span> <span class='ocrx_word' id='word_1_71' title='bbox 117 1413 229 1476; x_wconf 87' lang='lat' dir='ltr'><strong>civitas</strong></span> <span class='ocrx_word' id='word_1_72' title='bbox 244 1413 383 1497; x_wconf 86' lang='lat' dir='ltr'><strong>primum</strong></span> <span class='ocrx_word' id='word_1_73' title='bbox 401 1414 568 1496; x_wconf 90' lang='lat' dir='ltr'><strong>omuibus,</strong></span> <span class='ocrx_word' id='word_1_74' title='bbox 586 1416 643 1500; x_wconf 91' lang='lat' dir='ltr'><strong>qui</strong></span> <span class='ocrx_word' id='word_1_75' title='bbox 659 1415 788 1478; x_wconf 85' lang='lat' dir='ltr'><strong>Rornae</strong></span> <span class='ocrx_word' id='word_1_76' title='bbox 809 1421 865 1476; x_wconf 88' lang='lat' dir='ltr'><strong>aut</strong></span> <span class='ocrx_word' id='word_1_77' title='bbox 883 1412 918 1476; x_wconf 90' lang='lat' dir='ltr'><strong>in</strong></span> <span class='ocrx_word' id='word_1_78' title='bbox 934 1433 1015 1494; x_wconf 79' lang='lat' dir='ltr'><strong>agro</strong></span> <span class='ocrx_word' id='word_1_79' title='bbox 1034 1411 1189 1476; x_wconf 87' lang='lat' dir='ltr'><strong>Romano</strong></span> <span class='ocrx_word' id='word_1_80' title='bbox 1208 1410 1314 1474; x_wconf 87' lang='lat' dir='ltr'><strong>domi-</strong></span> 
     </span>
     <span class='ocr_line' id='line_1_11' title="bbox 74 1518 1314 1607; baseline -0.002 -25"><span class='ocrx_word' id='word_1_81' title='bbox 74 1519 168 1582; x_wconf 88' lang='lat' dir='ltr'><strong>cilium</strong></span> <span class='ocrx_word' id='word_1_82' title='bbox 187 1522 452 1602; x_wconf 81' lang='lat' dir='ltr'><strong>constituebant,</strong></span> <span class='ocrx_word' id='word_1_83' title='bbox 471 1522 593 1586; x_wconf 89' lang='lat' dir='ltr'><strong>deinde</strong></span> <span class='ocrx_word' id='word_1_84' title='bbox 614 1523 743 1607; x_wconf 85' lang='lat' dir='ltr'><strong>aliquot</strong></span> <span class='ocrx_word' id='word_1_85' title='bbox 762 1522 796 1584; x_wconf 90' lang='lat' dir='ltr'><strong>in</strong></span> <span class='ocrx_word' id='word_1_86' title='bbox 817 1521 915 1584; x_wconf 89' lang='lat' dir='ltr'><strong>Latio</strong></span> <span class='ocrx_word' id='word_1_87' title='bbox 938 1520 1141 1603; x_wconf 88' lang='lat' dir='ltr'><strong>municipiis,</strong></span> <span class='ocrx_word' id='word_1_88' title='bbox 1163 1527 1230 1582; x_wconf 81' lang='lat' dir='ltr'><strong>tuni</strong></span> <span class='ocrx_word' id='word_1_89' title='bbox 1250 1518 1314 1582; x_wconf 88' lang='lat' dir='ltr'><strong>toti</strong></span> 
     </span>
     <span class='ocr_line' id='line_1_12' title="bbox 74 1625 1314 1713; baseline -0.003 -23"><span class='ocrx_word' id='word_1_90' title='bbox 74 1627 167 1710; x_wconf 87' lang='lat' dir='ltr'><strong>Latio,</strong></span> <span class='ocrx_word' id='word_1_91' title='bbox 185 1649 268 1692; x_wconf 81' lang='lat' dir='ltr'><strong>mox</strong></span> <span class='ocrx_word' id='word_1_92' title='bbox 286 1628 459 1694; x_wconf 85' lang='lat' dir='ltr'><strong>universae</strong></span> <span class='ocrx_word' id='word_1_93' title='bbox 479 1630 614 1709; x_wconf 86' lang='lat' dir='ltr'><strong>Italiae,</strong></span> <span class='ocrx_word' id='word_1_94' title='bbox 640 1629 768 1713; x_wconf 83' lang='lat' dir='ltr'><strong>aliquot</strong></span> <span class='ocrx_word' id='word_1_95' title='bbox 785 1650 886 1712; x_wconf 85' lang='lat' dir='ltr'><strong>porro</strong></span> <span class='ocrx_word' id='word_1_96' title='bbox 905 1636 1000 1692; x_wconf 85' lang='lat' dir='ltr'><strong>extra</strong></span> <span class='ocrx_word' id='word_1_97' title='bbox 1021 1627 1152 1690; x_wconf 88' lang='lat' dir='ltr'><strong>ltaliam</strong></span> <span class='ocrx_word' id='word_1_98' title='bbox 1177 1625 1229 1688; x_wconf 90' lang='lat' dir='ltr'><strong>vel</strong></span> <span class='ocrx_word' id='word_1_99' title='bbox 1246 1625 1314 1708; x_wconf 93' lang='lat' dir='ltr'><strong>pri-</strong></span> 
     </span>
     <span class='ocr_line' id='line_1_13' title="bbox 76 1734 1314 1822; baseline 0 -26"><span class='ocrx_word' id='word_1_100' title='bbox 76 1736 155 1817; x_wconf 84' lang='lat' dir='ltr'><strong>vatis,</strong></span> <span class='ocrx_word' id='word_1_101' title='bbox 169 1737 227 1800; x_wconf 87' lang='lat' dir='ltr'><strong>vel</strong></span> <span class='ocrx_word' id='word_1_102' title='bbox 247 1736 390 1819; x_wconf 92' lang='lat' dir='ltr'><strong>oppidis,</strong></span> <span class='ocrx_word' id='word_1_103' title='bbox 408 1737 464 1799; x_wconf 90' lang='lat' dir='ltr'><strong>vel</strong></span> <span class='ocrx_word' id='word_1_104' title='bbox 480 1739 669 1820; x_wconf 85' lang='lat' dir='ltr'><strong>provinciis,</strong></span> <span class='ocrx_word' id='word_1_105' title='bbox 686 1745 721 1800; x_wconf 88' lang='lat' dir='ltr'><strong>et</strong></span> <span class='ocrx_word' id='word_1_106' title='bbox 734 1749 902 1822; x_wconf 87' lang='lat' dir='ltr'><strong>postremo</strong></span> <span class='ocrx_word' id='word_1_107' title='bbox 921 1736 1072 1800; x_wconf 87' lang='lat' dir='ltr'><strong>omuibus</strong></span> <span class='ocrx_word' id='word_1_108' title='bbox 1092 1735 1126 1796; x_wconf 92' lang='lat' dir='ltr'><strong>in</strong></span> <span class='ocrx_word' id='word_1_109' title='bbox 1147 1737 1228 1800; x_wconf 87' lang='lat' dir='ltr'><strong>orbe</strong></span> <span class='ocrx_word' id='word_1_110' title='bbox 1243 1734 1314 1796; x_wconf 84' lang='lat' dir='ltr'><strong>Ro-</strong></span> 
     </span>
     <span class='ocr_line' id='line_1_14' title="bbox 75 1842 1373 1928; baseline 0.002 -26"><span class='ocrx_word' id='word_1_111' title='bbox 75 1863 155 1906; x_wconf 89' lang='lat' dir='ltr'><strong>mano</strong></span> <span class='ocrx_word' id='word_1_112' title='bbox 171 1843 328 1928; x_wconf 84' lang='lat' dir='ltr'><strong>ingenuis</strong></span> <span class='ocrx_word' id='word_1_113' title='bbox 344 1845 489 1909; x_wconf 89' lang='lat' dir='ltr'><strong>daretur.</strong></span> <span class='ocrx_word' id='word_1_114' title='bbox 509 1847 714 1910; x_wconf 76' lang='lat' dir='ltr'><strong>lastinianus</strong></span> <span class='ocrx_word' id='word_1_115' title='bbox 727 1854 850 1926; x_wconf 86' lang='lat' dir='ltr'><strong>tamen,</strong></span> <span class='ocrx_word' id='word_1_116' title='bbox 865 1853 901 1910; x_wconf 94' lang='lat' dir='ltr'><strong>ut</strong></span> <span class='ocrx_word' id='word_1_117' title='bbox 915 1844 979 1908; x_wconf 85' lang='lat' dir='ltr'><strong>fuit</strong></span> <span class='ocrx_word' id='word_1_118' title='bbox 998 1843 1173 1908; x_wconf 85' lang='lat' dir='ltr'><strong>admodum</strong></span> <span class='ocrx_word' id='word_1_119' title='bbox 1188 1842 1315 1908; x_wconf 85' lang='lat' dir='ltr'><strong>libera·</strong></span> <span class='ocrx_word' id='word_1_120' title='bbox 1371 1899 1373 1904; x_wconf 83' lang='grc'><strong>.</strong></span> 
     </span>
     <span class='ocr_line' id='line_1_15' title="bbox 74 1949 1314 2035; baseline 0.002 -25"><span class='ocrx_word' id='word_1_121' title='bbox 74 1949 117 2026; x_wconf 82' lang='lat' dir='ltr'><strong>lis,</strong></span> <span class='ocrx_word' id='word_1_122' title='bbox 134 1953 264 2016; x_wconf 86' lang='lat' dir='ltr'><strong>sublato</strong></span> <span class='ocrx_word' id='word_1_123' title='bbox 285 1952 346 2015; x_wconf 95' lang='lat' dir='ltr'><strong>illo</strong></span> <span class='ocrx_word' id='word_1_124' title='bbox 364 1953 596 2018; x_wconf 85' lang='lat' dir='ltr'><strong>libertinorum</strong></span> <span class='ocrx_word' id='word_1_125' title='bbox 616 1954 819 2035; x_wconf 86' lang='lat' dir='ltr'><strong>discrimine,</strong></span> <span class='ocrx_word' id='word_1_126' title='bbox 840 1955 937 2016; x_wconf 75' lang='lat' dir='ltr'><strong>titulis</strong></span> <span class='ocrx_word' id='word_1_127' title='bbox 962 1953 994 2014; x_wconf 81' lang='lat'><strong>0.</strong></span> <span class='ocrx_word' id='word_1_128' title='bbox 1011 1953 1050 2013; x_wconf 79' lang='lat' dir='ltr'><strong>dc</strong></span> <span class='ocrx_word' id='word_1_129' title='bbox 1068 1952 1141 2013; x_wconf 84' lang='lat' dir='ltr'><strong>Lot.</strong></span> <span class='ocrx_word' id='word_1_130' title='bbox 1159 1959 1189 2012; x_wconf 79' lang='lat' dir='ltr'><strong>ct</strong></span> <span class='ocrx_word' id='word_1_131' title='bbox 1211 1951 1314 2014; x_wconf 71' lang='lat' dir='ltr'><strong>mou.</strong></span> 
     </span>
     <span class='ocr_line' id='line_1_16' title="bbox 74 2045 1391 2145; baseline 0.001 -27"><span class='ocrx_word' id='word_1_132' title='bbox 74 2060 114 2118; x_wconf 72' lang='grc' dir='ltr'><strong>ἰῶ.</strong></span> <span class='ocrx_word' id='word_1_133' title='bbox 129 2063 190 2122; x_wconf 83' lang='lat' dir='ltr'><strong>toll.</strong></span> <span class='ocrx_word' id='word_1_134' title='bbox 208 2068 241 2123; x_wconf 88' lang='lat' dir='ltr'><strong>ct</strong></span> <span class='ocrx_word' id='word_1_135' title='bbox 257 2060 404 2124; x_wconf 92' lang='lat' dir='ltr'><strong>Novella</strong></span> <span class='ocrx_word' id='word_1_136' title='bbox 418 2059 606 2125; x_wconf 86' lang='lat' dir='ltr'><em>LXXVIII.</em></span> <span class='ocrx_word' id='word_1_137' title='bbox 620 2063 649 2125; x_wconf 82' lang='lat'><strong>2.</strong></span> <span class='ocrx_word' id='word_1_138' title='bbox 667 2064 696 2123; x_wconf 82' lang='lat'><strong>5.</strong></span> <span class='ocrx_word' id='word_1_139' title='bbox 716 2062 758 2125; x_wconf 87' lang='lat' dir='ltr'><strong>ad</strong></span> <span class='ocrx_word' id='word_1_140' title='bbox 778 2063 867 2144; x_wconf 94' lang='lat' dir='ltr'><strong>ipsos</strong></span> <span class='ocrx_word' id='word_1_141' title='bbox 886 2081 1019 2145; x_wconf 89' lang='lat' dir='ltr'><strong>quoque</strong></span> <span class='ocrx_word' id='word_1_142' title='bbox 1039 2058 1217 2122; x_wconf 89' lang='lat' dir='ltr'><strong>libertinae</strong></span> <span class='ocrx_word' id='word_1_143' title='bbox 1234 2077 1313 2120; x_wconf 82' lang='lat' dir='ltr'><strong>con-</strong></span> <span class='ocrx_word' id='word_1_144' title='bbox 1388 2045 1391 2052; x_wconf 69' lang='grc'><strong>’</strong></span> 
     </span>
     <span class='ocr_line' id='line_1_17' title="bbox 76 2165 1314 2252; baseline 0.002 -26"><span class='ocrx_word' id='word_1_145' title='bbox 76 2165 195 2229; x_wconf 88' lang='lat' dir='ltr'><strong>ditionis</strong></span> <span class='ocrx_word' id='word_1_146' title='bbox 215 2168 367 2231; x_wconf 84' lang='lat' dir='ltr'><strong>homines</strong></span> <span class='ocrx_word' id='word_1_147' title='bbox 390 2169 455 2232; x_wconf 88' lang='lat' dir='ltr'><strong>hoc</strong></span> <span class='ocrx_word' id='word_1_148' title='bbox 479 2169 676 2232; x_wconf 90' lang='lat' dir='ltr'><strong>beneficium</strong></span> <span class='ocrx_word' id='word_1_149' title='bbox 698 2169 854 2252; x_wconf 71' lang='lat' dir='ltr'><strong>protulit,</strong></span> <span class='ocrx_word' id='word_1_150' title='bbox 869 2169 1021 2251; x_wconf 89' lang='lat' dir='ltr'><strong>adeoque</strong></span> <span class='ocrx_word' id='word_1_151' title='bbox 1043 2187 1156 2230; x_wconf 89' lang='lat' dir='ltr'><strong>omnes</strong></span> <span class='ocrx_word' id='word_1_152' title='bbox 1178 2167 1212 2228; x_wconf 93' lang='lat' dir='ltr'><strong>iu</strong></span> <span class='ocrx_word' id='word_1_153' title='bbox 1231 2168 1314 2228; x_wconf 87' lang='lat' dir='ltr'><strong>orbe</strong></span> 
     </span>
     <span class='ocr_line' id='line_1_18' title="bbox 76 2271 849 2361; baseline 0.004 -27"><span class='ocrx_word' id='word_1_154' title='bbox 76 2271 214 2338; x_wconf 89' lang='lat' dir='ltr'><strong>Romano</strong></span> <span class='ocrx_word' id='word_1_155' title='bbox 232 2276 385 2339; x_wconf 86' lang='lat' dir='ltr'><strong>viventes</strong></span> <span class='ocrx_word' id='word_1_156' title='bbox 400 2299 507 2361; x_wconf 87' lang='lat' dir='ltr'><strong>aequo</strong></span> <span class='ocrx_word' id='word_1_157' title='bbox 517 2277 594 2361; x_wconf 87' lang='lat' dir='ltr'><strong>jure</strong></span> <span class='ocrx_word' id='word_1_158' title='bbox 612 2295 713 2359; x_wconf 84' lang='lat' dir='ltr'><strong>ogere</strong></span> <span class='ocrx_word' id='word_1_159' title='bbox 733 2276 849 2339; x_wconf 87' lang='lat' dir='ltr'><strong>voluit.</strong></span> 
     </span>
    </p>
   </div>
   <div class='ocr_carea' id='block_1_3' title="bbox 637 2427 740 2510">
    <p class='ocr_par' dir='ltr' id='par_1_4' title="bbox 637 2427 740 2510">
     <span class='ocr_line' id='line_1_19' title="bbox 637 2427 740 2510; baseline -0.019 -20"><span class='ocrx_word' id='word_1_160' title='bbox 637 2429 666 2510; x_wconf 80' lang='lat'><strong>§-</strong></span> <span class='ocrx_word' id='word_1_161' title='bbox 689 2427 740 2490; x_wconf 80' lang='lat'><strong>22.</strong></span> 
     </span>
    </p>
   </div>
   <div class='ocr_carea' id='block_1_4' title="bbox 53 2543 1316 3270">
    <p class='ocr_par' dir='ltr' id='par_1_5' title="bbox 53 2543 1316 3270">
     <span class='ocr_line' id='line_1_20' title="bbox 302 2543 989 2616; baseline 0.001 -21"><span class='ocrx_word' id='word_1_162' title='bbox 302 2595 311 2616; x_wconf 34' lang='lat'>⁸</span> <span class='ocrx_word' id='word_1_163' title='bbox 380 2543 452 2597; x_wconf 82' lang='lat' dir='ltr'><strong>Juro</strong></span> <span class='ocrx_word' id='word_1_164' title='bbox 470 2545 579 2598; x_wconf 80' lang='lat' dir='ltr'><strong>civitatis</strong></span> <span class='ocrx_word' id='word_1_165' title='bbox 596 2547 691 2598; x_wconf 83' lang='lat' dir='ltr'><strong>senaim</strong></span> <span class='ocrx_word' id='word_1_166' title='bbox 710 2561 802 2612; x_wconf 85' lang='lat' dir='ltr'><strong>copore</strong></span> <span class='ocrx_word' id='word_1_167' title='bbox 820 2543 989 2596; x_wconf 82' lang='lat' dir='ltr'><strong>incramenta.</strong></span> 
     </span>
     <span class='ocr_line' id='line_1_21' title="bbox 143 2640 1314 2730; baseline -0.003 -23"><span class='ocrx_word' id='word_1_168' title='bbox 143 2645 335 2708; x_wconf 85' lang='lat' dir='ltr'><strong>Proximum</strong></span> <span class='ocrx_word' id='word_1_169' title='bbox 354 2655 413 2729; x_wconf 87' lang='lat' dir='ltr'><strong>est,</strong></span> <span class='ocrx_word' id='word_1_170' title='bbox 432 2655 468 2710; x_wconf 93' lang='lat' dir='ltr'><strong>ut</strong></span> <span class='ocrx_word' id='word_1_171' title='bbox 486 2647 555 2729; x_wconf 89' lang='lat' dir='ltr'><strong>ipsa</strong></span> <span class='ocrx_word' id='word_1_172' title='bbox 567 2648 644 2730; x_wconf 85' lang='lat' dir='ltr'><strong>jura</strong></span> <span class='ocrx_word' id='word_1_173' title='bbox 664 2644 807 2708; x_wconf 84' lang='lat' dir='ltr'><strong>civitatis</strong></span> <span class='ocrx_word' id='word_1_174' title='bbox 825 2640 939 2728; x_wconf 90' lang='lat' dir='ltr'><strong>paullo</strong></span> <span class='ocrx_word' id='word_1_175' title='bbox 960 2643 1147 2707; x_wconf 91' lang='lat' dir='ltr'><strong>adcuratius</strong></span> <span class='ocrx_word' id='word_1_176' title='bbox 1166 2661 1314 2726; x_wconf 84' lang='lat' dir='ltr'><strong>expona-</strong></span> 
     </span>
     <span class='ocr_line' id='line_1_22' title="bbox 53 2745 1311 2837; baseline 0.001 -27"><span class='ocrx_word' id='word_1_177' title='bbox 53 2745 56 2753; x_wconf 77' lang='grc'><strong>’</strong></span> <span class='ocrx_word' id='word_1_178' title='bbox 80 2769 141 2812; x_wconf 88' lang='lat' dir='ltr'><strong>nus.</strong></span> <span class='ocrx_word' id='word_1_179' title='bbox 174 2755 216 2816; x_wconf 87' lang='lat' dir='ltr'><strong>Et</strong></span> <span class='ocrx_word' id='word_1_180' title='bbox 243 2775 284 2816; x_wconf 90' lang='lat' dir='ltr'><strong>ea</strong></span> <span class='ocrx_word' id='word_1_181' title='bbox 314 2754 446 2837; x_wconf 91' lang='lat' dir='ltr'><strong>quidem</strong></span> <span class='ocrx_word' id='word_1_182' title='bbox 474 2754 714 2817; x_wconf 84' lang='lat' dir='ltr'><strong>observandum</strong></span> <span class='ocrx_word' id='word_1_183' title='bbox 748 2753 866 2815; x_wconf 87' lang='lat' dir='ltr'><strong>sensim</strong></span> <span class='ocrx_word' id='word_1_184' title='bbox 895 2751 998 2835; x_wconf 85' lang='lat' dir='ltr'><strong>magis</strong></span> <span class='ocrx_word' id='word_1_185' title='bbox 1020 2754 1191 2837; x_wconf 84' lang='lat' dir='ltr'><strong>magisque</strong></span> <span class='ocrx_word' id='word_1_186' title='bbox 1218 2759 1311 2812; x_wconf 87' lang='lat' dir='ltr'><strong>aucta</strong></span> 
     </span>
     <span class='ocr_line' id='line_1_23' title="bbox 79 2856 1315 2946; baseline 0.002 -30"><span class='ocrx_word' id='word_1_187' title='bbox 79 2856 162 2921; x_wconf 83' lang='lat' dir='ltr'><strong>luisse</strong></span> <span class='ocrx_word' id='word_1_188' title='bbox 179 2870 278 2946; x_wconf 89' lang='lat' dir='ltr'><strong>atque</strong></span> <span class='ocrx_word' id='word_1_189' title='bbox 296 2861 505 2944; x_wconf 89' lang='lat' dir='ltr'><strong>amplificata.</strong></span> <span class='ocrx_word' id='word_1_190' title='bbox 520 2862 594 2925; x_wconf 86' lang='lat' dir='ltr'><strong>Jam</strong></span> <span class='ocrx_word' id='word_1_191' title='bbox 614 2865 671 2925; x_wconf 91' lang='lat' dir='ltr'><strong>sub</strong></span> <span class='ocrx_word' id='word_1_192' title='bbox 687 2862 822 2946; x_wconf 86' lang='lat' dir='ltr'><strong>regibus</strong></span> <span class='ocrx_word' id='word_1_193' title='bbox 834 2856 922 2922; x_wconf 89' lang='lat' dir='ltr'><strong>cives</strong></span> <span class='ocrx_word' id='word_1_194' title='bbox 938 2860 1129 2943; x_wconf 89' lang='lat' dir='ltr'><strong>gaudebant</strong></span> <span class='ocrx_word' id='word_1_195' title='bbox 1145 2859 1315 2937; x_wconf 90' lang='lat' dir='ltr'><strong>libertate,</strong></span> 
     </span>
     <span class='ocr_line' id='line_1_24' title="bbox 73 2963 1315 3054; baseline 0 -28"><span class='ocrx_word' id='word_1_196' title='bbox 73 2963 136 3046; x_wconf 89' lang='lat' dir='ltr'><strong>jure</strong></span> <span class='ocrx_word' id='word_1_197' title='bbox 162 2969 414 3051; x_wconf 89' lang='lat' dir='ltr'><strong>connubiorum,</strong></span> <span class='ocrx_word' id='word_1_198' title='bbox 434 2971 554 3053; x_wconf 89' lang='lat' dir='ltr'><strong>patri0,</strong></span> <span class='ocrx_word' id='word_1_199' title='bbox 574 2970 716 3054; x_wconf 84' lang='lat' dir='ltr'><strong>legitimi</strong></span> <span class='ocrx_word' id='word_1_200' title='bbox 744 2967 897 3048; x_wconf 89' lang='lat' dir='ltr'><strong>dominii,</strong></span> <span class='ocrx_word' id='word_1_201' title='bbox 916 2969 1122 3048; x_wconf 86' lang='lat' dir='ltr'><strong>testamenti,</strong></span> <span class='ocrx_word' id='word_1_202' title='bbox 1147 2966 1255 3028; x_wconf 85' lang='lat' dir='ltr'><strong>forsan</strong></span> <span class='ocrx_word' id='word_1_203' title='bbox 1281 2972 1315 3026; x_wconf 89' lang='lat' dir='ltr'><strong>et</strong></span> 
     </span>
     <span class='ocr_line' id='line_1_25' title="bbox 76 3071 1314 3163; baseline 0.002 -31"><span class='ocrx_word' id='word_1_204' title='bbox 76 3091 168 3136; x_wconf 83' lang='lat' dir='ltr'><strong>nexus</strong></span> <span class='ocrx_word' id='word_1_205' title='bbox 186 3085 283 3161; x_wconf 89' lang='lat' dir='ltr'><strong>atque</strong></span> <span class='ocrx_word' id='word_1_206' title='bbox 304 3078 520 3162; x_wconf 78' lang='lat' dir='ltr'><strong>usucapionis</strong></span> <span class='ocrx_word' id='word_1_207' title='bbox 542 3077 601 3140; x_wconf 88' lang='lat' dir='ltr'><strong>Jus</strong></span> <span class='ocrx_word' id='word_1_208' title='bbox 622 3100 755 3163; x_wconf 88' lang='lat' dir='ltr'><strong>quoque</strong></span> <span class='ocrx_word' id='word_1_209' title='bbox 774 3077 890 3140; x_wconf 89' lang='lat' dir='ltr'><strong>iisdem</strong></span> <span class='ocrx_word' id='word_1_210' title='bbox 915 3083 986 3137; x_wconf 88' lang='lat' dir='ltr'><strong>erat</strong></span> <span class='ocrx_word' id='word_1_211' title='bbox 1007 3075 1160 3157; x_wconf 86' lang='lat' dir='ltr'><strong>suffragia</strong></span> <span class='ocrx_word' id='word_1_212' title='bbox 1184 3071 1314 3137; x_wconf 85' lang='lat' dir='ltr'><strong>ferendi</strong></span> 
     </span>
     <span class='ocr_line' id='line_1_26' title="bbox 76 3179 1316 3270; baseline 0.001 -30"><span class='ocrx_word' id='word_1_213' title='bbox 76 3180 102 3242; x_wconf 92' lang='lat' dir='ltr'><strong>in</strong></span> <span class='ocrx_word' id='word_1_214' title='bbox 127 3184 264 3262; x_wconf 85' lang='lat' dir='ltr'><strong>creandis</strong></span> <span class='ocrx_word' id='word_1_215' title='bbox 283 3185 538 3270; x_wconf 86' lang='lat' dir='ltr'><strong>magistratibus,</strong></span> <span class='ocrx_word' id='word_1_216' title='bbox 555 3187 700 3250; x_wconf 85' lang='lat' dir='ltr'><strong>ferendis</strong></span> <span class='ocrx_word' id='word_1_217' title='bbox 713 3185 855 3270; x_wconf 86' lang='lat' dir='ltr'><strong>legibus,</strong></span> <span class='ocrx_word' id='word_1_218' title='bbox 872 3181 970 3245; x_wconf 91' lang='lat' dir='ltr'><strong>bellis</strong></span> <span class='ocrx_word' id='word_1_219' title='bbox 989 3181 1217 3244; x_wconf 85' lang='lat' dir='ltr'><strong>decernendis.</strong></span> <span class='ocrx_word' id='word_1_220' title='bbox 1232 3179 1316 3241; x_wconf 93' lang='lat' dir='ltr'><strong>Pul-</strong></span> 
     </span>
    </p>
   </div>
   <div class='ocr_carea' id='block_1_5' title="bbox 77 3287 1314 3488">
    <p class='ocr_par' dir='ltr' id='par_1_6' title="bbox 77 3287 1314 3488">
     <span class='ocr_line' id='line_1_27' title="bbox 77 3287 1314 3380; baseline -0.004 -28"><span class='ocrx_word' id='word_1_221' title='bbox 77 3287 110 3351; x_wconf 89' lang='lat' dir='ltr'><strong>sis</strong></span> <span class='ocrx_word' id='word_1_222' title='bbox 132 3299 239 3372; x_wconf 88' lang='lat' dir='ltr'><strong>postea</strong></span> <span class='ocrx_word' id='word_1_223' title='bbox 254 3293 399 3377; x_wconf 86' lang='lat' dir='ltr'><strong>regibus,</strong></span> <span class='ocrx_word' id='word_1_224' title='bbox 416 3296 579 3380; x_wconf 88' lang='lat' dir='ltr'><strong>motisque</strong></span> <span class='ocrx_word' id='word_1_225' title='bbox 600 3295 640 3357; x_wconf 93' lang='lat' dir='ltr'><strong>iis</strong></span> <span class='ocrx_word' id='word_1_226' title='bbox 662 3293 813 3377; x_wconf 89' lang='lat' dir='ltr'><strong>imperio,</strong></span> <span class='ocrx_word' id='word_1_227' title='bbox 832 3291 1004 3376; x_wconf 89' lang='lat' dir='ltr'><strong>paullatim</strong></span> <span class='ocrx_word' id='word_1_228' title='bbox 1021 3287 1223 3374; x_wconf 87' lang='lat' dir='ltr'><strong>provocatio.</strong></span> <span class='ocrx_word' id='word_1_229' title='bbox 1236 3308 1314 3348; x_wconf 92' lang='lat' dir='ltr'><strong>con-</strong></span> 
     </span>
     <span class='ocr_line' id='line_1_28' title="bbox 78 3393 1313 3488; baseline -0.001 -32"><span class='ocrx_word' id='word_1_230' title='bbox 78 3417 156 3460; x_wconf 86' lang='lat' dir='ltr'><strong>cessa</strong></span> <span class='ocrx_word' id='word_1_231' title='bbox 179 3399 219 3462; x_wconf 87' lang='lat' dir='ltr'><strong>ud</strong></span> <span class='ocrx_word' id='word_1_232' title='bbox 244 3399 419 3484; x_wconf 91' lang='lat' dir='ltr'><strong>populum:</strong></span> <span class='ocrx_word' id='word_1_233' title='bbox 445 3403 667 3488; x_wconf 82' lang='lat' dir='ltr'><strong>magistratus,</strong></span> <span class='ocrx_word' id='word_1_234' title='bbox 696 3401 874 3484; x_wconf 90' lang='lat' dir='ltr'><strong>connubia,</strong></span> <span class='ocrx_word' id='word_1_235' title='bbox 904 3399 1091 3464; x_wconf 89' lang='lat' dir='ltr'><strong>sacerdotia</strong></span> <span class='ocrx_word' id='word_1_236' title='bbox 1118 3419 1189 3459; x_wconf 91' lang='lat' dir='ltr'><strong>cum</strong></span> <span class='ocrx_word' id='word_1_237' title='bbox 1214 3393 1313 3480; x_wconf 89' lang='lat' dir='ltr'><strong>plebe</strong></span> 
     </span>
    </p>
   </div>
   <div class='ocr_carea' id='block_1_6' title="bbox 78 3501 1314 3700">
    <p class='ocr_par' dir='ltr' id='par_1_7' title="bbox 78 3501 1314 3700">
     <span class='ocr_line' id='line_1_29' title="bbox 79 3501 1314 3595; baseline 0.001 -32"><span class='ocrx_word' id='word_1_238' title='bbox 79 3508 319 3589; x_wconf 88' lang='lat' dir='ltr'><strong>communicata,</strong></span> <span class='ocrx_word' id='word_1_239' title='bbox 337 3509 488 3593; x_wconf 85' lang='lat' dir='ltr'><strong>adeoque</strong></span> <span class='ocrx_word' id='word_1_240' title='bbox 507 3511 633 3595; x_wconf 89' lang='lat' dir='ltr'><strong>optimo</strong></span> <span class='ocrx_word' id='word_1_241' title='bbox 652 3512 728 3595; x_wconf 83' lang='lat' dir='ltr'><strong>jure</strong></span> <span class='ocrx_word' id='word_1_242' title='bbox 751 3509 839 3572; x_wconf 93' lang='lat' dir='ltr'><strong>cives</strong></span> <span class='ocrx_word' id='word_1_243' title='bbox 859 3530 930 3572; x_wconf 90' lang='lat' dir='ltr'><strong>esse</strong></span> <span class='ocrx_word' id='word_1_244' title='bbox 955 3515 1137 3592; x_wconf 88' lang='lat' dir='ltr'><strong>coeperunt</strong></span> <span class='ocrx_word' id='word_1_245' title='bbox 1153 3501 1314 3569; x_wconf 85' lang='lat' dir='ltr'><strong>Romani:</strong></span> 
     </span>
     <span class='ocr_line' id='line_1_30' title="bbox 78 3609 864 3700; baseline 0.01 -30"><span class='ocrx_word' id='word_1_246' title='bbox 78 3609 128 3675; x_wconf 70' lang='grc' dir='ltr'><strong>ΕΖ.</strong></span> <span class='ocrx_word' id='word_1_247' title='bbox 142 3613 259 3698; x_wconf 84' lang='lat' dir='ltr'><strong>Spanh.</strong></span> <span class='ocrx_word' id='word_1_248' title='bbox 280 3616 353 3678; x_wconf 85' lang='lat' dir='ltr'><strong>Orb.</strong></span> <span class='ocrx_word' id='word_1_249' title='bbox 368 3619 456 3691; x_wconf 81' lang='lat' dir='ltr'><strong>Rom.</strong></span> <span class='ocrx_word' id='word_1_250' title='bbox 472 3620 586 3680; x_wconf 73' lang='lat' dir='ltr'><strong>merc.</strong></span> <span class='ocrx_word' id='word_1_251' title='bbox 603 3620 626 3680; x_wconf 91' lang='grc' dir='ltr'><strong>Ι.</strong></span> <span class='ocrx_word' id='word_1_252' title='bbox 642 3640 666 3680; x_wconf 88' lang='lat' dir='ltr'><strong>o.</strong></span> <span class='ocrx_word' id='word_1_253' title='bbox 683 3619 712 3681; x_wconf 94' lang='grc'><strong>1.</strong></span> <span class='ocrx_word' id='word_1_254' title='bbox 729 3641 760 3700; x_wconf 85' lang='lat' dir='ltr'><strong>p.</strong></span> <span class='ocrx_word' id='word_1_255' title='bbox 775 3618 804 3678; x_wconf 87' lang='grc'><strong>4.</strong></span> <span class='ocrx_word' id='word_1_256' title='bbox 820 3639 864 3699; x_wconf 85' lang='lat' dir='ltr'><strong>sq.</strong></span> 
     </span>
    </p>
   </div>
   <div class='ocr_carea' id='block_1_7' title="bbox 28 3771 1316 4176">
    <p class='ocr_par' dir='ltr' id='par_1_8' title="bbox 28 3771 1316 4176">
     <span class='ocr_line' id='line_1_31' title="bbox 639 3771 741 3850; baseline 0 -18"><span class='ocrx_word' id='word_1_257' title='bbox 639 3771 667 3850; x_wconf 82' lang='lat'><strong>§.</strong></span> <span class='ocrx_word' id='word_1_258' title='bbox 690 3771 741 3832; x_wconf 79' lang='lat'><strong>23.</strong></span> 
     </span>
     <span class='ocr_line' id='line_1_32' title="bbox 352 3883 1022 3974; baseline 0 -39"><span class='ocrx_word' id='word_1_259' title='bbox 352 3883 437 3937; x_wconf 76' lang='lat' dir='ltr'><strong>Aliud</strong></span> <span class='ocrx_word' id='word_1_260' title='bbox 444 3883 505 3951; x_wconf 80' lang='lat' dir='ltr'><strong>fuit</strong></span> <span class='ocrx_word' id='word_1_261' title='bbox 512 3886 562 3955; x_wconf 83' lang='lat' dir='ltr'><strong>jus</strong></span> <span class='ocrx_word' id='word_1_262' title='bbox 584 3887 736 3974; x_wconf 60' lang='lat' dir='ltr'><strong>quitiam,</strong></span> <span class='ocrx_word' id='word_1_263' title='bbox 754 3887 828 3938; x_wconf 79' lang='lat' dir='ltr'><strong>allud</strong></span> <span class='ocrx_word' id='word_1_264' title='bbox 836 3885 886 3956; x_wconf 81' lang='lat' dir='ltr'><strong>jas</strong></span> <span class='ocrx_word' id='word_1_265' title='bbox 903 3885 1022 3936; x_wconf 77' lang='lat' dir='ltr'><strong>ciuitatis.</strong></span> 
     </span>
     <span class='ocr_line' id='line_1_33' title="bbox 28 3981 1316 4070; baseline -0.007 -20"><span class='ocrx_word' id='word_1_266' title='bbox 28 4041 30 4050; x_wconf 77' lang='grc'>,</span> <span class='ocrx_word' id='word_1_267' title='bbox 147 3981 285 4045; x_wconf 92' lang='lat' dir='ltr'><strong>Duobus</strong></span> <span class='ocrx_word' id='word_1_268' title='bbox 308 4005 389 4046; x_wconf 92' lang='lat' dir='ltr'><strong>vero</strong></span> <span class='ocrx_word' id='word_1_269' title='bbox 412 3986 553 4048; x_wconf 86' lang='lat' dir='ltr'><strong>maxime</strong></span> <span class='ocrx_word' id='word_1_270' title='bbox 585 3987 714 4049; x_wconf 89' lang='lat' dir='ltr'><strong>summis</strong></span> <span class='ocrx_word' id='word_1_271' title='bbox 740 3985 902 4070; x_wconf 86' lang='lat' dir='ltr'><strong>capitibus</strong></span> <span class='ocrx_word' id='word_1_272' title='bbox 933 3983 1082 4068; x_wconf 88' lang='lat' dir='ltr'><strong>constitit</strong></span> <span class='ocrx_word' id='word_1_273' title='bbox 1109 3982 1223 4046; x_wconf 84' lang='lat' dir='ltr'><strong>civitas</strong></span> <span class='ocrx_word' id='word_1_274' title='bbox 1244 3981 1316 4042; x_wconf 93' lang='lat' dir='ltr'><strong>Ro-</strong></span> 
     </span>
     <span class='ocr_line' id='line_1_34' title="bbox 80 4067 1315 4176; baseline 0 -29"><span class='ocrx_word' id='word_1_275' title='bbox 80 4105 174 4171; x_wconf 88' lang='lat' dir='ltr'><strong>mana,</strong></span> <span class='ocrx_word' id='word_1_276' title='bbox 201 4112 340 4175; x_wconf 88' lang='lat' dir='ltr'><strong>quorum</strong></span> <span class='ocrx_word' id='word_1_277' title='bbox 357 4067 496 4156; x_wconf 81' lang='lat' dir='ltr'><strong>alterum</strong></span> <span class='ocrx_word' id='word_1_278' title='bbox 520 4111 578 4158; x_wconf 83' lang='lat' dir='ltr'><strong>JUS</strong></span> <span class='ocrx_word' id='word_1_279' title='bbox 605 4113 804 4176; x_wconf 75' lang='lat' dir='ltr'><strong>QUJRJTIUM,</strong></span> <span class='ocrx_word' id='word_1_280' title='bbox 830 4093 968 4158; x_wconf 84' lang='lat' dir='ltr'><strong>alterurn</strong></span> <span class='ocrx_word' id='word_1_281' title='bbox 989 4107 1047 4156; x_wconf 83' lang='lat' dir='ltr'><strong>JUS</strong></span> <span class='ocrx_word' id='word_1_282' title='bbox 1071 4103 1239 4154; x_wconf 70' lang='lat' dir='ltr'><strong>lelTnt‘ls</strong></span> <span class='ocrx_word' id='word_1_283' title='bbox 1258 4084 1315 4148; x_wconf 90' lang='lat' dir='ltr'><strong>ad-</strong></span> 
     </span>
    </p>
   </div>
   <div class='ocr_carea' id='block_1_8' title="bbox 83 4221 356 4242">
    <p class='ocr_par' dir='ltr' id='par_1_9' title="bbox 83 4221 356 4242">
     <span class='ocr_line' id='line_1_35' title="bbox 83 4221 356 4242; baseline 0 0"><span class='ocrx_word' id='word_1_284' title='bbox 83 4221 356 4242; x_wconf 49' lang='grc' dir='ltr'>Ἢ</span> 
     </span>
    </p>
   </div>
   <div class='ocr_carea' id='block_1_9' title="bbox 79 4293 1317 4620">
    <p class='ocr_par' dir='ltr' id='par_1_10' title="bbox 79 4293 1317 4620">
     <span class='ocr_line' id='line_1_36' title="bbox 137 4293 1317 4366; baseline -0.002 -20"><span class='ocrx_word' id='word_1_285' title='bbox 137 4296 169 4361; x_wconf 88' lang='lat' dir='ltr'><strong>p)</strong></span> <span class='ocrx_word' id='word_1_286' title='bbox 190 4296 256 4348; x_wconf 83' lang='lat' dir='ltr'><strong>Vid.</strong></span> <span class='ocrx_word' id='word_1_287' title='bbox 273 4303 365 4349; x_wconf 85' lang='lat' dir='ltr'><strong>tamon</strong></span> <span class='ocrx_word' id='word_1_288' title='bbox 384 4315 455 4365; x_wconf 87' lang='lat' dir='ltr'><strong>quac</strong></span> <span class='ocrx_word' id='word_1_289' title='bbox 475 4315 510 4352; x_wconf 77' lang='lat' dir='ltr'><strong>ca</strong></span> <span class='ocrx_word' id='word_1_290' title='bbox 529 4299 672 4352; x_wconf 86' lang='lat' dir='ltr'><strong>Hauboldi</strong></span> <span class='ocrx_word' id='word_1_291' title='bbox 697 4299 807 4366; x_wconf 86' lang='lat' dir='ltr'><strong>epicrisi</strong></span> <span class='ocrx_word' id='word_1_292' title='bbox 834 4303 928 4350; x_wconf 88' lang='lat' dir='ltr'><strong>notata</strong></span> <span class='ocrx_word' id='word_1_293' title='bbox 946 4297 1063 4359; x_wconf 82' lang='lat' dir='ltr'><strong>suntad</strong></span> <span class='ocrx_word' id='word_1_294' title='bbox 1081 4295 1139 4348; x_wconf 90' lang='lat' dir='ltr'><strong>Lib.</strong></span> <span class='ocrx_word' id='word_1_295' title='bbox 1166 4296 1187 4346; x_wconf 92' lang='grc' dir='ltr'><strong>Ι.</strong></span> <span class='ocrx_word' id='word_1_296' title='bbox 1206 4294 1251 4346; x_wconf 87' lang='lat' dir='ltr'><strong>Tit</strong></span> <span class='ocrx_word' id='word_1_297' title='bbox 1268 4293 1317 4345; x_wconf 83' lang='lat' dir='ltr'><strong>lv.</strong></span> 
     </span>
     <span class='ocr_line' id='line_1_37' title="bbox 80 4373 1316 4451; baseline -0.002 -20"><span class='ocrx_word' id='word_1_298' title='bbox 80 4373 107 4426; x_wconf 82' lang='lat' dir='ltr'><strong>V·</strong></span> <span class='ocrx_word' id='word_1_299' title='bbox 115 4377 135 4443; x_wconf 74' lang='lat'><strong>§-</strong></span> <span class='ocrx_word' id='word_1_300' title='bbox 154 4383 184 4432; x_wconf 88' lang='grc'><strong>16</strong></span> <span class='ocrx_word' id='word_1_301' title='bbox 194 4387 251 4434; x_wconf 88' lang='lat' dir='ltr'><strong>not.</strong></span> <span class='ocrx_word' id='word_1_302' title='bbox 270 4381 307 4445; x_wconf 87' lang='lat' dir='ltr'><strong>b.,</strong></span> <span class='ocrx_word' id='word_1_303' title='bbox 326 4387 384 4436; x_wconf 90' lang='lat' dir='ltr'><strong>tum</strong></span> <span class='ocrx_word' id='word_1_304' title='bbox 404 4397 469 4438; x_wconf 82' lang='lat' dir='ltr'><strong>vcro</strong></span> <span class='ocrx_word' id='word_1_305' title='bbox 488 4385 652 4438; x_wconf 87' lang='lat' dir='ltr'><strong>aWenckio</strong></span> <span class='ocrx_word' id='word_1_306' title='bbox 670 4385 706 4436; x_wconf 89' lang='lat' dir='ltr'><strong>ad</strong></span> <span class='ocrx_word' id='word_1_307' title='bbox 718 4385 806 4451; x_wconf 82' lang='lat' dir='ltr'><strong>ejusd.</strong></span> <span class='ocrx_word' id='word_1_308' title='bbox 819 4383 959 4438; x_wconf 86' lang='lat' dir='ltr'><strong>Hauboldi</strong></span> <span class='ocrx_word' id='word_1_309' title='bbox 975 4384 1022 4434; x_wconf 89' lang='lat' dir='ltr'><strong>Pr.</strong></span> <span class='ocrx_word' id='word_1_310' title='bbox 1038 4383 1069 4436; x_wconf 83' lang='lat' dir='ltr'><strong>do</strong></span> <span class='ocrx_word' id='word_1_311' title='bbox 1082 4381 1184 4433; x_wconf 76' lang='lat' dir='ltr'><strong>constit.</strong></span> <span class='ocrx_word' id='word_1_312' title='bbox 1204 4378 1316 4430; x_wconf 76' lang='lat' dir='ltr'><strong>Antoni-</strong></span> 
     </span>
     <span class='ocr_line' id='line_1_38' title="bbox 79 4461 1315 4538; baseline -0.013 -8"><span class='ocrx_word' id='word_1_313' title='bbox 79 4461 153 4529; x_wconf 64' lang='lat' dir='ltr'><strong>&#39;&#39;lffltr</strong></span> <span class='ocrx_word' id='word_1_314' title='bbox 169 4464 198 4518; x_wconf 74' lang='lat' dir='ltr'><strong>ln</strong></span> <span class='ocrx_word' id='word_1_315' title='bbox 216 4481 311 4532; x_wconf 84' lang='lat' dir='ltr'><strong>opusc.</strong></span> <span class='ocrx_word' id='word_1_316' title='bbox 321 4469 352 4519; x_wconf 88' lang='lat' dir='ltr'><strong>T.</strong></span> <span class='ocrx_word' id='word_1_317' title='bbox 371 4469 406 4520; x_wconf 90' lang='lat' dir='ltr'><strong>Il.</strong></span> <span class='ocrx_word' id='word_1_318' title='bbox 425 4484 451 4533; x_wconf 89' lang='lat' dir='ltr'><strong>p.</strong></span> <span class='ocrx_word' id='word_1_319' title='bbox 469 4473 529 4524; x_wconf 86' lang='grc'><strong>369.</strong></span> <span class='ocrx_word' id='word_1_320' title='bbox 547 4486 606 4538; x_wconf 85' lang='lat' dir='ltr'><strong>sqq.</strong></span> <span class='ocrx_word' id='word_1_321' title='bbox 624 4487 674 4522; x_wconf 88' lang='lat' dir='ltr'><strong>neo</strong></span> <span class='ocrx_word' id='word_1_322' title='bbox 691 4486 747 4523; x_wconf 86' lang='lat' dir='ltr'><strong>noo</strong></span> <span class='ocrx_word' id='word_1_323' title='bbox 765 4485 782 4522; x_wconf 90' lang='lat' dir='ltr'><strong>a</strong></span> <span class='ocrx_word' id='word_1_324' title='bbox 797 4469 920 4522; x_wconf 86' lang='lat' dir='ltr'><strong>Stiebcro</strong></span> <span class='ocrx_word' id='word_1_325' title='bbox 932 4467 960 4522; x_wconf 91' lang='lat' dir='ltr'><strong>in</strong></span> <span class='ocrx_word' id='word_1_326' title='bbox 979 4465 1154 4533; x_wconf 86' lang='lat' dir='ltr'><strong>praelatione,</strong></span> <span class='ocrx_word' id='word_1_327' title='bbox 1173 4479 1256 4534; x_wconf 85' lang='lat' dir='ltr'><strong>quarn</strong></span> <span class='ocrx_word' id='word_1_328' title='bbox 1267 4476 1315 4514; x_wconf 83' lang='lat' dir='ltr'><strong>vo-</strong></span> 
     </span>
     <span class='ocr_line' id='line_1_39' title="bbox 80 4545 1317 4620; baseline -0.001 -21"><span class='ocrx_word' id='word_1_329' title='bbox 80 4545 161 4602; x_wconf 85' lang='lat' dir='ltr'><strong>lumini</strong></span> <span class='ocrx_word' id='word_1_330' title='bbox 178 4552 299 4604; x_wconf 86' lang='lat' dir='ltr'><strong>secuudo</strong></span> <span class='ocrx_word' id='word_1_331' title='bbox 316 4553 512 4617; x_wconf 84' lang='lat' dir='ltr'><strong>opusculorum</strong></span> <span class='ocrx_word' id='word_1_332' title='bbox 524 4555 780 4608; x_wconf 77' lang='lat' dir='ltr'><strong>Bauboldianorum</strong></span> <span class='ocrx_word' id='word_1_333' title='bbox 797 4552 937 4620; x_wconf 75' lang='lat' dir='ltr'><strong>praenituit</strong></span> <span class='ocrx_word' id='word_1_334' title='bbox 948 4567 976 4616; x_wconf 83' lang='lat' dir='ltr'><strong>p.</strong></span> <span class='ocrx_word' id='word_1_335' title='bbox 988 4549 1210 4604; x_wconf 84' lang='lat' dir='ltr'><strong>XLII-XLV.</strong></span> <span class='ocrx_word' id='word_1_336' title='bbox 1229 4547 1317 4602; x_wconf 80' lang='lat' dir='ltr'><strong>Mau</strong></span> 
     </span>
    </p>
   </div>
   <div class='ocr_carea' id='block_1_10' title="bbox 0 0 1543 5156">
    <p class='ocr_par' dir='ltr' id='par_1_11' title="bbox 0 0 1543 5156">
     <span class='ocr_line' id='line_1_40' title="bbox 0 0 1543 5156; baseline 0 0"><span class='ocrx_word' id='word_1_337' title='bbox 0 0 1543 5156; x_wconf 95' lang='lat' dir='ltr'><strong> </strong></span> 
     </span>
    </p>
   </div>
  </div>
 </body>
</html>
