<?xml version="1.0" encoding="UTF-8"?>
<!DOCTYPE html PUBLIC "-//W3C//DTD XHTML 1.0 Transitional//EN"
    "http://www.w3.org/TR/xhtml1/DTD/xhtml1-transitional.dtd">
<html xmlns="http://www.w3.org/1999/xhtml" xml:lang="en" lang="en">
 <head>
  <title>
</title>
<meta http-equiv="Content-Type" content="text/html;charset=utf-8" />
  <meta name='ocr-system' content='tesseract 3.04.00' />
  <meta name='ocr-capabilities' content='ocr_page ocr_carea ocr_par ocr_line ocrx_word'/>
</head>
<body>
  <div class='ocr_page' id='page_1' title='image "./jogottliebheine00haubgoog_0574.png"; bbox 0 0 3030 5160; ppageno 0'>
   <div class='ocr_carea' id='block_1_1' title="bbox 286 405 1384 501">
    <p class='ocr_par' dir='ltr' id='par_1_1' title="bbox 286 405 1384 501">
     <span class='ocr_line' id='line_1_1' title="bbox 286 405 1384 501; baseline 0.023 -22"><span class='ocrx_word' id='word_1_1' title='bbox 286 414 389 497; x_wconf 78' lang='lat' dir='ltr'>Quin.</span> <span class='ocrx_word' id='word_1_2' title='bbox 416 413 511 483; x_wconf 87' lang='lat' dir='ltr'>Mon.</span> <span class='ocrx_word' id='word_1_3' title='bbox 537 417 593 484; x_wconf 83' lang='lat' dir='ltr'>Rs</span> <span class='ocrx_word' id='word_1_4' title='bbox 620 415 803 488; x_wconf 80' lang='lat' dir='ltr'>Counusn.</span> <span class='ocrx_word' id='word_1_5' title='bbox 830 419 1000 490; x_wconf 83' lang='grc'><strong>0111111.</strong></span> <span class='ocrx_word' id='word_1_6' title='bbox 1200 435 1270 501; x_wconf 84' lang='grc'>633</span> <span class='ocrx_word' id='word_1_7' title='bbox 1373 405 1384 421; x_wconf 45' lang='lat'>⁸</span> 
     </span>
    </p>
   </div>
   <div class='ocr_carea' id='block_1_2' title="bbox 17 586 1362 1112">
    <p class='ocr_par' dir='ltr' id='par_1_2' title="bbox 17 586 1362 1112">
     <span class='ocr_line' id='line_1_2' title="bbox 17 586 1270 686; baseline 0.016 -39"><span class='ocrx_word' id='word_1_8' title='bbox 17 586 279 670; x_wconf 68' lang='grc'><strong>1010011111),</strong></span> <span class='ocrx_word' id='word_1_9' title='bbox 298 589 395 653; x_wconf 91' lang='lat' dir='ltr'>Vinc.</span> <span class='ocrx_word' id='word_1_10' title='bbox 410 590 589 655; x_wconf 78' lang='lat' dir='ltr'>Gravinum</span> <span class='ocrx_word' id='word_1_11' title='bbox 609 600 643 656; x_wconf 92' lang='lat' dir='ltr'>et</span> <span class='ocrx_word' id='word_1_12' title='bbox 664 593 741 658; x_wconf 89' lang='lat' dir='ltr'>Ger.</span> <span class='ocrx_word' id='word_1_13' title='bbox 757 595 873 660; x_wconf 90' lang='lat' dir='ltr'>Noodt</span> <span class='ocrx_word' id='word_1_14' title='bbox 894 617 961 660; x_wconf 91' lang='lat' dir='ltr'>rem</span> <span class='ocrx_word' id='word_1_15' title='bbox 980 619 1128 681; x_wconf 89' lang='lat' dir='ltr'>omnem,</span> <span class='ocrx_word' id='word_1_16' title='bbox 1147 611 1270 686; x_wconf 88' lang='lat' dir='ltr'>quanta</span> 
     </span>
     <span class='ocr_line' id='line_1_3' title="bbox 17 695 1362 782; baseline 0.014 -26"><span class='ocrx_word' id='word_1_17' title='bbox 17 695 74 756; x_wconf 85' lang='lat' dir='ltr'>ieri</span> <span class='ocrx_word' id='word_1_18' title='bbox 103 701 239 778; x_wconf 89' lang='lat' dir='ltr'>potest,</span> <span class='ocrx_word' id='word_1_19' title='bbox 264 698 499 780; x_wconf 75' lang='lat' dir='ltr'><strong>perspicuitate</strong></span> <span class='ocrx_word' id='word_1_20' title='bbox 529 699 742 782; x_wconf 84' lang='lat' dir='ltr'>explicemus.</span> <span class='ocrx_word' id='word_1_21' title='bbox 772 701 915 766; x_wconf 89' lang='lat' dir='ltr'>Romani</span> <span class='ocrx_word' id='word_1_22' title='bbox 937 715 1057 769; x_wconf 80' lang='lat' dir='ltr'><strong>sortem</strong></span> <span class='ocrx_word' id='word_1_23' title='bbox 1085 709 1267 774; x_wconf 85' lang='lat' dir='ltr'>universam</span> <span class='ocrx_word' id='word_1_24' title='bbox 1353 709 1362 728; x_wconf 88' lang='lat'><strong><em>‘</em></strong></span> 
     </span>
     <span class='ocr_line' id='line_1_4' title="bbox 17 801 1268 900; baseline 0.014 -37"><span class='ocrx_word' id='word_1_25' title='bbox 17 803 152 864; x_wconf 83' lang='lat' dir='ltr'>benore</span> <span class='ocrx_word' id='word_1_26' title='bbox 172 801 396 885; x_wconf 80' lang='lat' dir='ltr'>occupandam</span> <span class='ocrx_word' id='word_1_27' title='bbox 409 803 604 869; x_wconf 84' lang='lat' dir='ltr'>dividebant</span> <span class='ocrx_word' id='word_1_28' title='bbox 620 807 653 868; x_wconf 95' lang='lat' dir='ltr'>in</span> <span class='ocrx_word' id='word_1_29' title='bbox 669 816 825 881; x_wconf 82' lang='lat' dir='ltr'>centena:</span> <span class='ocrx_word' id='word_1_30' title='bbox 843 810 962 895; x_wconf 83' lang='lat' dir='ltr'>deque</span> <span class='ocrx_word' id='word_1_31' title='bbox 978 834 1101 876; x_wconf 88' lang='lat' dir='ltr'>summa</span> <span class='ocrx_word' id='word_1_32' title='bbox 1116 816 1268 900; x_wconf 87' lang='lat' dir='ltr'>maxima,</span> 
     </span>
     <span class='ocr_line' id='line_1_5' title="bbox 17 909 1269 993; baseline 0.011 -21"><span class='ocrx_word' id='word_1_33' title='bbox 17 929 100 992; x_wconf 71' lang='lat' dir='ltr'>[narn</span> <span class='ocrx_word' id='word_1_34' title='bbox 125 909 282 993; x_wconf 87' lang='lat' dir='ltr'>stipulari</span> <span class='ocrx_word' id='word_1_35' title='bbox 298 910 433 992; x_wconf 81' lang='lat' dir='ltr'>licebat,</span> <span class='ocrx_word' id='word_1_36' title='bbox 451 933 546 974; x_wconf 90' lang='lat' dir='ltr'>usura</span> <span class='ocrx_word' id='word_1_37' title='bbox 563 921 633 976; x_wconf 90' lang='lat' dir='ltr'>erat</span> <span class='ocrx_word' id='word_1_38' title='bbox 652 915 830 977; x_wconf 87' lang='lat' dir='ltr'>centesima</span> <span class='ocrx_word' id='word_1_39' title='bbox 848 915 881 978; x_wconf 91' lang='lat' dir='ltr'>in</span> <span class='ocrx_word' id='word_1_40' title='bbox 899 937 1061 982; x_wconf 86' lang='lat' dir='ltr'>mensem:</span> <span class='ocrx_word' id='word_1_41' title='bbox 1081 920 1269 987; x_wconf 85' lang='lat' dir='ltr'>Columella</span> 
     </span>
     <span class='ocr_line' id='line_1_6' title="bbox 17 1015 1345 1112; baseline 0.016 -39"><span class='ocrx_word' id='word_1_42' title='bbox 17 1018 96 1077; x_wconf 87' lang='lat' dir='ltr'>lere</span> <span class='ocrx_word' id='word_1_43' title='bbox 118 1020 246 1078; x_wconf 84' lang='lat' dir='ltr'>rustico</span> <span class='ocrx_word' id='word_1_44' title='bbox 270 1016 329 1077; x_wconf 86' lang='lat' dir='ltr'>III.</span> <span class='ocrx_word' id='word_1_45' title='bbox 352 1017 382 1080; x_wconf 81' lang='lat'>3.</span> <span class='ocrx_word' id='word_1_46' title='bbox 406 1015 441 1079; x_wconf 92' lang='lat' dir='ltr'>id</span> <span class='ocrx_word' id='word_1_47' title='bbox 462 1027 530 1098; x_wconf 86' lang='lat' dir='ltr'>est,</span> <span class='ocrx_word' id='word_1_48' title='bbox 554 1019 580 1080; x_wconf 89' lang='lat' dir='ltr'>si</span> <span class='ocrx_word' id='word_1_49' title='bbox 603 1020 675 1104; x_wconf 91' lang='lat' dir='ltr'>quis</span> <span class='ocrx_word' id='word_1_50' title='bbox 702 1030 859 1085; x_wconf 89' lang='lat' dir='ltr'>centenos</span> <span class='ocrx_word' id='word_1_51' title='bbox 882 1024 1036 1088; x_wconf 86' lang='lat' dir='ltr'>denarios</span> <span class='ocrx_word' id='word_1_52' title='bbox 1062 1027 1268 1112; x_wconf 81' lang='lat' dir='ltr'>credidisset,</span> <span class='ocrx_word' id='word_1_53' title='bbox 1337 1055 1345 1062; x_wconf 87' lang='lat'>·</span> 
     </span>
    </p>
   </div>
   <div class='ocr_carea' id='block_1_3' title="bbox 17 1270 1267 1430">
    <p class='ocr_par' dir='ltr' id='par_1_3' title="bbox 17 1270 1267 1430">
     <span class='ocr_line' id='line_1_7' title="bbox 17 1270 1267 1344; baseline 0.01 -23"><span class='ocrx_word' id='word_1_54' title='bbox 17 1276 32 1322; x_wconf 85' lang='lat' dir='ltr'>t</span> <span class='ocrx_word' id='word_1_55' title='bbox 47 1285 159 1334; x_wconf 88' lang='lat' dir='ltr'>pucros</span> <span class='ocrx_word' id='word_1_56' title='bbox 179 1285 245 1322; x_wconf 85' lang='lat' dir='ltr'>suos</span> <span class='ocrx_word' id='word_1_57' title='bbox 259 1271 298 1321; x_wconf 89' lang='lat' dir='ltr'>ab</span> <span class='ocrx_word' id='word_1_58' title='bbox 323 1270 391 1336; x_wconf 91' lang='lat' dir='ltr'>ipsis</span> <span class='ocrx_word' id='word_1_59' title='bbox 410 1271 581 1325; x_wconf 88' lang='lat' dir='ltr'>incunabulis</span> <span class='ocrx_word' id='word_1_60' title='bbox 599 1275 634 1327; x_wconf 90' lang='grc'>16</span> <span class='ocrx_word' id='word_1_61' title='bbox 652 1275 857 1342; x_wconf 75' lang='lat' dir='ltr'>intelligentiam</span> <span class='ocrx_word' id='word_1_62' title='bbox 875 1279 957 1344; x_wconf 90' lang='lat' dir='ltr'>hujus</span> <span class='ocrx_word' id='word_1_63' title='bbox 975 1280 1072 1331; x_wconf 90' lang='lat' dir='ltr'>calculi</span> <span class='ocrx_word' id='word_1_64' title='bbox 1088 1279 1267 1334; x_wconf 78' lang='lat' dir='ltr'>instituerent</span> 
     </span>
     <span class='ocr_line' id='line_1_8' title="bbox 17 1353 769 1430; baseline 0.012 -25"><span class='ocrx_word' id='word_1_65' title='bbox 17 1355 74 1406; x_wconf 88' lang='lat' dir='ltr'>lino&#39;</span> <span class='ocrx_word' id='word_1_66' title='bbox 91 1355 234 1408; x_wconf 81' lang='lat' dir='ltr'>Horatius</span> <span class='ocrx_word' id='word_1_67' title='bbox 256 1353 376 1408; x_wconf 82' lang='lat' dir='ltr'>Sermon.</span> <span class='ocrx_word' id='word_1_68' title='bbox 396 1354 453 1406; x_wconf 85' lang='lat' dir='ltr'>Lib.</span> <span class='ocrx_word' id='word_1_69' title='bbox 473 1355 496 1408; x_wconf 89' lang='lat' dir='ltr'>I.</span> <span class='ocrx_word' id='word_1_70' title='bbox 514 1361 602 1409; x_wconf 75' lang='grc'><strong>1116.</strong></span> <span class='ocrx_word' id='word_1_71' title='bbox 621 1362 769 1430; x_wconf 61' lang='grc'><strong>171101.</strong></span> 
     </span>
    </p>
   </div>
   <div class='ocr_carea' id='block_1_4' title="bbox 146 1461 1034 2272">
    <p class='ocr_par' dir='ltr' id='par_1_4' title="bbox 146 1461 1034 2272">
     <span class='ocr_line' id='line_1_9' title="bbox 210 1461 821 1513; baseline 0.008 -21"><span class='ocrx_word' id='word_1_72' title='bbox 210 1467 680 1482; x_wconf 58' lang='lat'>·······</span> <span class='ocrx_word' id='word_1_73' title='bbox 732 1461 821 1513; x_wconf 80' lang='lat' dir='ltr'>moyns</span> 
     </span>
     <span class='ocr_line' id='line_1_10' title="bbox 213 1524 812 1594; baseline 0.012 -20"><span class='ocrx_word' id='word_1_74' title='bbox 213 1525 273 1583; x_wconf 86' lang='lat' dir='ltr'>Quo</span> <span class='ocrx_word' id='word_1_75' title='bbox 287 1524 372 1592; x_wconf 84' lang='lat' dir='ltr'>pueri</span> <span class='ocrx_word' id='word_1_76' title='bbox 387 1527 489 1594; x_wconf 76' lang='lat' dir='ltr'>mopnis</span> <span class='ocrx_word' id='word_1_77' title='bbox 506 1545 521 1578; x_wconf 97' lang='lat' dir='ltr'>e</span> <span class='ocrx_word' id='word_1_78' title='bbox 539 1527 733 1580; x_wconf 76' lang='lat' dir='ltr'>centurionibus</span> <span class='ocrx_word' id='word_1_79' title='bbox 751 1532 812 1594; x_wconf 86' lang='lat' dir='ltr'>orti,</span> 
     </span>
     <span class='ocr_line' id='line_1_11' title="bbox 208 1610 958 1684; baseline 0.011 -25"><span class='ocrx_word' id='word_1_80' title='bbox 208 1610 296 1660; x_wconf 85' lang='lat' dir='ltr'>Loeoo</span> <span class='ocrx_word' id='word_1_81' title='bbox 310 1611 430 1677; x_wconf 83' lang='lat' dir='ltr'>suspensi</span> <span class='ocrx_word' id='word_1_82' title='bbox 447 1610 546 1662; x_wconf 89' lang='lat' dir='ltr'>loculos</span> <span class='ocrx_word' id='word_1_83' title='bbox 564 1611 733 1684; x_wconf 77' lang='lat' dir='ltr'>tabulamque</span> <span class='ocrx_word' id='word_1_84' title='bbox 753 1614 861 1682; x_wconf 79' lang='lat' dir='ltr'>lacerto,</span> <span class='ocrx_word' id='word_1_85' title='bbox 953 1666 958 1674; x_wconf 78' lang='grc'><strong>,</strong></span> 
     </span>
     <span class='ocr_line' id='line_1_12' title="bbox 207 1691 761 1762; baseline 0.014 -18"><span class='ocrx_word' id='word_1_86' title='bbox 207 1691 403 1747; x_wconf 79' lang='lat' dir='ltr'>Ibant&#39;octonis</span> <span class='ocrx_word' id='word_1_87' title='bbox 421 1694 569 1762; x_wconf 84' lang='lat' dir='ltr'>reserentes</span> <span class='ocrx_word' id='word_1_88' title='bbox 585 1695 670 1749; x_wconf 77' lang='lat' dir='ltr'>idibus</span> <span class='ocrx_word' id='word_1_89' title='bbox 689 1716 761 1752; x_wconf 84' lang='lat' dir='ltr'>cero.</span> 
     </span>
     <span class='ocr_line' id='line_1_13' title="bbox 146 1779 603 1849; baseline 0 -19"><span class='ocrx_word' id='word_1_90' title='bbox 146 1780 185 1831; x_wconf 82' lang='lat' dir='ltr'>Et</span> <span class='ocrx_word' id='word_1_91' title='bbox 204 1779 235 1830; x_wconf 92' lang='lat' dir='ltr'>de</span> <span class='ocrx_word' id='word_1_92' title='bbox 253 1781 322 1830; x_wconf 82' lang='lat' dir='ltr'>Arte</span> <span class='ocrx_word' id='word_1_93' title='bbox 337 1788 407 1847; x_wconf 84' lang='lat' dir='ltr'>poet.</span> <span class='ocrx_word' id='word_1_94' title='bbox 425 1797 449 1831; x_wconf 87' lang='lat' dir='ltr'>o.</span> <span class='ocrx_word' id='word_1_95' title='bbox 467 1783 603 1849; x_wconf 67' lang='grc'><strong>111111.</strong></span> 
     </span>
     <span class='ocr_line' id='line_1_14' title="bbox 210 1863 786 1931; baseline 0.01 -18"><span class='ocrx_word' id='word_1_96' title='bbox 210 1863 328 1914; x_wconf 80' lang='lat' dir='ltr'>Romani</span> <span class='ocrx_word' id='word_1_97' title='bbox 340 1863 423 1930; x_wconf 78' lang='lat' dir='ltr'>puers·</span> <span class='ocrx_word' id='word_1_98' title='bbox 439 1863 523 1931; x_wconf 78' lang='lat' dir='ltr'>lonpis</span> <span class='ocrx_word' id='word_1_99' title='bbox 539 1865 685 1919; x_wconf 80' lang='lat' dir='ltr'>rationibus</span> <span class='ocrx_word' id='word_1_100' title='bbox 702 1885 786 1919; x_wconf 81' lang='lat' dir='ltr'>assem</span> 
     </span>
     <span class='ocr_line' id='line_1_15' title="bbox 207 1949 872 2016; baseline 0.003 -16"><span class='ocrx_word' id='word_1_101' title='bbox 207 1949 322 2000; x_wconf 76' lang='lat' dir='ltr'>Discunt</span> <span class='ocrx_word' id='word_1_102' title='bbox 339 1950 474 2016; x_wconf 77' lang='lat' dir='ltr'>inportet</span> <span class='ocrx_word' id='word_1_103' title='bbox 492 1957 594 2000; x_wconf 88' lang='lat' dir='ltr'>centum</span> <span class='ocrx_word' id='word_1_104' title='bbox 614 1949 744 2004; x_wconf 75' lang='lat' dir='ltr'>diducere.</span> <span class='ocrx_word' id='word_1_105' title='bbox 771 1951 872 2011; x_wconf 82' lang='lat' dir='ltr'>„Dicat</span> 
     </span>
     <span class='ocr_line' id='line_1_16' title="bbox 207 2032 846 2101; baseline 0 -16"><span class='ocrx_word' id='word_1_106' title='bbox 207 2033 293 2086; x_wconf 70' lang='lat' dir='ltr'>Filius</span> <span class='ocrx_word' id='word_1_107' title='bbox 312 2032 418 2085; x_wconf 77' lang='lat' dir='ltr'>Albini:</span> <span class='ocrx_word' id='word_1_108' title='bbox 436 2033 460 2083; x_wconf 86' lang='lat' dir='ltr'>si</span> <span class='ocrx_word' id='word_1_109' title='bbox 476 2032 508 2082; x_wconf 90' lang='lat' dir='ltr'>de</span> <span class='ocrx_word' id='word_1_110' title='bbox 526 2035 670 2101; x_wconf 80' lang='lat' dir='ltr'>quincunce</span> <span class='ocrx_word' id='word_1_111' title='bbox 688 2045 790 2087; x_wconf 88' lang='lat' dir='ltr'>remoto</span> <span class='ocrx_word' id='word_1_112' title='bbox 809 2044 846 2087; x_wconf 89' lang='lat' dir='ltr'>est</span> 
     </span>
     <span class='ocr_line' id='line_1_17' title="bbox 213 2117 1034 2184; baseline 0.006 -17"><span class='ocrx_word' id='word_1_113' title='bbox 213 2117 304 2179; x_wconf 66' lang='lat' dir='ltr'>Uolcis,</span> <span class='ocrx_word' id='word_1_114' title='bbox 322 2117 385 2184; x_wconf 81' lang='lat' dir='ltr'>quid</span> <span class='ocrx_word' id='word_1_115' title='bbox 401 2121 528 2184; x_wconf 81' lang='lat' dir='ltr'>superat?</span> <span class='ocrx_word' id='word_1_116' title='bbox 551 2119 685 2180; x_wconf 79' lang='lat' dir='ltr'>„Poteras</span> <span class='ocrx_word' id='word_1_117' title='bbox 703 2119 805 2179; x_wconf 73' lang='lat' dir='ltr'>dixisse,</span> <span class='ocrx_word' id='word_1_118' title='bbox 829 2119 951 2171; x_wconf 77' lang='lat' dir='ltr'>Triens.”</span> <span class='ocrx_word' id='word_1_119' title='bbox 974 2120 1034 2172; x_wconf 81' lang='lat' dir='ltr'>Eu!</span> 
     </span>
     <span class='ocr_line' id='line_1_18' title="bbox 210 2201 969 2272; baseline 0 -18"><span class='ocrx_word' id='word_1_120' title='bbox 210 2201 281 2254; x_wconf 85' lang='lat' dir='ltr'>Rem</span> <span class='ocrx_word' id='word_1_121' title='bbox 294 2202 397 2270; x_wconf 79' lang='lat' dir='ltr'>potesis</span> <span class='ocrx_word' id='word_1_122' title='bbox 414 2219 522 2253; x_wconf 84' lang='lat' dir='ltr'>seruare</span> <span class='ocrx_word' id='word_1_123' title='bbox 540 2209 619 2254; x_wconf 75' lang='lat' dir='ltr'>mom.</span> <span class='ocrx_word' id='word_1_124' title='bbox 640 2202 824 2263; x_wconf 66' lang='lat' dir='ltr'>Restituam,</span> <span class='ocrx_word' id='word_1_125' title='bbox 842 2203 905 2272; x_wconf 77' lang='lat' dir='ltr'>quid</span> <span class='ocrx_word' id='word_1_126' title='bbox 913 2204 969 2271; x_wconf 77' lang='lat' dir='ltr'>fit?</span> 
     </span>
    </p>
   </div>
   <div class='ocr_carea' id='block_1_5' title="bbox 204 2286 337 2347">
    <p class='ocr_par' dir='ltr' id='par_1_5' title="bbox 204 2286 337 2347">
     <span class='ocr_line' id='line_1_19' title="bbox 204 2286 337 2347; baseline -0.015 -7"><span class='ocrx_word' id='word_1_127' title='bbox 204 2286 337 2347; x_wconf 61' lang='lat' dir='ltr'>„Semta”</span> 
     </span>
    </p>
   </div>
   <div class='ocr_carea' id='block_1_6' title="bbox 17 2379 1333 4629">
    <p class='ocr_par' dir='ltr' id='par_1_6' title="bbox 17 2379 1264 2532">
     <span class='ocr_line' id='line_1_20' title="bbox 17 2379 1264 2450; baseline 0.006 -19"><span class='ocrx_word' id='word_1_128' title='bbox 17 2380 91 2432; x_wconf 84' lang='lat' dir='ltr'>Vides</span> <span class='ocrx_word' id='word_1_129' title='bbox 100 2381 232 2446; x_wconf 83' lang='lat' dir='ltr'>exempla</span> <span class='ocrx_word' id='word_1_130' title='bbox 241 2379 410 2434; x_wconf 85' lang='lat' dir='ltr'>aritlrmctica</span> <span class='ocrx_word' id='word_1_131' title='bbox 418 2397 454 2432; x_wconf 91' lang='lat' dir='ltr'>cx</span> <span class='ocrx_word' id='word_1_132' title='bbox 472 2387 530 2433; x_wconf 89' lang='lat' dir='ltr'>arte</span> <span class='ocrx_word' id='word_1_133' title='bbox 539 2381 738 2432; x_wconf 78' lang='lat' dir='ltr'>foeneratorum</span> <span class='ocrx_word' id='word_1_134' title='bbox 749 2380 882 2446; x_wconf 80' lang='lat' dir='ltr'>desumto,</span> <span class='ocrx_word' id='word_1_135' title='bbox 899 2381 999 2450; x_wconf 83' lang='lat' dir='ltr'>quihus</span> <span class='ocrx_word' id='word_1_136' title='bbox 1008 2383 1066 2448; x_wconf 83' lang='lat' dir='ltr'>jum</span> <span class='ocrx_word' id='word_1_137' title='bbox 1077 2399 1178 2448; x_wconf 85' lang='lat' dir='ltr'>pueros</span> <span class='ocrx_word' id='word_1_138' title='bbox 1187 2402 1264 2438; x_wconf 85' lang='lat' dir='ltr'>excr-</span> 
     </span>
     <span class='ocr_line' id='line_1_21' title="bbox 17 2464 1237 2532; baseline 0.007 -20"><span class='ocrx_word' id='word_1_139' title='bbox 17 2464 105 2517; x_wconf 84' lang='lat' dir='ltr'>cebant</span> <span class='ocrx_word' id='word_1_140' title='bbox 122 2464 255 2529; x_wconf 88' lang='lat' dir='ltr'>Romani,</span> <span class='ocrx_word' id='word_1_141' title='bbox 273 2471 304 2518; x_wconf 94' lang='lat' dir='ltr'>ut</span> <span class='ocrx_word' id='word_1_142' title='bbox 321 2465 395 2518; x_wconf 87' lang='lat' dir='ltr'>tricis</span> <span class='ocrx_word' id='word_1_143' title='bbox 415 2467 496 2532; x_wconf 91' lang='lat' dir='ltr'>hujus</span> <span class='ocrx_word' id='word_1_144' title='bbox 515 2465 612 2518; x_wconf 91' lang='lat' dir='ltr'>calculi</span> <span class='ocrx_word' id='word_1_145' title='bbox 630 2479 676 2516; x_wconf 87' lang='lat' dir='ltr'>eos</span> <span class='ocrx_word' id='word_1_146' title='bbox 690 2471 765 2518; x_wconf 90' lang='lat' dir='ltr'>tanto</span> <span class='ocrx_word' id='word_1_147' title='bbox 782 2464 915 2518; x_wconf 87' lang='lat' dir='ltr'>maturius</span> <span class='ocrx_word' id='word_1_148' title='bbox 930 2465 1142 2521; x_wconf 85' lang='lat' dir='ltr'>adsuefacerent.</span> <span class='ocrx_word' id='word_1_149' title='bbox 1157 2469 1237 2521; x_wconf 81' lang='lat' dir='ltr'>Heia.</span> 
     </span>
    </p>

    <p class='ocr_par' dir='ltr' id='par_1_7' title="bbox 18 2549 1333 4629">
     <span class='ocr_line' id='line_1_22' title="bbox 77 2549 1266 2618; baseline 0.003 -16"><span class='ocrx_word' id='word_1_150' title='bbox 77 2552 102 2618; x_wconf 82' lang='lat' dir='ltr'>t)</span> <span class='ocrx_word' id='word_1_151' title='bbox 123 2551 233 2618; x_wconf 75' lang='lat' dir='ltr'>Magna</span> <span class='ocrx_word' id='word_1_152' title='bbox 251 2556 278 2602; x_wconf 91' lang='lat' dir='ltr'>et</span> <span class='ocrx_word' id='word_1_153' title='bbox 294 2551 364 2604; x_wconf 87' lang='lat' dir='ltr'>acris</span> <span class='ocrx_word' id='word_1_154' title='bbox 382 2549 452 2603; x_wconf 88' lang='lat' dir='ltr'>inter</span> <span class='ocrx_word' id='word_1_155' title='bbox 470 2551 621 2604; x_wconf 87' lang='lat' dir='ltr'>Martinum</span> <span class='ocrx_word' id='word_1_156' title='bbox 640 2549 808 2603; x_wconf 85' lang='lat' dir='ltr'>Schookium</span> <span class='ocrx_word' id='word_1_157' title='bbox 826 2555 852 2601; x_wconf 90' lang='lat' dir='ltr'>et</span> <span class='ocrx_word' id='word_1_158' title='bbox 870 2549 1040 2602; x_wconf 86' lang='lat' dir='ltr'>Gronovlum</span> <span class='ocrx_word' id='word_1_159' title='bbox 1054 2567 1086 2602; x_wconf 82' lang='lat' dir='ltr'>ea</span> <span class='ocrx_word' id='word_1_160' title='bbox 1104 2551 1139 2604; x_wconf 90' lang='lat' dir='ltr'>de</span> <span class='ocrx_word' id='word_1_161' title='bbox 1155 2569 1185 2603; x_wconf 90' lang='lat' dir='ltr'>rc</span> <span class='ocrx_word' id='word_1_162' title='bbox 1203 2559 1266 2605; x_wconf 87' lang='lat' dir='ltr'>nata</span> 
     </span>
     <span class='ocr_line' id='line_1_23' title="bbox 18 2632 1265 2706; baseline 0.006 -23"><span class='ocrx_word' id='word_1_163' title='bbox 18 2637 51 2684; x_wconf 86' lang='lat' dir='ltr'>est</span> <span class='ocrx_word' id='word_1_164' title='bbox 66 2632 264 2689; x_wconf 86' lang='lat' dir='ltr'>controversia.</span> <span class='ocrx_word' id='word_1_165' title='bbox 282 2633 400 2687; x_wconf 89' lang='lat' dir='ltr'>Modum</span> <span class='ocrx_word' id='word_1_166' title='bbox 418 2636 593 2702; x_wconf 87' lang='lat' dir='ltr'>computandi</span> <span class='ocrx_word' id='word_1_167' title='bbox 611 2651 723 2688; x_wconf 82' lang='lat' dir='ltr'>usuram</span> <span class='ocrx_word' id='word_1_168' title='bbox 736 2635 921 2702; x_wconf 79' lang='lat' dir='ltr'>explicaverat</span> <span class='ocrx_word' id='word_1_169' title='bbox 933 2635 1089 2689; x_wconf 76' lang='lat' dir='ltr'>Gronovius</span> <span class='ocrx_word' id='word_1_170' title='bbox 1105 2637 1137 2688; x_wconf 74' lang='lat' dir='ltr'>sle</span> <span class='ocrx_word' id='word_1_171' title='bbox 1150 2639 1265 2706; x_wconf 84' lang='lat' dir='ltr'>pecunia</span> 
     </span>
     <span class='ocr_line' id='line_1_24' title="bbox 18 2719 1264 2787; baseline 0.008 -21"><span class='ocrx_word' id='word_1_172' title='bbox 18 2727 57 2770; x_wconf 78' lang='lat' dir='ltr'>vet.</span> <span class='ocrx_word' id='word_1_173' title='bbox 71 2721 128 2774; x_wconf 91' lang='lat' dir='ltr'>III.</span> <span class='ocrx_word' id='word_1_174' title='bbox 146 2723 187 2772; x_wconf 97' lang='grc'>13.</span> <span class='ocrx_word' id='word_1_175' title='bbox 207 2720 271 2782; x_wconf 84' lang='lat' dir='ltr'>Quo</span> <span class='ocrx_word' id='word_1_176' title='bbox 288 2720 349 2770; x_wconf 91' lang='lat' dir='ltr'>loco</span> <span class='ocrx_word' id='word_1_177' title='bbox 367 2735 452 2787; x_wconf 91' lang='lat' dir='ltr'>quum</span> <span class='ocrx_word' id='word_1_178' title='bbox 470 2719 645 2772; x_wconf 78' lang='lat' dir='ltr'>disseruisset</span> <span class='ocrx_word' id='word_1_179' title='bbox 662 2735 679 2772; x_wconf 90' lang='lat' dir='ltr'>a</span> <span class='ocrx_word' id='word_1_180' title='bbox 697 2720 840 2783; x_wconf 79' lang='lat' dir='ltr'>salmasio,</span> <span class='ocrx_word' id='word_1_181' title='bbox 867 2721 948 2787; x_wconf 90' lang='lat' dir='ltr'>hujus</span> <span class='ocrx_word' id='word_1_182' title='bbox 973 2721 1156 2774; x_wconf 82' lang='lat' dir='ltr'>defensionem</span> <span class='ocrx_word' id='word_1_183' title='bbox 1177 2723 1264 2776; x_wconf 83' lang='lat' dir='ltr'>infeli-</span> 
     </span>
     <span class='ocr_line' id='line_1_25' title="bbox 18 2803 1265 2872; baseline 0.009 -21"><span class='ocrx_word' id='word_1_184' title='bbox 18 2803 73 2856; x_wconf 85' lang='lat' dir='ltr'>citer</span> <span class='ocrx_word' id='word_1_185' title='bbox 90 2803 216 2868; x_wconf 86' lang='lat' dir='ltr'>suscepit</span> <span class='ocrx_word' id='word_1_186' title='bbox 234 2803 387 2856; x_wconf 85' lang='lat' dir='ltr'>Schookius</span> <span class='ocrx_word' id='word_1_187' title='bbox 405 2803 560 2856; x_wconf 80' lang='lat' dir='ltr'>Exercitatt.</span> <span class='ocrx_word' id='word_1_188' title='bbox 584 2822 654 2856; x_wconf 85' lang='lat' dir='ltr'>socr.</span> <span class='ocrx_word' id='word_1_189' title='bbox 669 2808 710 2856; x_wconf 89' lang='grc'>19.</span> <span class='ocrx_word' id='word_1_190' title='bbox 734 2805 780 2856; x_wconf 89' lang='lat' dir='ltr'>ubi</span> <span class='ocrx_word' id='word_1_191' title='bbox 808 2804 959 2858; x_wconf 90' lang='lat' dir='ltr'>unciarium</span> <span class='ocrx_word' id='word_1_192' title='bbox 977 2807 1073 2858; x_wconf 82' lang='lat' dir='ltr'>foenus</span> <span class='ocrx_word' id='word_1_193' title='bbox 1097 2805 1169 2858; x_wconf 91' lang='lat' dir='ltr'>idem</span> <span class='ocrx_word' id='word_1_194' title='bbox 1187 2813 1265 2872; x_wconf 81' lang='lat' dir='ltr'>putat</span> 
     </span>
     <span class='ocr_line' id='line_1_26' title="bbox 18 2884 1266 2956; baseline 0.006 -20"><span class='ocrx_word' id='word_1_195' title='bbox 18 2904 68 2940; x_wconf 92' lang='lat' dir='ltr'>cum</span> <span class='ocrx_word' id='word_1_196' title='bbox 87 2889 246 2942; x_wconf 85' lang='lat' dir='ltr'>centesima.</span> <span class='ocrx_word' id='word_1_197' title='bbox 277 2887 372 2940; x_wconf 88' lang='lat' dir='ltr'>Edidit</span> <span class='ocrx_word' id='word_1_198' title='bbox 396 2905 461 2954; x_wconf 77' lang='lat' dir='ltr'>ergo</span> <span class='ocrx_word' id='word_1_199' title='bbox 485 2887 641 2940; x_wconf 86' lang='lat' dir='ltr'>Gronovius</span> <span class='ocrx_word' id='word_1_200' title='bbox 666 2902 738 2940; x_wconf 91' lang='lat' dir='ltr'>anno</span> <span class='ocrx_word' id='word_1_201' title='bbox 762 2892 836 2941; x_wconf 90' lang='grc'><strong>1661.</strong></span> <span class='ocrx_word' id='word_1_202' title='bbox 863 2884 1043 2956; x_wconf 54' lang='lat' dir='ltr'>mortemon</span> <span class='ocrx_word' id='word_1_203' title='bbox 1066 2889 1098 2940; x_wconf 87' lang='lat' dir='ltr'>de</span> <span class='ocrx_word' id='word_1_204' title='bbox 1121 2893 1266 2944; x_wconf 75' lang='lat' dir='ltr'>centesimis</span> 
     </span>
     <span class='ocr_line' id='line_1_27' title="bbox 18 2971 1265 3041; baseline 0.006 -21"><span class='ocrx_word' id='word_1_205' title='bbox 18 2975 95 3026; x_wconf 86' lang='lat' dir='ltr'>usuris</span> <span class='ocrx_word' id='word_1_206' title='bbox 110 2983 139 3025; x_wconf 88' lang='lat' dir='ltr'>et</span> <span class='ocrx_word' id='word_1_207' title='bbox 148 2973 266 3040; x_wconf 84' lang='lat' dir='ltr'>foenore</span> <span class='ocrx_word' id='word_1_208' title='bbox 281 2974 401 3034; x_wconf 81' lang='lat' dir='ltr'>unciario</span> <span class='ocrx_word' id='word_1_209' title='bbox 414 2975 539 3025; x_wconf 84' lang='lat' dir='ltr'>adversus</span> <span class='ocrx_word' id='word_1_210' title='bbox 558 2971 1030 3041; x_wconf 76' lang='lat' dir='ltr'>Titcoloyistoricoplsilosopltolopum.</span> <span class='ocrx_word' id='word_1_211' title='bbox 1049 2974 1187 3041; x_wconf 84' lang='lat' dir='ltr'>Sequutae</span> <span class='ocrx_word' id='word_1_212' title='bbox 1201 2979 1265 3028; x_wconf 84' lang='lat' dir='ltr'>suut</span> 
     </span>
     <span class='ocr_line' id='line_1_28' title="bbox 20 3055 1264 3114; baseline 0.007 -9"><span class='ocrx_word' id='word_1_213' title='bbox 20 3058 105 3110; x_wconf 88' lang='lat' dir='ltr'>eodem</span> <span class='ocrx_word' id='word_1_214' title='bbox 124 3072 200 3110; x_wconf 87' lang='lat' dir='ltr'>anno</span> <span class='ocrx_word' id='word_1_215' title='bbox 219 3057 334 3111; x_wconf 89' lang='lat' dir='ltr'>Martini</span> <span class='ocrx_word' id='word_1_216' title='bbox 353 3056 483 3110; x_wconf 90' lang='lat' dir='ltr'>Schookii</span> <span class='ocrx_word' id='word_1_217' title='bbox 509 3057 640 3108; x_wconf 73' lang='lat' dir='ltr'>Vindictae</span> <span class='ocrx_word' id='word_1_218' title='bbox 658 3072 720 3106; x_wconf 84' lang='lat' dir='ltr'>sune</span> <span class='ocrx_word' id='word_1_219' title='bbox 739 3056 901 3106; x_wconf 75' lang='lat' dir='ltr'>stoicorum</span> <span class='ocrx_word' id='word_1_220' title='bbox 920 3055 1054 3110; x_wconf 83' lang='lat' dir='ltr'>doctorum</span> <span class='ocrx_word' id='word_1_221' title='bbox 1073 3061 1214 3112; x_wconf 68' lang='lat' dir='ltr'>sentenciae</span> <span class='ocrx_word' id='word_1_222' title='bbox 1232 3061 1264 3114; x_wconf 88' lang='lat' dir='ltr'>de</span> 
     </span>
     <span class='ocr_line' id='line_1_29' title="bbox 19 3135 1264 3208; baseline 0.007 -18"><span class='ocrx_word' id='word_1_223' title='bbox 19 3139 116 3196; x_wconf 69' lang='lat' dir='ltr'>foenore</span> <span class='ocrx_word' id='word_1_224' title='bbox 137 3141 265 3193; x_wconf 83' lang='lat' dir='ltr'>unciario.</span> <span class='ocrx_word' id='word_1_225' title='bbox 285 3141 340 3194; x_wconf 89' lang='lat' dir='ltr'>Sed</span> <span class='ocrx_word' id='word_1_226' title='bbox 358 3147 385 3192; x_wconf 91' lang='lat' dir='ltr'>et</span> <span class='ocrx_word' id='word_1_227' title='bbox 403 3139 445 3192; x_wconf 90' lang='lat' dir='ltr'>his</span> <span class='ocrx_word' id='word_1_228' title='bbox 463 3140 507 3192; x_wconf 87' lang='lat' dir='ltr'>Jo.</span> <span class='ocrx_word' id='word_1_229' title='bbox 525 3140 627 3192; x_wconf 86' lang='lat' dir='ltr'>Frider.</span> <span class='ocrx_word' id='word_1_230' title='bbox 647 3139 803 3192; x_wconf 86' lang='lat' dir='ltr'>Gronovius</span> <span class='ocrx_word' id='word_1_231' title='bbox 821 3140 952 3206; x_wconf 88' lang='lat' dir='ltr'>opposuit</span> <span class='ocrx_word' id='word_1_232' title='bbox 969 3135 1149 3208; x_wconf 68' lang='grc' dir='ltr'>Ἀντιξήγησιν</span> <span class='ocrx_word' id='word_1_233' title='bbox 1167 3159 1264 3198; x_wconf 85' lang='lat' dir='ltr'>secun·</span> 
     </span>
     <span class='ocr_line' id='line_1_30' title="bbox 19 3223 1264 3294; baseline 0.002 -20"><span class='ocrx_word' id='word_1_234' title='bbox 19 3223 72 3276; x_wconf 89' lang='lat' dir='ltr'>dam</span> <span class='ocrx_word' id='word_1_235' title='bbox 89 3242 165 3278; x_wconf 89' lang='lat' dir='ltr'>anno</span> <span class='ocrx_word' id='word_1_236' title='bbox 185 3230 260 3278; x_wconf 79' lang='grc'><strong>1661.</strong></span> <span class='ocrx_word' id='word_1_237' title='bbox 279 3227 401 3293; x_wconf 87' lang='lat' dir='ltr'>Sequuta</span> <span class='ocrx_word' id='word_1_238' title='bbox 419 3224 538 3294; x_wconf 89' lang='lat' dir='ltr'>denique</span> <span class='ocrx_word' id='word_1_239' title='bbox 556 3223 687 3277; x_wconf 85' lang='lat' dir='ltr'>Schookii</span> <span class='ocrx_word' id='word_1_240' title='bbox 707 3223 783 3275; x_wconf 81' lang='lat' dir='ltr'>Seria</span> <span class='ocrx_word' id='word_1_241' title='bbox 801 3233 827 3274; x_wconf 90' lang='lat' dir='ltr'>et</span> <span class='ocrx_word' id='word_1_242' title='bbox 843 3223 927 3275; x_wconf 86' lang='lat' dir='ltr'>solido</span> <span class='ocrx_word' id='word_1_243' title='bbox 938 3226 1080 3292; x_wconf 78' lang='lat' dir='ltr'>responsio,</span> <span class='ocrx_word' id='word_1_244' title='bbox 1099 3226 1172 3280; x_wconf 88' lang='lat' dir='ltr'>edita</span> <span class='ocrx_word' id='word_1_245' title='bbox 1187 3227 1264 3280; x_wconf 82' lang='lat' dir='ltr'>Colc-</span> 
     </span>
     <span class='ocr_line' id='line_1_31' title="bbox 19 3307 1264 3377; baseline 0.006 -20"><span class='ocrx_word' id='word_1_246' title='bbox 19 3309 71 3358; x_wconf 86' lang='lat' dir='ltr'>niue</span> <span class='ocrx_word' id='word_1_247' title='bbox 89 3307 333 3377; x_wconf 71' lang='lat' dir='ltr'>Brundeturpicae</span> <span class='ocrx_word' id='word_1_248' title='bbox 353 3313 428 3362; x_wconf 91' lang='grc'><strong>1668.</strong></span> <span class='ocrx_word' id='word_1_249' title='bbox 447 3307 523 3360; x_wconf 80' lang='lat' dir='ltr'>Alios</span> <span class='ocrx_word' id='word_1_250' title='bbox 541 3308 647 3361; x_wconf 87' lang='lat' dir='ltr'>libellos</span> <span class='ocrx_word' id='word_1_251' title='bbox 660 3307 783 3361; x_wconf 85' lang='lat' dir='ltr'>eristicos</span> <span class='ocrx_word' id='word_1_252' title='bbox 797 3307 932 3374; x_wconf 84' lang='lat' dir='ltr'>prodiisse</span> <span class='ocrx_word' id='word_1_253' title='bbox 945 3324 1000 3361; x_wconf 90' lang='lat' dir='ltr'>non</span> <span class='ocrx_word' id='word_1_254' title='bbox 1014 3311 1132 3364; x_wconf 91' lang='lat' dir='ltr'>memini.</span> <span class='ocrx_word' id='word_1_255' title='bbox 1145 3312 1264 3365; x_wconf 86' lang='lat' dir='ltr'>Tertiam</span> 
     </span>
     <span class='ocr_line' id='line_1_32' title="bbox 19 3387 1262 3462; baseline 0.006 -22"><span class='ocrx_word' id='word_1_256' title='bbox 19 3396 97 3446; x_wconf 89' lang='lat' dir='ltr'>tamen</span> <span class='ocrx_word' id='word_1_257' title='bbox 116 3387 299 3460; x_wconf 73' lang='grc' dir='ltr'><strong>Ἀντεξήγησι1</strong></span> <span class='ocrx_word' id='word_1_258' title='bbox 316 3400 472 3460; x_wconf 86' lang='lat' dir='ltr'>postumam</span> <span class='ocrx_word' id='word_1_259' title='bbox 490 3391 576 3444; x_wconf 88' lang='lat' dir='ltr'>edidit</span> <span class='ocrx_word' id='word_1_260' title='bbox 594 3393 689 3446; x_wconf 85' lang='lat' dir='ltr'>Jacob.</span> <span class='ocrx_word' id='word_1_261' title='bbox 706 3393 861 3446; x_wconf 90' lang='lat' dir='ltr'>Gronovius</span> <span class='ocrx_word' id='word_1_262' title='bbox 878 3392 958 3446; x_wconf 87' lang='lat' dir='ltr'>filius.</span> <span class='ocrx_word' id='word_1_263' title='bbox 977 3391 1005 3462; x_wconf 77' lang='grc'>[*</span> <span class='ocrx_word' id='word_1_264' title='bbox 1011 3411 1041 3461; x_wconf 86' lang='lat' dir='ltr'>p.</span> <span class='ocrx_word' id='word_1_265' title='bbox 1053 3397 1211 3448; x_wconf 82' lang='grc'><strong>681-6611.</strong></span> <span class='ocrx_word' id='word_1_266' title='bbox 1220 3395 1262 3448; x_wconf 90' lang='lat' dir='ltr'>ed.</span> 
     </span>
     <span class='ocr_line' id='line_1_33' title="bbox 21 3477 1264 3549; baseline 0.006 -23"><span class='ocrx_word' id='word_1_267' title='bbox 21 3478 97 3549; x_wconf 72' lang='lat' dir='ltr'>loth]</span> <span class='ocrx_word' id='word_1_268' title='bbox 123 3481 207 3534; x_wconf 87' lang='lat' dir='ltr'>Hein.</span> <span class='ocrx_word' id='word_1_269' title='bbox 236 3480 380 3531; x_wconf 85' lang='lat' dir='ltr'>Praeclara</span> <span class='ocrx_word' id='word_1_270' title='bbox 393 3479 463 3530; x_wconf 89' lang='lat' dir='ltr'>hanc</span> <span class='ocrx_word' id='word_1_271' title='bbox 481 3477 509 3530; x_wconf 89' lang='grc'>11</span> <span class='ocrx_word' id='word_1_272' title='bbox 527 3494 584 3530; x_wconf 92' lang='lat' dir='ltr'>rem</span> <span class='ocrx_word' id='word_1_273' title='bbox 602 3481 692 3528; x_wconf 87' lang='lat' dir='ltr'>exstat</span> <span class='ocrx_word' id='word_1_274' title='bbox 709 3477 863 3529; x_wconf 87' lang='lat' dir='ltr'>observatio</span> <span class='ocrx_word' id='word_1_275' title='bbox 880 3477 909 3530; x_wconf 90' lang='lat' dir='ltr'>iu</span> <span class='ocrx_word' id='word_1_276' title='bbox 930 3477 1052 3530; x_wconf 89' lang='lat' dir='ltr'>Niebuhr</span> <span class='ocrx_word' id='word_1_277' title='bbox 1071 3477 1150 3530; x_wconf 79' lang='lat' dir='ltr'>ltin.</span> <span class='ocrx_word' id='word_1_278' title='bbox 1170 3479 1264 3534; x_wconf 83' lang='lat' dir='ltr'>Gescll.</span> 
     </span>
     <span class='ocr_line' id='line_1_34' title="bbox 22 3558 1263 3632; baseline 0.006 -21"><span class='ocrx_word' id='word_1_279' title='bbox 22 3558 47 3611; x_wconf 83' lang='grc' dir='ltr'>Τ.</span> <span class='ocrx_word' id='word_1_280' title='bbox 60 3563 97 3616; x_wconf 90' lang='grc' dir='ltr'><strong>ΙΙ.</strong></span> <span class='ocrx_word' id='word_1_281' title='bbox 112 3583 146 3632; x_wconf 86' lang='lat' dir='ltr'>p.</span> <span class='ocrx_word' id='word_1_282' title='bbox 160 3568 209 3616; x_wconf 95' lang='grc'>431</span> <span class='ocrx_word' id='word_1_283' title='bbox 222 3590 253 3599; x_wconf 91' lang='grc'>-</span> <span class='ocrx_word' id='word_1_284' title='bbox 262 3567 322 3616; x_wconf 90' lang='grc'><strong>439.</strong></span> <span class='ocrx_word' id='word_1_285' title='bbox 337 3564 468 3630; x_wconf 91' lang='lat' dir='ltr'>adquam</span> <span class='ocrx_word' id='word_1_286' title='bbox 485 3563 519 3616; x_wconf 84' lang='lat' dir='ltr'>cf.</span> <span class='ocrx_word' id='word_1_287' title='bbox 534 3561 666 3615; x_wconf 88' lang='lat' dir='ltr'>Schrader</span> <span class='ocrx_word' id='word_1_288' title='bbox 680 3561 928 3630; x_wconf 75' lang='lat' dir='ltr'>Rechtspescliclrti.</span> <span class='ocrx_word' id='word_1_289' title='bbox 938 3562 1143 3631; x_wconf 74' lang='lat' dir='ltr'>Bemcrltunpen</span> <span class='ocrx_word' id='word_1_290' title='bbox 1152 3561 1263 3618; x_wconf 79' lang='grc'><strong>1111116.</strong></span> 
     </span>
     <span class='ocr_line' id='line_1_35' title="bbox 20 3640 1333 3715; baseline 0.008 -22"><span class='ocrx_word' id='word_1_291' title='bbox 20 3640 42 3693; x_wconf 92' lang='grc'>11</span> <span class='ocrx_word' id='word_1_292' title='bbox 59 3647 142 3714; x_wconf 87' lang='lat' dir='ltr'>Hugo</span> <span class='ocrx_word' id='word_1_293' title='bbox 161 3643 394 3714; x_wconf 67' lang='grc'><strong>611111111111911.</strong></span> <span class='ocrx_word' id='word_1_294' title='bbox 416 3647 447 3698; x_wconf 86' lang='grc' dir='ltr'>Τ.</span> <span class='ocrx_word' id='word_1_295' title='bbox 465 3647 499 3702; x_wconf 87' lang='lat' dir='ltr'>V.</span> <span class='ocrx_word' id='word_1_296' title='bbox 518 3663 591 3699; x_wconf 90' lang='lat' dir='ltr'>uum.</span> <span class='ocrx_word' id='word_1_297' title='bbox 609 3649 634 3699; x_wconf 85' lang='grc'>7.</span> <span class='ocrx_word' id='word_1_298' title='bbox 656 3662 682 3711; x_wconf 88' lang='lat' dir='ltr'>p.</span> <span class='ocrx_word' id='word_1_299' title='bbox 697 3651 784 3700; x_wconf 81' lang='lat' dir='ltr'>leo-</span> <span class='ocrx_word' id='word_1_300' title='bbox 799 3652 856 3700; x_wconf 91' lang='grc'><strong>184.</strong></span> <span class='ocrx_word' id='word_1_301' title='bbox 876 3652 903 3698; x_wconf 85' lang='grc'>11</span> <span class='ocrx_word' id='word_1_302' title='bbox 921 3648 1008 3714; x_wconf 87' lang='lat' dir='ltr'>ipsius</span> <span class='ocrx_word' id='word_1_303' title='bbox 1030 3649 1157 3715; x_wconf 77' lang='lat' dir='ltr'>Hugonis</span> <span class='ocrx_word' id='word_1_304' title='bbox 1172 3650 1210 3703; x_wconf 85' lang='grc'>11.</span> <span class='ocrx_word' id='word_1_305' title='bbox 1228 3651 1262 3702; x_wconf 88' lang='lat' dir='ltr'>G.</span> <span class='ocrx_word' id='word_1_306' title='bbox 1330 3657 1333 3662; x_wconf 83' lang='grc'><em>“</em></span> 
     </span>
     <span class='ocr_line' id='line_1_36' title="bbox 20 3729 1263 3798; baseline 0.002 -17"><span class='ocrx_word' id='word_1_307' title='bbox 20 3741 41 3790; x_wconf 79' lang='grc' dir='ltr'>ρ.</span> <span class='ocrx_word' id='word_1_308' title='bbox 53 3735 101 3786; x_wconf 81' lang='grc'>204</span> <span class='ocrx_word' id='word_1_309' title='bbox 109 3763 144 3771; x_wconf 82' lang='lat'>-</span> <span class='ocrx_word' id='word_1_310' title='bbox 155 3735 215 3784; x_wconf 80' lang='lat'>208.</span> <span class='ocrx_word' id='word_1_311' title='bbox 228 3730 270 3784; x_wconf 88' lang='lat' dir='ltr'>ed.</span> <span class='ocrx_word' id='word_1_312' title='bbox 285 3731 361 3783; x_wconf 85' lang='lat' dir='ltr'>VIll.</span> <span class='ocrx_word' id='word_1_313' title='bbox 379 3733 421 3798; x_wconf 86' lang='lat' dir='ltr'>(p.</span> <span class='ocrx_word' id='word_1_314' title='bbox 436 3737 526 3786; x_wconf 57' lang='grc' dir='ltr'>194υ</span> <span class='ocrx_word' id='word_1_315' title='bbox 537 3736 597 3785; x_wconf 83' lang='lat'>298.</span> <span class='ocrx_word' id='word_1_316' title='bbox 610 3729 652 3782; x_wconf 84' lang='lat' dir='ltr'>ed.</span> <span class='ocrx_word' id='word_1_317' title='bbox 664 3731 732 3797; x_wconf 72' lang='grc' dir='ltr'><strong>Χῖ.)</strong></span> <span class='ocrx_word' id='word_1_318' title='bbox 746 3729 835 3783; x_wconf 83' lang='lat' dir='ltr'>Haud.</span> <span class='ocrx_word' id='word_1_319' title='bbox 859 3729 930 3782; x_wconf 80' lang='lat' dir='ltr'>Ado.</span> <span class='ocrx_word' id='word_1_320' title='bbox 943 3731 1066 3784; x_wconf 87' lang='lat' dir='ltr'>Niebuhr</span> <span class='ocrx_word' id='word_1_321' title='bbox 1079 3733 1157 3785; x_wconf 84' lang='lat' dir='ltr'>Riim.</span> <span class='ocrx_word' id='word_1_322' title='bbox 1170 3731 1263 3785; x_wconf 83' lang='lat' dir='ltr'>Gcscls.</span> 
     </span>
     <span class='ocr_line' id='line_1_37' title="bbox 20 3813 1264 3884; baseline 0.002 -21"><span class='ocrx_word' id='word_1_323' title='bbox 20 3813 45 3866; x_wconf 77' lang='lat' dir='ltr'>T.</span> <span class='ocrx_word' id='word_1_324' title='bbox 52 3817 97 3870; x_wconf 89' lang='lat'>111.</span> <span class='ocrx_word' id='word_1_325' title='bbox 107 3834 137 3884; x_wconf 89' lang='lat' dir='ltr'>p.</span> <span class='ocrx_word' id='word_1_326' title='bbox 151 3815 528 3871; x_wconf 79' lang='grc' dir='ltr'><strong>61-71.-Ε1Ν1111111111</strong></span> <span class='ocrx_word' id='word_1_327' title='bbox 541 3815 651 3884; x_wconf 89' lang='lat' dir='ltr'>quidem</span> <span class='ocrx_word' id='word_1_328' title='bbox 666 3814 763 3867; x_wconf 84' lang='lat' dir='ltr'>solidis</span> <span class='ocrx_word' id='word_1_329' title='bbox 777 3814 971 3868; x_wconf 83' lang='lat' dir='ltr'>demonstravit</span> <span class='ocrx_word' id='word_1_330' title='bbox 989 3815 1149 3879; x_wconf 84' lang='lat' dir='ltr'>rationibus,</span> <span class='ocrx_word' id='word_1_331' title='bbox 1162 3829 1264 3882; x_wconf 85' lang='lat' dir='ltr'>easque</span> 
     </span>
     <span class='ocr_line' id='line_1_38' title="bbox 21 3897 1263 3967; baseline 0.006 -20"><span class='ocrx_word' id='word_1_332' title='bbox 21 3897 88 3954; x_wconf 86' lang='lat' dir='ltr'>etiam</span> <span class='ocrx_word' id='word_1_333' title='bbox 106 3898 280 3954; x_wconf 86' lang='lat' dir='ltr'>confirmavit</span> <span class='ocrx_word' id='word_1_334' title='bbox 305 3900 481 3964; x_wconf 85' lang='lat' dir='ltr'>Schraderns,</span> <span class='ocrx_word' id='word_1_335' title='bbox 505 3900 654 3952; x_wconf 84' lang='lat' dir='ltr'>unciarium</span> <span class='ocrx_word' id='word_1_336' title='bbox 669 3897 780 3965; x_wconf 83' lang='lat' dir='ltr'>foenus,</span> <span class='ocrx_word' id='word_1_337' title='bbox 804 3913 860 3967; x_wconf 90' lang='lat' dir='ltr'>quo</span> <span class='ocrx_word' id='word_1_338' title='bbox 877 3899 1029 3964; x_wconf 84' lang='lat' dir='ltr'>antiquitus</span> <span class='ocrx_word' id='word_1_339' title='bbox 1046 3899 1191 3954; x_wconf 86' lang='lat' dir='ltr'>utebantur</span> <span class='ocrx_word' id='word_1_340' title='bbox 1206 3901 1263 3954; x_wconf 87' lang='lat' dir='ltr'>Ro·</span> 
     </span>
     <span class='ocr_line' id='line_1_39' title="bbox 21 3981 1264 4048; baseline 0.005 -18"><span class='ocrx_word' id='word_1_341' title='bbox 21 3983 88 4048; x_wconf 88' lang='lat' dir='ltr'>mani,</span> <span class='ocrx_word' id='word_1_342' title='bbox 108 3983 299 4036; x_wconf 87' lang='lat' dir='ltr'>duodecimum</span> <span class='ocrx_word' id='word_1_343' title='bbox 323 3985 408 4037; x_wconf 85' lang='lat' dir='ltr'>fuisse</span> <span class='ocrx_word' id='word_1_344' title='bbox 434 3983 516 4035; x_wconf 86' lang='lat' dir='ltr'>sortis</span> <span class='ocrx_word' id='word_1_345' title='bbox 540 3988 644 4048; x_wconf 88' lang='lat' dir='ltr'>partem</span> <span class='ocrx_word' id='word_1_346' title='bbox 668 3981 696 4035; x_wconf 92' lang='grc'>11</span> <span class='ocrx_word' id='word_1_347' title='bbox 720 3981 843 4047; x_wconf 76' lang='lat' dir='ltr'>singulos</span> <span class='ocrx_word' id='word_1_348' title='bbox 867 3998 953 4036; x_wconf 83' lang='lat' dir='ltr'>annos</span> <span class='ocrx_word' id='word_1_349' title='bbox 977 3985 1143 4048; x_wconf 87' lang='lat' dir='ltr'>solvendam,</span> <span class='ocrx_word' id='word_1_350' title='bbox 1161 3999 1264 4037; x_wconf 89' lang='lat' dir='ltr'>annum</span> 
     </span>
     <span class='ocr_line' id='line_1_40' title="bbox 21 4066 1264 4135; baseline 0.003 -20"><span class='ocrx_word' id='word_1_351' title='bbox 21 4074 98 4122; x_wconf 86' lang='lat' dir='ltr'>autem</span> <span class='ocrx_word' id='word_1_352' title='bbox 118 4069 325 4135; x_wconf 78' lang='lat' dir='ltr'>intelligendum</span> <span class='ocrx_word' id='word_1_353' title='bbox 343 4085 404 4120; x_wconf 88' lang='lat' dir='ltr'>esse</span> <span class='ocrx_word' id='word_1_354' title='bbox 421 4066 644 4131; x_wconf 84' lang='lat' dir='ltr'>vetustissimum,</span> <span class='ocrx_word' id='word_1_355' title='bbox 663 4067 680 4119; x_wconf 92' lang='lat' dir='ltr'>i.</span> <span class='ocrx_word' id='word_1_356' title='bbox 693 4083 716 4119; x_wconf 93' lang='lat' dir='ltr'>e.</span> <span class='ocrx_word' id='word_1_357' title='bbox 735 4066 828 4118; x_wconf 90' lang='lat' dir='ltr'>decem</span> <span class='ocrx_word' id='word_1_358' title='bbox 840 4068 980 4120; x_wconf 88' lang='lat' dir='ltr'>mensibus</span> <span class='ocrx_word' id='word_1_359' title='bbox 994 4073 1176 4129; x_wconf 68' lang='lat' dir='ltr'>constantem</span> <span class='ocrx_word' id='word_1_360' title='bbox 1189 4068 1264 4120; x_wconf 89' lang='lat' dir='ltr'>unde</span> 
     </span>
     <span class='ocr_line' id='line_1_41' title="bbox 21 4149 1262 4219; baseline -0.002 -16"><span class='ocrx_word' id='word_1_361' title='bbox 21 4162 141 4207; x_wconf 86' lang='grc'><strong>1101110</strong></span> <span class='ocrx_word' id='word_1_362' title='bbox 168 4170 267 4206; x_wconf 86' lang='lat' dir='ltr'>usuras</span> <span class='ocrx_word' id='word_1_363' title='bbox 291 4153 468 4219; x_wconf 89' lang='lat' dir='ltr'>computandi</span> <span class='ocrx_word' id='word_1_364' title='bbox 491 4151 573 4203; x_wconf 91' lang='lat' dir='ltr'>modo</span> <span class='ocrx_word' id='word_1_365' title='bbox 601 4151 693 4204; x_wconf 88' lang='lat' dir='ltr'>decem</span> <span class='ocrx_word' id='word_1_366' title='bbox 720 4151 872 4204; x_wconf 87' lang='lat' dir='ltr'>efficiuntur</span> <span class='ocrx_word' id='word_1_367' title='bbox 894 4153 998 4205; x_wconf 90' lang='lat' dir='ltr'>nummi</span> <span class='ocrx_word' id='word_1_368' title='bbox 1023 4167 1073 4216; x_wconf 88' lang='lat' dir='ltr'>pro</span> <span class='ocrx_word' id='word_1_369' title='bbox 1097 4149 1216 4201; x_wconf 87' lang='lat' dir='ltr'>centenis</span> <span class='ocrx_word' id='word_1_370' title='bbox 1233 4149 1262 4200; x_wconf 92' lang='lat' dir='ltr'>in</span> 
     </span>
     <span class='ocr_line' id='line_1_42' title="bbox 22 4235 1262 4299; baseline 0.002 -15"><span class='ocrx_word' id='word_1_371' title='bbox 22 4249 118 4292; x_wconf 85' lang='lat' dir='ltr'>anuum.</span> <span class='ocrx_word' id='word_1_372' title='bbox 144 4240 289 4291; x_wconf 88' lang='lat' dir='ltr'>Caeterum</span> <span class='ocrx_word' id='word_1_373' title='bbox 313 4238 440 4291; x_wconf 86' lang='lat' dir='ltr'>Salmasii</span> <span class='ocrx_word' id='word_1_374' title='bbox 463 4235 633 4298; x_wconf 83' lang='lat' dir='ltr'>sententiam,</span> <span class='ocrx_word' id='word_1_375' title='bbox 661 4235 784 4288; x_wconf 84' lang='lat' dir='ltr'>unciario</span> <span class='ocrx_word' id='word_1_376' title='bbox 810 4238 921 4289; x_wconf 72' lang='lat' dir='ltr'>foenore</span> <span class='ocrx_word' id='word_1_377' title='bbox 944 4251 1084 4289; x_wconf 89' lang='lat' dir='ltr'>nummum</span> <span class='ocrx_word' id='word_1_378' title='bbox 1108 4251 1189 4286; x_wconf 85' lang='lat' dir='ltr'>unum</span> <span class='ocrx_word' id='word_1_379' title='bbox 1212 4249 1262 4299; x_wconf 87' lang='lat' dir='ltr'>pro</span> 
     </span>
     <span class='ocr_line' id='line_1_43' title="bbox 22 4316 1262 4390; baseline -0.002 -19"><span class='ocrx_word' id='word_1_380' title='bbox 22 4323 129 4376; x_wconf 82' lang='lat' dir='ltr'>centenis</span> <span class='ocrx_word' id='word_1_381' title='bbox 146 4340 196 4389; x_wconf 87' lang='lat' dir='ltr'>per</span> <span class='ocrx_word' id='word_1_382' title='bbox 213 4324 348 4390; x_wconf 76' lang='lat' dir='ltr'>integrum</span> <span class='ocrx_word' id='word_1_383' title='bbox 367 4337 468 4376; x_wconf 90' lang='lat' dir='ltr'>annum</span> <span class='ocrx_word' id='word_1_384' title='bbox 487 4321 655 4373; x_wconf 88' lang='lat' dir='ltr'>reddendum</span> <span class='ocrx_word' id='word_1_385' title='bbox 677 4318 762 4372; x_wconf 84' lang='lat' dir='ltr'>tuisse</span> <span class='ocrx_word' id='word_1_386' title='bbox 779 4320 969 4382; x_wconf 83' lang='lat' dir='ltr'>existimantis,</span> <span class='ocrx_word' id='word_1_387' title='bbox 993 4318 1124 4370; x_wconf 89' lang='lat' dir='ltr'>adversus</span> <span class='ocrx_word' id='word_1_388' title='bbox 1141 4316 1262 4368; x_wconf 88' lang='lat' dir='ltr'>Niebuh-</span> 
     </span>
     <span class='ocr_line' id='line_1_44' title="bbox 22 4400 1325 4471; baseline 0.002 -22"><span class='ocrx_word' id='word_1_389' title='bbox 22 4400 80 4456; x_wconf 87' lang='lat' dir='ltr'>rium</span> <span class='ocrx_word' id='word_1_390' title='bbox 92 4406 174 4458; x_wconf 87' lang='lat' dir='ltr'>etiam</span> <span class='ocrx_word' id='word_1_391' title='bbox 188 4407 308 4460; x_wconf 80' lang='lat' dir='ltr'>defendit</span> <span class='ocrx_word' id='word_1_392' title='bbox 327 4410 438 4460; x_wconf 84' lang='lat' dir='ltr'>Schultz</span> <span class='ocrx_word' id='word_1_393' title='bbox 453 4405 573 4458; x_wconf 83' lang='lat' dir='ltr'>Stcotsw.</span> <span class='ocrx_word' id='word_1_394' title='bbox 591 4405 616 4455; x_wconf 75' lang='lat' dir='ltr'>cl.</span> <span class='ocrx_word' id='word_1_395' title='bbox 635 4405 744 4456; x_wconf 77' lang='lat' dir='ltr'>Rimer.</span> <span class='ocrx_word' id='word_1_396' title='bbox 759 4406 780 4471; x_wconf 69' lang='grc'>1.</span> <span class='ocrx_word' id='word_1_397' title='bbox 792 4410 834 4456; x_wconf 85' lang='grc'>61.</span> <span class='ocrx_word' id='word_1_398' title='bbox 849 4409 892 4456; x_wconf 72' lang='grc'>62.</span> <span class='ocrx_word' id='word_1_399' title='bbox 910 4403 1065 4456; x_wconf 82' lang='lat' dir='ltr'>Centesima</span> <span class='ocrx_word' id='word_1_400' title='bbox 1076 4406 1165 4452; x_wconf 91' lang='lat' dir='ltr'>autem</span> <span class='ocrx_word' id='word_1_401' title='bbox 1177 4416 1262 4452; x_wconf 83' lang='lat' dir='ltr'>usura</span> <span class='ocrx_word' id='word_1_402' title='bbox 1323 4435 1325 4442; x_wconf 45' lang='grc' dir='ltr'>ι</span> 
     </span>
     <span class='ocr_line' id='line_1_45' title="bbox 22 4485 1263 4558; baseline -0.001 -22"><span class='ocrx_word' id='word_1_403' title='bbox 22 4488 78 4550; x_wconf 88' lang='lat' dir='ltr'>quid</span> <span class='ocrx_word' id='word_1_404' title='bbox 94 4491 176 4544; x_wconf 83' lang='lat' dir='ltr'>luerit</span> <span class='ocrx_word' id='word_1_405' title='bbox 193 4498 222 4542; x_wconf 91' lang='lat' dir='ltr'>et</span> <span class='ocrx_word' id='word_1_406' title='bbox 241 4506 359 4558; x_wconf 90' lang='lat' dir='ltr'>quonam</span> <span class='ocrx_word' id='word_1_407' title='bbox 385 4496 507 4554; x_wconf 87' lang='lat' dir='ltr'>tempore</span> <span class='ocrx_word' id='word_1_408' title='bbox 533 4487 688 4552; x_wconf 87' lang='lat' dir='ltr'>obtinuerit,</span> <span class='ocrx_word' id='word_1_409' title='bbox 703 4487 761 4554; x_wconf 91' lang='lat' dir='ltr'>jam</span> <span class='ocrx_word' id='word_1_410' title='bbox 780 4488 814 4539; x_wconf 87' lang='lat' dir='ltr'>ab</span> <span class='ocrx_word' id='word_1_411' title='bbox 838 4487 899 4554; x_wconf 89' lang='lat' dir='ltr'>ipso</span> <span class='ocrx_word' id='word_1_412' title='bbox 918 4485 1064 4539; x_wconf 88' lang='lat' dir='ltr'>Heineccio</span> <span class='ocrx_word' id='word_1_413' title='bbox 1087 4489 1159 4536; x_wconf 87' lang='lat' dir='ltr'>recte</span> <span class='ocrx_word' id='word_1_414' title='bbox 1176 4500 1263 4550; x_wconf 83' lang='lat' dir='ltr'>expo-</span> 
     </span>
     <span class='ocr_line' id='line_1_46' title="bbox 22 4572 645 4629; baseline 0.014 -10"><span class='ocrx_word' id='word_1_415' title='bbox 22 4572 94 4628; x_wconf 84' lang='lat' dir='ltr'>situm</span> <span class='ocrx_word' id='word_1_416' title='bbox 112 4583 161 4628; x_wconf 89' lang='lat' dir='ltr'>est.</span> <span class='ocrx_word' id='word_1_417' title='bbox 186 4574 273 4629; x_wconf 77' lang='lat' dir='ltr'>Miilrl.</span> <span class='ocrx_word' id='word_1_418' title='bbox 643 4582 645 4588; x_wconf 85' lang='lat'>&#39;</span> 
     </span>
    </p>
   </div>
   <div class='ocr_carea' id='block_1_7' title="bbox 0 0 1520 5160">
    <p class='ocr_par' dir='ltr' id='par_1_8' title="bbox 0 0 1520 5160">
     <span class='ocr_line' id='line_1_47' title="bbox 0 0 1520 5160; baseline 0 0"><span class='ocrx_word' id='word_1_419' title='bbox 0 0 1520 5160; x_wconf 95' lang='lat' dir='ltr'> </span> 
     </span>
    </p>
   </div>
  </div>
 </body>
</html>
