<?xml version="1.0" encoding="UTF-8"?>
<!DOCTYPE html PUBLIC "-//W3C//DTD XHTML 1.0 Transitional//EN"
    "http://www.w3.org/TR/xhtml1/DTD/xhtml1-transitional.dtd">
<html xmlns="http://www.w3.org/1999/xhtml" xml:lang="en" lang="en">
 <head>
  <title>
</title>
<meta http-equiv="Content-Type" content="text/html;charset=utf-8" />
  <meta name='ocr-system' content='tesseract 3.04.00' />
  <meta name='ocr-capabilities' content='ocr_page ocr_carea ocr_par ocr_line ocrx_word'/>
</head>
<body>
  <div class='ocr_page' id='page_1' title='image "./jogottliebheine00haubgoog_0128.png"; bbox 0 0 3080 5154; ppageno 0'>
   <div class='ocr_carea' id='block_1_1' title="bbox 435 303 1337 400">
    <p class='ocr_par' dir='ltr' id='par_1_1' title="bbox 435 303 1337 400">
     <span class='ocr_line' id='line_1_1' title="bbox 435 303 1337 400; baseline -0.002 -26"><span class='ocrx_word' id='word_1_1' title='bbox 435 303 461 400; x_wconf 65' lang='grc' dir='ltr'><strong>ζ</strong></span> <span class='ocrx_word' id='word_1_2' title='bbox 491 307 552 374; x_wconf 77' lang='lat' dir='ltr'>lla</span> <span class='ocrx_word' id='word_1_3' title='bbox 571 307 666 376; x_wconf 78' lang='lat' dir='ltr'>June</span> <span class='ocrx_word' id='word_1_4' title='bbox 691 308 937 381; x_wconf 68' lang='lat' dir='ltr'>Passennus.</span> <span class='ocrx_word' id='word_1_5' title='bbox 968 353 973 364; x_wconf 54' lang='grc' dir='ltr'><em>ι</em></span> <span class='ocrx_word' id='word_1_6' title='bbox 1284 321 1337 390; x_wconf 68' lang='lat'>07</span> 
     </span>
    </p>
   </div>
   <div class='ocr_carea' id='block_1_2' title="bbox 78 479 1375 2828">
    <p class='ocr_par' dir='ltr' id='par_1_2' title="bbox 78 479 1375 2828">
     <span class='ocr_line' id='line_1_2' title="bbox 81 479 1338 574; baseline 0.01 -30"><span class='ocrx_word' id='word_1_7' title='bbox 81 499 135 544; x_wconf 83' lang='lat' dir='ltr'>ssu</span> <span class='ocrx_word' id='word_1_8' title='bbox 145 489 335 566; x_wconf 72' lang='lat' dir='ltr'><strong>carptores,</strong></span> <span class='ocrx_word' id='word_1_9' title='bbox 346 479 496 547; x_wconf 85' lang='lat' dir='ltr'>insularii</span> <span class='ocrx_word' id='word_1_10' title='bbox 511 481 555 562; x_wconf 86' lang='lat'>¹),</span> <span class='ocrx_word' id='word_1_11' title='bbox 575 490 611 546; x_wconf 88' lang='lat' dir='ltr'>et</span> <span class='ocrx_word' id='word_1_12' title='bbox 621 498 708 566; x_wconf 82' lang='lat' dir='ltr'>quae</span> <span class='ocrx_word' id='word_1_13' title='bbox 721 482 788 548; x_wconf 86' lang='lat' dir='ltr'>alia</span> <span class='ocrx_word' id='word_1_14' title='bbox 800 491 895 548; x_wconf 85' lang='lat' dir='ltr'>erant</span> <span class='ocrx_word' id='word_1_15' title='bbox 909 506 1078 553; x_wconf 83' lang='lat' dir='ltr'>servorum</span> <span class='ocrx_word' id='word_1_16' title='bbox 1089 489 1272 556; x_wconf 83' lang='lat' dir='ltr'>ministeria</span> <span class='ocrx_word' id='word_1_17' title='bbox 1283 494 1338 574; x_wconf 69' lang='grc' dir='ltr'>Ι),</span> 
     </span>
     <span class='ocr_line' id='line_1_3' title="bbox 83 589 1338 676; baseline 0.007 -23"><span class='ocrx_word' id='word_1_18' title='bbox 83 589 122 653; x_wconf 88' lang='lat' dir='ltr'>de</span> <span class='ocrx_word' id='word_1_19' title='bbox 140 589 265 674; x_wconf 89' lang='lat' dir='ltr'>quibus</span> <span class='ocrx_word' id='word_1_20' title='bbox 283 589 440 654; x_wconf 82' lang='lat' dir='ltr'>adcurate</span> <span class='ocrx_word' id='word_1_21' title='bbox 456 596 562 654; x_wconf 87' lang='lat' dir='ltr'>actum</span> <span class='ocrx_word' id='word_1_22' title='bbox 577 612 597 654; x_wconf 84' lang='lat' dir='ltr'>a</span> <span class='ocrx_word' id='word_1_23' title='bbox 611 590 709 656; x_wconf 81' lang='lat' dir='ltr'>Laus.</span> <span class='ocrx_word' id='word_1_24' title='bbox 722 589 884 676; x_wconf 77' lang='lat' dir='ltr'>Pignorio</span> <span class='ocrx_word' id='word_1_25' title='bbox 896 596 930 656; x_wconf 66' lang='grc' dir='ltr'>ἐκ</span> <span class='ocrx_word' id='word_1_26' title='bbox 947 596 1025 656; x_wconf 67' lang='lat' dir='ltr'>blm</span> <span class='ocrx_word' id='word_1_27' title='bbox 1039 596 1080 658; x_wconf 82' lang='lat' dir='ltr'>dc</span> <span class='ocrx_word' id='word_1_28' title='bbox 1098 603 1199 662; x_wconf 73' lang='lat' dir='ltr'>aereas</span> <span class='ocrx_word' id='word_1_29' title='bbox 1214 615 1338 662; x_wconf 67' lang='lat' dir='ltr'>corun·</span> 
     </span>
     <span class='ocr_line' id='line_1_4' title="bbox 82 697 1339 786; baseline 0.009 -29"><span class='ocrx_word' id='word_1_30' title='bbox 82 697 237 778; x_wconf 77' lang='lat' dir='ltr'>qsecpud</span> <span class='ocrx_word' id='word_1_31' title='bbox 250 705 372 760; x_wconf 79' lang='lat' dir='ltr'>vetem</span> <span class='ocrx_word' id='word_1_32' title='bbox 383 699 571 770; x_wconf 57' lang='lat' dir='ltr'>amomo,</span> <span class='ocrx_word' id='word_1_33' title='bbox 585 704 620 761; x_wconf 87' lang='lat' dir='ltr'>et</span> <span class='ocrx_word' id='word_1_34' title='bbox 637 697 718 764; x_wconf 85' lang='lat' dir='ltr'>Tito</span> <span class='ocrx_word' id='word_1_35' title='bbox 735 699 864 782; x_wconf 88' lang='lat' dir='ltr'>Popma</span> <span class='ocrx_word' id='word_1_36' title='bbox 877 699 911 764; x_wconf 91' lang='lat' dir='ltr'>in</span> <span class='ocrx_word' id='word_1_37' title='bbox 926 699 1085 766; x_wconf 83' lang='lat' dir='ltr'>Tractatu</span> <span class='ocrx_word' id='word_1_38' title='bbox 1098 702 1141 767; x_wconf 88' lang='lat' dir='ltr'>de</span> <span class='ocrx_word' id='word_1_39' title='bbox 1159 707 1339 786; x_wconf 74' lang='lat' dir='ltr'>opcrbser·</span> 
     </span>
     <span class='ocr_line' id='line_1_5' title="bbox 81 791 1375 890; baseline 0.006 -24"><span class='ocrx_word' id='word_1_40' title='bbox 81 823 198 884; x_wconf 78' lang='lat' dir='ltr'>aomm,</span> <span class='ocrx_word' id='word_1_41' title='bbox 224 803 430 889; x_wconf 88' lang='lat' dir='ltr'>conjunctim</span> <span class='ocrx_word' id='word_1_42' title='bbox 453 803 554 868; x_wconf 89' lang='lat' dir='ltr'>editis</span> <span class='ocrx_word' id='word_1_43' title='bbox 578 808 751 870; x_wconf 79' lang='lat' dir='ltr'>Amstelod.</span> <span class='ocrx_word' id='word_1_44' title='bbox 775 805 935 870; x_wconf 75' lang='lat'>167212.</span> <span class='ocrx_word' id='word_1_45' title='bbox 962 807 1111 890; x_wconf 74' lang='lat' dir='ltr'>Ratione</span> <span class='ocrx_word' id='word_1_46' title='bbox 1131 810 1338 876; x_wconf 81' lang='lat' dir='ltr'>dominorum</span> <span class='ocrx_word' id='word_1_47' title='bbox 1372 791 1375 796; x_wconf 24' lang='grc' dir='ltr'>Ι</span> 
     </span>
     <span class='ocr_line' id='line_1_6' title="bbox 78 910 1339 1002; baseline 0.008 -29"><span class='ocrx_word' id='word_1_48' title='bbox 78 915 198 992; x_wconf 60' lang='lat' dir='ltr'>photi</span> <span class='ocrx_word' id='word_1_49' title='bbox 211 911 274 975; x_wconf 86' lang='lat' dir='ltr'>alii</span> <span class='ocrx_word' id='word_1_50' title='bbox 286 919 391 994; x_wconf 81' lang='lat' dir='ltr'>erant,</span> <span class='ocrx_word' id='word_1_51' title='bbox 408 910 467 974; x_wconf 85' lang='lat' dir='ltr'>alii</span> <span class='ocrx_word' id='word_1_52' title='bbox 476 914 598 994; x_wconf 64' lang='lat' dir='ltr'>pullati</span> <span class='ocrx_word' id='word_1_53' title='bbox 608 917 654 998; x_wconf 73' lang='lat'>¹¹).</span> <span class='ocrx_word' id='word_1_54' title='bbox 675 912 882 998; x_wconf 82' lang='lat' dir='ltr'>Illiprivatis</span> <span class='ocrx_word' id='word_1_55' title='bbox 895 916 1095 998; x_wconf 77' lang='lat' dir='ltr'><strong>serviebant,</strong></span> <span class='ocrx_word' id='word_1_56' title='bbox 1108 917 1142 980; x_wconf 91' lang='lat' dir='ltr'>bi</span> <span class='ocrx_word' id='word_1_57' title='bbox 1154 917 1196 982; x_wconf 85' lang='lat' dir='ltr'>sd</span> <span class='ocrx_word' id='word_1_58' title='bbox 1204 917 1339 1002; x_wconf 81' lang='lat' dir='ltr'>publica</span> 
     </span>
     <span class='ocr_line' id='line_1_7' title="bbox 84 1018 1339 1110; baseline 0.006 -28"><span class='ocrx_word' id='word_1_59' title='bbox 84 1018 329 1082; x_wconf 82' lang='lat' dir='ltr'>adhibebantur</span> <span class='ocrx_word' id='word_1_60' title='bbox 351 1018 536 1083; x_wconf 69' lang='lat' dir='ltr'>ministeria</span> <span class='ocrx_word' id='word_1_61' title='bbox 566 1027 601 1086; x_wconf 85' lang='lat' dir='ltr'>ct</span> <span class='ocrx_word' id='word_1_62' title='bbox 627 1021 832 1107; x_wconf 86' lang='lat' dir='ltr'>potissimum</span> <span class='ocrx_word' id='word_1_63' title='bbox 856 1023 1098 1106; x_wconf 77' lang='lat' dir='ltr'>magistratibus</span> <span class='ocrx_word' id='word_1_64' title='bbox 1124 1025 1339 1110; x_wconf 65' lang='lat' dir='ltr'>adpetebant«</span> 
     </span>
     <span class='ocr_line' id='line_1_8' title="bbox 82 1125 1338 1217; baseline 0.007 -28"><span class='ocrx_word' id='word_1_65' title='bbox 82 1125 216 1189; x_wconf 87' lang='lat' dir='ltr'>Publici</span> <span class='ocrx_word' id='word_1_66' title='bbox 242 1125 297 1189; x_wconf 87' lang='lat' dir='ltr'>vel</span> <span class='ocrx_word' id='word_1_67' title='bbox 316 1125 356 1188; x_wconf 89' lang='lat' dir='ltr'>in</span> <span class='ocrx_word' id='word_1_68' title='bbox 382 1145 524 1209; x_wconf 89' lang='lat' dir='ltr'>poenam</span> <span class='ocrx_word' id='word_1_69' title='bbox 551 1127 750 1211; x_wconf 83' lang='lat' dir='ltr'><strong>serviebant,</strong></span> <span class='ocrx_word' id='word_1_70' title='bbox 770 1127 826 1191; x_wconf 87' lang='lat' dir='ltr'>vel</span> <span class='ocrx_word' id='word_1_71' title='bbox 849 1137 884 1193; x_wconf 94' lang='lat' dir='ltr'>ut</span> <span class='ocrx_word' id='word_1_72' title='bbox 908 1130 1031 1214; x_wconf 84' lang='lat' dir='ltr'>captivi</span> <span class='ocrx_word' id='word_1_73' title='bbox 1051 1132 1338 1217; x_wconf 80' lang='lat' dir='ltr'>redigebanturin</span> 
     </span>
     <span class='ocr_line' id='line_1_9' title="bbox 83 1233 1339 1324; baseline 0.006 -28"><span class='ocrx_word' id='word_1_74' title='bbox 83 1235 287 1298; x_wconf 87' lang='lat' dir='ltr'>servitutem.</span> <span class='ocrx_word' id='word_1_75' title='bbox 308 1233 407 1298; x_wconf 81' lang='lat' dir='ltr'>Prior</span> <span class='ocrx_word' id='word_1_76' title='bbox 423 1255 493 1296; x_wconf 89' lang='lat' dir='ltr'>mos</span> <span class='ocrx_word' id='word_1_77' title='bbox 512 1255 579 1298; x_wconf 92' lang='lat' dir='ltr'>nou</span> <span class='ocrx_word' id='word_1_78' title='bbox 595 1243 687 1298; x_wconf 84' lang='lat' dir='ltr'>caret</span> <span class='ocrx_word' id='word_1_79' title='bbox 703 1235 876 1320; x_wconf 84' lang='lat' dir='ltr'>exemplis,</span> <span class='ocrx_word' id='word_1_80' title='bbox 893 1236 1040 1321; x_wconf 86' lang='lat' dir='ltr'>quamvis</span> <span class='ocrx_word' id='word_1_81' title='bbox 1057 1239 1162 1304; x_wconf 87' lang='lat' dir='ltr'>minus</span> <span class='ocrx_word' id='word_1_82' title='bbox 1177 1241 1339 1324; x_wconf 84' lang='lat' dir='ltr'>probare-</span> 
     </span>
     <span class='ocr_line' id='line_1_10' title="bbox 82 1340 1339 1434; baseline 0.005 -29"><span class='ocrx_word' id='word_1_83' title='bbox 82 1351 132 1406; x_wconf 86' lang='lat' dir='ltr'>tur</span> <span class='ocrx_word' id='word_1_84' title='bbox 148 1365 169 1404; x_wconf 89' lang='lat' dir='ltr'>a</span> <span class='ocrx_word' id='word_1_85' title='bbox 184 1343 272 1405; x_wconf 83' lang='lat' dir='ltr'>recti</span> <span class='ocrx_word' id='word_1_86' title='bbox 289 1340 434 1425; x_wconf 87' lang='lat' dir='ltr'>exempli</span> <span class='ocrx_word' id='word_1_87' title='bbox 449 1341 539 1404; x_wconf 82' lang='lat' dir='ltr'>viris.</span> <span class='ocrx_word' id='word_1_88' title='bbox 553 1341 632 1406; x_wconf 87' lang='lat' dir='ltr'>vid.</span> <span class='ocrx_word' id='word_1_89' title='bbox 645 1341 735 1408; x_wconf 88' lang='lat' dir='ltr'>Plin.</span> <span class='ocrx_word' id='word_1_90' title='bbox 750 1345 851 1428; x_wconf 70' lang='lat' dir='ltr'>Epist.</span> <span class='ocrx_word' id='word_1_91' title='bbox 866 1345 907 1406; x_wconf 85' lang='lat' dir='ltr'>X.</span> <span class='ocrx_word' id='word_1_92' title='bbox 919 1343 970 1408; x_wconf 86' lang='grc'><strong>40.</strong></span> <span class='ocrx_word' id='word_1_93' title='bbox 980 1345 1032 1406; x_wconf 85' lang='grc'><strong>41.</strong></span> <span class='ocrx_word' id='word_1_94' title='bbox 1054 1347 1246 1410; x_wconf 81' lang='lat' dir='ltr'>Posteriore</span> <span class='ocrx_word' id='word_1_95' title='bbox 1259 1368 1339 1434; x_wconf 81' lang='lat' dir='ltr'>cou-</span> 
     </span>
     <span class='ocr_line' id='line_1_11' title="bbox 84 1447 1339 1536; baseline 0.005 -24"><span class='ocrx_word' id='word_1_96' title='bbox 84 1448 259 1513; x_wconf 86' lang='lat' dir='ltr'>suetudine</span> <span class='ocrx_word' id='word_1_97' title='bbox 272 1448 357 1511; x_wconf 87' lang='lat' dir='ltr'>nihil</span> <span class='ocrx_word' id='word_1_98' title='bbox 377 1456 426 1511; x_wconf 90' lang='lat' dir='ltr'>est</span> <span class='ocrx_word' id='word_1_99' title='bbox 441 1447 657 1533; x_wconf 84' lang='lat' dir='ltr'>frequentius.</span> <span class='ocrx_word' id='word_1_100' title='bbox 679 1451 724 1512; x_wconf 89' lang='lat' dir='ltr'>Et</span> <span class='ocrx_word' id='word_1_101' title='bbox 737 1450 771 1512; x_wconf 95' lang='lat' dir='ltr'>hi</span> <span class='ocrx_word' id='word_1_102' title='bbox 787 1451 920 1534; x_wconf 88' lang='lat' dir='ltr'>captivi,</span> <span class='ocrx_word' id='word_1_103' title='bbox 940 1452 1067 1517; x_wconf 88' lang='lat' dir='ltr'>redacti</span> <span class='ocrx_word' id='word_1_104' title='bbox 1086 1455 1124 1518; x_wconf 87' lang='lat' dir='ltr'>in·</span> <span class='ocrx_word' id='word_1_105' title='bbox 1135 1455 1339 1536; x_wconf 87' lang='lat' dir='ltr'>servitutem,</span> 
     </span>
     <span class='ocr_line' id='line_1_12' title="bbox 84 1555 1340 1644; baseline 0.005 -25"><span class='ocrx_word' id='word_1_106' title='bbox 84 1558 217 1620; x_wconf 90' lang='lat' dir='ltr'>nomina</span> <span class='ocrx_word' id='word_1_107' title='bbox 231 1555 428 1640; x_wconf 83' lang='lat' dir='ltr'>plerumque</span> <span class='ocrx_word' id='word_1_108' title='bbox 447 1556 655 1640; x_wconf 83' lang='lat' dir='ltr'>accipiebant</span> <span class='ocrx_word' id='word_1_109' title='bbox 669 1555 725 1620; x_wconf 92' lang='lat' dir='ltr'>vel</span> <span class='ocrx_word' id='word_1_110' title='bbox 739 1579 759 1619; x_wconf 88' lang='lat' dir='ltr'>a</span> <span class='ocrx_word' id='word_1_111' title='bbox 777 1558 967 1642; x_wconf 81' lang='lat' dir='ltr'>provinciis,</span> <span class='ocrx_word' id='word_1_112' title='bbox 990 1568 1026 1623; x_wconf 91' lang='lat' dir='ltr'>ut</span> <span class='ocrx_word' id='word_1_113' title='bbox 1048 1563 1208 1636; x_wconf 78' lang='lat' dir='ltr'>Brutsbm‘,</span> <span class='ocrx_word' id='word_1_114' title='bbox 1223 1563 1340 1644; x_wconf 53' lang='lat' dir='ltr'>Cyprii,</span> 
     </span>
     <span class='ocr_line' id='line_1_13' title="bbox 84 1662 1340 1750; baseline 0.003 -22"><span class='ocrx_word' id='word_1_115' title='bbox 84 1665 134 1729; x_wconf 85' lang='lat' dir='ltr'>vel</span> <span class='ocrx_word' id='word_1_116' title='bbox 158 1689 180 1728; x_wconf 88' lang='lat' dir='ltr'>a</span> <span class='ocrx_word' id='word_1_117' title='bbox 199 1662 393 1742; x_wconf 84' lang='lat' dir='ltr'>victoribus,</span> <span class='ocrx_word' id='word_1_118' title='bbox 424 1683 443 1726; x_wconf 89' lang='lat' dir='ltr'>a</span> <span class='ocrx_word' id='word_1_119' title='bbox 467 1663 585 1750; x_wconf 89' lang='lat' dir='ltr'>quibus</span> <span class='ocrx_word' id='word_1_120' title='bbox 608 1665 642 1726; x_wconf 93' lang='lat' dir='ltr'>in</span> <span class='ocrx_word' id='word_1_121' title='bbox 663 1665 735 1728; x_wconf 85' lang='lat' dir='ltr'>acie</span> <span class='ocrx_word' id='word_1_122' title='bbox 755 1667 855 1749; x_wconf 86' lang='lat' dir='ltr'>capti,</span> <span class='ocrx_word' id='word_1_123' title='bbox 883 1666 988 1730; x_wconf 90' lang='lat' dir='ltr'>veluti</span> <span class='ocrx_word' id='word_1_124' title='bbox 1009 1667 1154 1742; x_wconf 76' lang='lat' dir='ltr'>Gellsbm&#39;,</span> <span class='ocrx_word' id='word_1_125' title='bbox 1181 1669 1340 1732; x_wconf 75' lang='lat' dir='ltr'>Glodshns&#39;s</span> 
     </span>
     <span class='ocr_line' id='line_1_14' title="bbox 84 1769 1340 1856; baseline 0.003 -20"><span class='ocrx_word' id='word_1_126' title='bbox 84 1773 171 1856; x_wconf 88' lang='lat' dir='ltr'>Lips.</span> <span class='ocrx_word' id='word_1_127' title='bbox 188 1773 291 1834; x_wconf 83' lang='lat' dir='ltr'>Elect.</span> <span class='ocrx_word' id='word_1_128' title='bbox 309 1769 399 1832; x_wconf 69' lang='lat' dir='ltr'>cle.</span> <span class='ocrx_word' id='word_1_129' title='bbox 425 1778 460 1837; x_wconf 86' lang='lat' dir='ltr'>et</span> <span class='ocrx_word' id='word_1_130' title='bbox 477 1772 592 1833; x_wconf 82' lang='lat' dir='ltr'>Adnot.</span> <span class='ocrx_word' id='word_1_131' title='bbox 618 1773 662 1833; x_wconf 82' lang='lat' dir='ltr'>ad</span> <span class='ocrx_word' id='word_1_132' title='bbox 677 1771 784 1838; x_wconf 82' lang='lat' dir='ltr'>Tacit.</span> <span class='ocrx_word' id='word_1_133' title='bbox 811 1775 929 1835; x_wconf 83' lang='lat' dir='ltr'>Annal.</span> <span class='ocrx_word' id='word_1_134' title='bbox 941 1774 985 1836; x_wconf 88' lang='lat' dir='ltr'>II.</span> <span class='ocrx_word' id='word_1_135' title='bbox 1010 1796 1045 1856; x_wconf 89' lang='lat' dir='ltr'>p.</span> <span class='ocrx_word' id='word_1_136' title='bbox 1065 1773 1117 1838; x_wconf 78' lang='grc'><strong>95.</strong></span> <span class='ocrx_word' id='word_1_137' title='bbox 1140 1777 1264 1843; x_wconf 80' lang='lat' dir='ltr'>Eorum</span> <span class='ocrx_word' id='word_1_138' title='bbox 1282 1775 1340 1841; x_wconf 90' lang='lat' dir='ltr'>alii</span> 
     </span>
     <span class='ocr_line' id='line_1_15' title="bbox 84 1877 1340 1970; baseline 0.005 -28"><span class='ocrx_word' id='word_1_139' title='bbox 84 1886 175 1942; x_wconf 88' lang='lat' dir='ltr'>cmnt</span> <span class='ocrx_word' id='word_1_140' title='bbox 191 1877 408 1960; x_wconf 80' lang='lat' dir='ltr'>tabelliones,</span> <span class='ocrx_word' id='word_1_141' title='bbox 420 1877 479 1940; x_wconf 90' lang='lat' dir='ltr'>alii</span> <span class='ocrx_word' id='word_1_142' title='bbox 500 1887 639 1954; x_wconf 79' lang='lat' dir='ltr'>actores,</span> <span class='ocrx_word' id='word_1_143' title='bbox 656 1878 714 1942; x_wconf 88' lang='lat' dir='ltr'>alii</span> <span class='ocrx_word' id='word_1_144' title='bbox 730 1879 851 1944; x_wconf 84' lang='lat' dir='ltr'>notarii</span> <span class='ocrx_word' id='word_1_145' title='bbox 870 1879 987 1964; x_wconf 92' lang='lat' dir='ltr'>populi</span> <span class='ocrx_word' id='word_1_146' title='bbox 1000 1881 1154 1946; x_wconf 89' lang='lat' dir='ltr'>Romani.</span> <span class='ocrx_word' id='word_1_147' title='bbox 1176 1885 1223 1948; x_wconf 90' lang='lat' dir='ltr'>Et</span> <span class='ocrx_word' id='word_1_148' title='bbox 1234 1883 1340 1970; x_wconf 79' lang='lat' dir='ltr'>longe</span> 
     </span>
     <span class='ocr_line' id='line_1_16' title="bbox 83 1985 1340 2078; baseline 0.003 -26"><span class='ocrx_word' id='word_1_149' title='bbox 83 1985 294 2052; x_wconf 82' lang='lat' dir='ltr'>tolerabilior</span> <span class='ocrx_word' id='word_1_150' title='bbox 314 1994 387 2050; x_wconf 89' lang='lat' dir='ltr'>erat</span> <span class='ocrx_word' id='word_1_151' title='bbox 402 2008 526 2068; x_wconf 82' lang='lat' dir='ltr'>eorum,</span> <span class='ocrx_word' id='word_1_152' title='bbox 538 2007 636 2070; x_wconf 87' lang='lat' dir='ltr'>quam</span> <span class='ocrx_word' id='word_1_153' title='bbox 648 1986 849 2071; x_wconf 88' lang='lat' dir='ltr'>privatorum</span> <span class='ocrx_word' id='word_1_154' title='bbox 865 2008 1045 2074; x_wconf 77' lang='lat' dir='ltr'>servorum,</span> <span class='ocrx_word' id='word_1_155' title='bbox 1063 1989 1224 2074; x_wconf 88' lang='lat' dir='ltr'>conditio,</span> <span class='ocrx_word' id='word_1_156' title='bbox 1238 1991 1340 2078; x_wconf 65' lang='lat' dir='ltr'>siqui⁴</span> 
     </span>
     <span class='ocr_line' id='line_1_17' title="bbox 84 2094 1340 2181; baseline 0.006 -23"><span class='ocrx_word' id='word_1_157' title='bbox 84 2095 156 2159; x_wconf 92' lang='lat' dir='ltr'>dem</span> <span class='ocrx_word' id='word_1_158' title='bbox 188 2103 225 2158; x_wconf 91' lang='lat' dir='ltr'>et</span> <span class='ocrx_word' id='word_1_159' title='bbox 250 2101 329 2158; x_wconf 81' lang='lat' dir='ltr'>ante</span> <span class='ocrx_word' id='word_1_160' title='bbox 361 2094 646 2158; x_wconf 85' lang='lat' dir='ltr'>manumissionem</span> <span class='ocrx_word' id='word_1_161' title='bbox 663 2095 742 2179; x_wconf 88' lang='lat' dir='ltr'>jure</span> <span class='ocrx_word' id='word_1_162' title='bbox 778 2095 969 2180; x_wconf 85' lang='lat' dir='ltr'>gaudebant</span> <span class='ocrx_word' id='word_1_163' title='bbox 993 2117 1054 2180; x_wconf 83' lang='lat' dir='ltr'>pro</span> <span class='ocrx_word' id='word_1_164' title='bbox 1083 2105 1179 2181; x_wconf 84' lang='lat' dir='ltr'>parte</span> <span class='ocrx_word' id='word_1_165' title='bbox 1202 2099 1340 2166; x_wconf 82' lang='lat' dir='ltr'>dimidia</span> 
     </span>
     <span class='ocr_line' id='line_1_18' title="bbox 83 2200 1342 2288; baseline 0.003 -21"><span class='ocrx_word' id='word_1_166' title='bbox 83 2209 315 2267; x_wconf 87' lang='lat' dir='ltr'>testamentum</span> <span class='ocrx_word' id='word_1_167' title='bbox 332 2201 494 2266; x_wconf 87' lang='lat' dir='ltr'>faciendi:</span> <span class='ocrx_word' id='word_1_168' title='bbox 511 2200 646 2284; x_wconf 89' lang='lat' dir='ltr'>Ulpian.</span> <span class='ocrx_word' id='word_1_169' title='bbox 665 2203 796 2283; x_wconf 71' lang='lat' dir='ltr'>Ihagm.</span> <span class='ocrx_word' id='word_1_170' title='bbox 812 2201 885 2264; x_wconf 84' lang='lat' dir='ltr'>XX.</span> <span class='ocrx_word' id='word_1_171' title='bbox 899 2202 950 2266; x_wconf 90' lang='grc'>16.</span> <span class='ocrx_word' id='word_1_172' title='bbox 965 2202 1004 2265; x_wconf 92' lang='grc' dir='ltr'>Ρ.</span> <span class='ocrx_word' id='word_1_173' title='bbox 1016 2203 1176 2267; x_wconf 87' lang='lat' dir='ltr'>Pithoeus</span> <span class='ocrx_word' id='word_1_174' title='bbox 1190 2208 1342 2288; x_wconf 71' lang='lat' dir='ltr'>Sebelaci</span> 
     </span>
     <span class='ocr_line' id='line_1_19' title="bbox 85 2307 1340 2395; baseline 0.003 -23"><span class='ocrx_word' id='word_1_175' title='bbox 85 2313 194 2373; x_wconf 77' lang='lat' dir='ltr'>Callai.</span> <span class='ocrx_word' id='word_1_176' title='bbox 208 2310 375 2392; x_wconf 84' lang='lat' dir='ltr'>Leg.Mos.</span> <span class='ocrx_word' id='word_1_177' title='bbox 386 2319 419 2371; x_wconf 85' lang='lat' dir='ltr'>et</span> <span class='ocrx_word' id='word_1_178' title='bbox 431 2310 520 2370; x_wconf 81' lang='lat' dir='ltr'>Rom.</span> <span class='ocrx_word' id='word_1_179' title='bbox 536 2309 571 2369; x_wconf 81' lang='lat' dir='ltr'>V.</span> <span class='ocrx_word' id='word_1_180' title='bbox 586 2307 617 2369; x_wconf 80' lang='lat'>2.</span> <span class='ocrx_word' id='word_1_181' title='bbox 628 2329 661 2390; x_wconf 87' lang='lat' dir='ltr'>p.</span> <span class='ocrx_word' id='word_1_182' title='bbox 678 2307 751 2370; x_wconf 77' lang='lat'><strong>752.</strong></span> <span class='ocrx_word' id='word_1_183' title='bbox 768 2307 848 2372; x_wconf 88' lang='lat' dir='ltr'>edit.</span> <span class='ocrx_word' id='word_1_184' title='bbox 859 2309 938 2371; x_wconf 82' lang='lat' dir='ltr'>Ant.</span> <span class='ocrx_word' id='word_1_185' title='bbox 954 2309 1137 2395; x_wconf 83' lang='lat' dir='ltr'>Schulting.</span> <span class='ocrx_word' id='word_1_186' title='bbox 1157 2312 1340 2378; x_wconf 84' lang='lat' dir='ltr'>Praeterea</span> 
     </span>
     <span class='ocr_line' id='line_1_20' title="bbox 84 2414 1338 2503; baseline 0.002 -22"><span class='ocrx_word' id='word_1_187' title='bbox 84 2417 140 2481; x_wconf 90' lang='lat' dir='ltr'>alii</span> <span class='ocrx_word' id='word_1_188' title='bbox 160 2424 255 2482; x_wconf 85' lang='lat' dir='ltr'>erant</span> <span class='ocrx_word' id='word_1_189' title='bbox 273 2415 360 2480; x_wconf 86' lang='lat' dir='ltr'>servi</span> <span class='ocrx_word' id='word_1_190' title='bbox 376 2416 510 2500; x_wconf 87' lang='lat' dir='ltr'>proprie</span> <span class='ocrx_word' id='word_1_191' title='bbox 525 2416 571 2479; x_wconf 88' lang='lat' dir='ltr'>ita</span> <span class='ocrx_word' id='word_1_192' title='bbox 588 2414 682 2498; x_wconf 83' lang='lat' dir='ltr'>dicti,</span> <span class='ocrx_word' id='word_1_193' title='bbox 704 2415 762 2478; x_wconf 89' lang='lat' dir='ltr'>alii</span> <span class='ocrx_word' id='word_1_194' title='bbox 780 2424 867 2480; x_wconf 86' lang='lat' dir='ltr'>statu</span> <span class='ocrx_word' id='word_1_195' title='bbox 882 2415 1066 2503; x_wconf 84' lang='lat' dir='ltr'>liberi,·qui</span> <span class='ocrx_word' id='word_1_196' title='bbox 1088 2417 1287 2484; x_wconf 88' lang='lat' dir='ltr'>destinatam</span> <span class='ocrx_word' id='word_1_197' title='bbox 1303 2420 1338 2484; x_wconf 88' lang='lat' dir='ltr'>iu</span> 
     </span>
     <span class='ocr_line' id='line_1_21' title="bbox 83 2515 1339 2609; baseline 0.002 -19"><span class='ocrx_word' id='word_1_198' title='bbox 83 2535 149 2590; x_wconf 89' lang='lat' dir='ltr'>tem</span> <span class='ocrx_word' id='word_1_199' title='bbox 154 2545 213 2609; x_wconf 86' lang='lat' dir='ltr'>pus</span> <span class='ocrx_word' id='word_1_200' title='bbox 225 2523 283 2589; x_wconf 87' lang='lat' dir='ltr'>vel</span> <span class='ocrx_word' id='word_1_201' title='bbox 295 2515 522 2588; x_wconf 87' lang='lat' dir='ltr'>conditionem</span> <span class='ocrx_word' id='word_1_202' title='bbox 533 2524 703 2588; x_wconf 91' lang='lat' dir='ltr'>habebant</span> <span class='ocrx_word' id='word_1_203' title='bbox 714 2523 919 2589; x_wconf 84' lang='lat' dir='ltr'>libertatem:</span> <span class='ocrx_word' id='word_1_204' title='bbox 934 2526 971 2588; x_wconf 75' lang='lat' dir='ltr'>I.</span> <span class='ocrx_word' id='word_1_205' title='bbox 983 2525 1063 2589; x_wconf 84' lang='grc'><strong>1.1).</strong></span> <span class='ocrx_word' id='word_1_206' title='bbox 1078 2529 1118 2590; x_wconf 86' lang='lat' dir='ltr'>de</span> <span class='ocrx_word' id='word_1_207' title='bbox 1128 2527 1339 2592; x_wconf 79' lang='lat' dir='ltr'>Statuls&#39;bsrs‘s.</span> 
     </span>
     <span class='ocr_line' id='line_1_22' title="bbox 85 2631 1339 2724; baseline 0.002 -26"><span class='ocrx_word' id='word_1_208' title='bbox 85 2635 172 2698; x_wconf 90' lang='lat' dir='ltr'>Sane</span> <span class='ocrx_word' id='word_1_209' title='bbox 183 2641 220 2696; x_wconf 91' lang='lat' dir='ltr'>et</span> <span class='ocrx_word' id='word_1_210' title='bbox 235 2633 273 2696; x_wconf 92' lang='lat' dir='ltr'>bi</span> <span class='ocrx_word' id='word_1_211' title='bbox 288 2633 375 2696; x_wconf 86' lang='lat' dir='ltr'>servi</span> <span class='ocrx_word' id='word_1_212' title='bbox 389 2632 512 2724; x_wconf 80' lang='lat' dir='ltr'>diserte</span> <span class='ocrx_word' id='word_1_213' title='bbox 527 2632 695 2696; x_wconf 72' lang='lat' dir='ltr'>dicuntum</span> <span class='ocrx_word' id='word_1_214' title='bbox 709 2633 747 2694; x_wconf 81' lang='lat' dir='ltr'>L.</span> <span class='ocrx_word' id='word_1_215' title='bbox 760 2633 790 2696; x_wconf 88' lang='grc'>9.</span> <span class='ocrx_word' id='word_1_216' title='bbox 801 2655 854 2716; x_wconf 85' lang='lat' dir='ltr'>pr.</span> <span class='ocrx_word' id='word_1_217' title='bbox 870 2639 905 2697; x_wconf 87' lang='lat' dir='ltr'>ct</span> <span class='ocrx_word' id='word_1_218' title='bbox 918 2633 956 2696; x_wconf 75' lang='lat' dir='ltr'>J..</span> <span class='ocrx_word' id='word_1_219' title='bbox 968 2631 1020 2696; x_wconf 80' lang='lat'>29.</span> <span class='ocrx_word' id='word_1_220' title='bbox 1025 2656 1078 2718; x_wconf 88' lang='lat' dir='ltr'>pr.</span> <span class='ocrx_word' id='word_1_221' title='bbox 1091 2638 1134 2698; x_wconf 87' lang='lat' dir='ltr'>D.</span> <span class='ocrx_word' id='word_1_222' title='bbox 1143 2637 1182 2699; x_wconf 85' lang='lat' dir='ltr'>de</span> <span class='ocrx_word' id='word_1_223' title='bbox 1193 2635 1339 2700; x_wconf 63' lang='lat' dir='ltr'>statum</span> 
     </span>
     <span class='ocr_line' id='line_1_23' title="bbox 87 2737 1340 2828; baseline 0.004 -25"><span class='ocrx_word' id='word_1_224' title='bbox 87 2742 123 2803; x_wconf 82' lang='lat' dir='ltr'>L.</span> <span class='ocrx_word' id='word_1_225' title='bbox 132 2741 179 2802; x_wconf 78' lang='lat'>12</span> <span class='ocrx_word' id='word_1_226' title='bbox 194 2742 225 2824; x_wconf 64' lang='grc' dir='ltr'><strong>ς.</strong></span> <span class='ocrx_word' id='word_1_227' title='bbox 236 2743 293 2803; x_wconf 85' lang='lat' dir='ltr'>ult.</span> <span class='ocrx_word' id='word_1_228' title='bbox 311 2741 353 2805; x_wconf 86' lang='lat' dir='ltr'>D.</span> <span class='ocrx_word' id='word_1_229' title='bbox 375 2739 490 2804; x_wconf 76' lang='lat' dir='ltr'>chus&#39;l.</span> <span class='ocrx_word' id='word_1_230' title='bbox 503 2744 609 2804; x_wconf 65' lang='lat' dir='ltr'>mesic.</span> <span class='ocrx_word' id='word_1_231' title='bbox 623 2744 667 2821; x_wconf 87' lang='lat'>⁰).</span> <span class='ocrx_word' id='word_1_232' title='bbox 683 2737 754 2804; x_wconf 86' lang='lat' dir='ltr'>Alii</span> <span class='ocrx_word' id='word_1_233' title='bbox 770 2739 916 2825; x_wconf 87' lang='lat' dir='ltr'>denique</span> <span class='ocrx_word' id='word_1_234' title='bbox 929 2740 1138 2826; x_wconf 83' lang='lat' dir='ltr'>adscriptitii,</span> <span class='ocrx_word' id='word_1_235' title='bbox 1153 2742 1208 2808; x_wconf 86' lang='lat' dir='ltr'>vel</span> <span class='ocrx_word' id='word_1_236' title='bbox 1217 2743 1340 2828; x_wconf 79' lang='lat' dir='ltr'>glebae</span> 
     </span>
    </p>
   </div>
   <div class='ocr_carea' id='block_1_3' title="bbox 82 3033 1455 4544">
    <p class='ocr_par' dir='ltr' id='par_1_3' title="bbox 82 3033 1345 3699">
     <span class='ocr_line' id='line_1_24' title="bbox 157 3033 1342 3104; baseline 0.003 -15"><span class='ocrx_word' id='word_1_237' title='bbox 157 3037 182 3104; x_wconf 89' lang='lat' dir='ltr'>l)</span> <span class='ocrx_word' id='word_1_238' title='bbox 203 3037 241 3088; x_wconf 88' lang='lat' dir='ltr'>Et</span> <span class='ocrx_word' id='word_1_239' title='bbox 257 3037 354 3088; x_wconf 88' lang='lat' dir='ltr'>horum</span> <span class='ocrx_word' id='word_1_240' title='bbox 372 3033 495 3101; x_wconf 82' lang='lat' dir='ltr'>prolecto</span> <span class='ocrx_word' id='word_1_241' title='bbox 518 3033 702 3088; x_wconf 85' lang='lat' dir='ltr'>diversissima</span> <span class='ocrx_word' id='word_1_242' title='bbox 719 3041 778 3088; x_wconf 83' lang='lat' dir='ltr'>erat</span> <span class='ocrx_word' id='word_1_243' title='bbox 794 3034 823 3088; x_wconf 85' lang='lat' dir='ltr'>in</span> <span class='ocrx_word' id='word_1_244' title='bbox 848 3035 930 3087; x_wconf 90' lang='lat' dir='ltr'>domo</span> <span class='ocrx_word' id='word_1_245' title='bbox 953 3033 1084 3089; x_wconf 90' lang='lat' dir='ltr'>conditio.</span> <span class='ocrx_word' id='word_1_246' title='bbox 1110 3035 1182 3090; x_wconf 90' lang='lat' dir='ltr'>Nam</span> <span class='ocrx_word' id='word_1_247' title='bbox 1200 3052 1342 3092; x_wconf 83' lang='lat' dir='ltr'>servorum</span> 
     </span>
     <span class='ocr_line' id='line_1_25' title="bbox 82 3115 1343 3190; baseline 0.003 -18"><span class='ocrx_word' id='word_1_248' title='bbox 82 3118 196 3190; x_wconf 84' lang='lat' dir='ltr'>quidam</span> <span class='ocrx_word' id='word_1_249' title='bbox 217 3119 318 3172; x_wconf 89' lang='lat' dir='ltr'>lautius</span> <span class='ocrx_word' id='word_1_250' title='bbox 340 3119 510 3172; x_wconf 84' lang='lat' dir='ltr'>habebantur</span> <span class='ocrx_word' id='word_1_251' title='bbox 527 3119 556 3172; x_wconf 93' lang='lat' dir='ltr'>in</span> <span class='ocrx_word' id='word_1_252' title='bbox 574 3118 694 3175; x_wconf 81' lang='lat' dir='ltr'>familia:</span> <span class='ocrx_word' id='word_1_253' title='bbox 713 3119 760 3174; x_wconf 87' lang='lat' dir='ltr'>alii</span> <span class='ocrx_word' id='word_1_254' title='bbox 779 3127 874 3174; x_wconf 84' lang='lat' dir='ltr'>contra</span> <span class='ocrx_word' id='word_1_255' title='bbox 892 3115 982 3172; x_wconf 83' lang='lat' dir='ltr'>nervis</span> <span class='ocrx_word' id='word_1_256' title='bbox 1008 3135 1040 3172; x_wconf 91' lang='lat' dir='ltr'>ac</span> <span class='ocrx_word' id='word_1_257' title='bbox 1057 3121 1237 3187; x_wconf 81' lang='lat' dir='ltr'>compedibus</span> <span class='ocrx_word' id='word_1_258' title='bbox 1258 3121 1343 3176; x_wconf 81' lang='lat' dir='ltr'>vincti</span> 
     </span>
     <span class='ocr_line' id='line_1_26' title="bbox 83 3203 1342 3274; baseline -0.002 -12"><span class='ocrx_word' id='word_1_259' title='bbox 83 3205 247 3262; x_wconf 76' lang='lat' dir='ltr'>serviebant.</span> <span class='ocrx_word' id='word_1_260' title='bbox 267 3206 348 3258; x_wconf 83' lang='lat' dir='ltr'>Tales</span> <span class='ocrx_word' id='word_1_261' title='bbox 359 3203 623 3271; x_wconf 84' lang='lat' dir='ltr'>erautjauitoreset</span> <span class='ocrx_word' id='word_1_262' title='bbox 640 3205 754 3270; x_wconf 83' lang='lat' dir='ltr'>ostiarii,</span> <span class='ocrx_word' id='word_1_263' title='bbox 772 3221 843 3274; x_wconf 89' lang='lat' dir='ltr'>qnos</span> <span class='ocrx_word' id='word_1_264' title='bbox 861 3205 889 3258; x_wconf 87' lang='lat' dir='ltr'>iu</span> <span class='ocrx_word' id='word_1_265' title='bbox 902 3210 998 3257; x_wconf 88' lang='lat' dir='ltr'>catena</span> <span class='ocrx_word' id='word_1_266' title='bbox 1017 3203 1112 3265; x_wconf 80' lang='lat' dir='ltr'>fuisse,</span> <span class='ocrx_word' id='word_1_267' title='bbox 1131 3205 1211 3258; x_wconf 87' lang='lat' dir='ltr'>docet</span> <span class='ocrx_word' id='word_1_268' title='bbox 1228 3207 1342 3260; x_wconf 60' lang='lat' dir='ltr'>Samos</span> 
     </span>
     <span class='ocr_line' id='line_1_27' title="bbox 84 3287 1342 3357; baseline 0 -13"><span class='ocrx_word' id='word_1_269' title='bbox 84 3293 115 3344; x_wconf 86' lang='lat' dir='ltr'>de</span> <span class='ocrx_word' id='word_1_270' title='bbox 133 3291 201 3344; x_wconf 75' lang='lat' dir='ltr'>clar.</span> <span class='ocrx_word' id='word_1_271' title='bbox 217 3290 299 3344; x_wconf 73' lang='lat' dir='ltr'>Rhea</span> <span class='ocrx_word' id='word_1_272' title='bbox 311 3294 336 3342; x_wconf 82' lang='lat'>3.</span> <span class='ocrx_word' id='word_1_273' title='bbox 356 3288 402 3343; x_wconf 89' lang='lat' dir='ltr'>Sic</span> <span class='ocrx_word' id='word_1_274' title='bbox 414 3295 441 3341; x_wconf 89' lang='lat' dir='ltr'>et</span> <span class='ocrx_word' id='word_1_275' title='bbox 452 3287 509 3342; x_wconf 84' lang='lat' dir='ltr'>ruri</span> <span class='ocrx_word' id='word_1_276' title='bbox 525 3287 637 3357; x_wconf 86' lang='lat' dir='ltr'>quidam</span> <span class='ocrx_word' id='word_1_277' title='bbox 648 3289 733 3344; x_wconf 80' lang='lat' dir='ltr'>vineti</span> <span class='ocrx_word' id='word_1_278' title='bbox 745 3288 879 3344; x_wconf 78' lang='lat' dir='ltr'>faciehant</span> <span class='ocrx_word' id='word_1_279' title='bbox 891 3305 976 3356; x_wconf 88' lang='lat' dir='ltr'>opus:</span> <span class='ocrx_word' id='word_1_280' title='bbox 989 3290 1141 3343; x_wconf 82' lang='lat' dir='ltr'>Columella</span> <span class='ocrx_word' id='word_1_281' title='bbox 1153 3289 1185 3342; x_wconf 84' lang='lat' dir='ltr'>de</span> <span class='ocrx_word' id='word_1_282' title='bbox 1199 3307 1229 3342; x_wconf 89' lang='lat' dir='ltr'>re</span> <span class='ocrx_word' id='word_1_283' title='bbox 1240 3290 1342 3344; x_wconf 66' lang='lat' dir='ltr'>rum.</span> 
     </span>
     <span class='ocr_line' id='line_1_28' title="bbox 83 3363 1345 3442; baseline -0.002 -13"><span class='ocrx_word' id='word_1_284' title='bbox 83 3378 131 3430; x_wconf 78' lang='lat' dir='ltr'>alt.</span> <span class='ocrx_word' id='word_1_285' title='bbox 149 3376 222 3430; x_wconf 88' lang='lat' dir='ltr'>Plin.</span> <span class='ocrx_word' id='word_1_286' title='bbox 241 3376 312 3428; x_wconf 82' lang='lat' dir='ltr'>Hist.</span> <span class='ocrx_word' id='word_1_287' title='bbox 330 3383 384 3426; x_wconf 80' lang='lat' dir='ltr'>not.</span> <span class='ocrx_word' id='word_1_288' title='bbox 399 3363 516 3426; x_wconf 85' lang='lat' dir='ltr'><strong><em>XVIII.</em></strong></span> <span class='ocrx_word' id='word_1_289' title='bbox 534 3379 561 3429; x_wconf 85' lang='grc'><strong>3.</strong></span> <span class='ocrx_word' id='word_1_290' title='bbox 577 3375 680 3427; x_wconf 88' lang='lat' dir='ltr'>Seneca</span> <span class='ocrx_word' id='word_1_291' title='bbox 698 3376 730 3426; x_wconf 86' lang='lat' dir='ltr'>de</span> <span class='ocrx_word' id='word_1_292' title='bbox 747 3374 847 3442; x_wconf 81' lang='lat' dir='ltr'>Renes.</span> <span class='ocrx_word' id='word_1_293' title='bbox 866 3375 928 3427; x_wconf 86' lang='lat' dir='ltr'>VII.</span> <span class='ocrx_word' id='word_1_294' title='bbox 943 3378 982 3428; x_wconf 89' lang='grc'>10.</span> <span class='ocrx_word' id='word_1_295' title='bbox 1007 3374 1070 3426; x_wconf 88' lang='lat' dir='ltr'>Huc</span> <span class='ocrx_word' id='word_1_296' title='bbox 1088 3378 1246 3440; x_wconf 83' lang='lat' dir='ltr'>comparata</span> <span class='ocrx_word' id='word_1_297' title='bbox 1266 3378 1345 3428; x_wconf 82' lang='lat' dir='ltr'>erant</span> 
     </span>
     <span class='ocr_line' id='line_1_29' title="bbox 84 3457 1343 3528; baseline -0.002 -14"><span class='ocrx_word' id='word_1_298' title='bbox 84 3463 223 3528; x_wconf 75' lang='lat' dir='ltr'>ergastula</span> <span class='ocrx_word' id='word_1_299' title='bbox 240 3459 392 3512; x_wconf 85' lang='lat' dir='ltr'>domestica</span> <span class='ocrx_word' id='word_1_300' title='bbox 406 3459 596 3518; x_wconf 81' lang='lat' dir='ltr'>subterranea.</span> <span class='ocrx_word' id='word_1_301' title='bbox 606 3475 681 3526; x_wconf 85' lang='lat' dir='ltr'>qnae</span> <span class='ocrx_word' id='word_1_302' title='bbox 693 3459 836 3526; x_wconf 80' lang='lat' dir='ltr'>diligenter</span> <span class='ocrx_word' id='word_1_303' title='bbox 853 3458 1023 3526; x_wconf 82' lang='lat' dir='ltr'>exploranda</span> <span class='ocrx_word' id='word_1_304' title='bbox 1041 3474 1102 3512; x_wconf 84' lang='lat' dir='ltr'>csse</span> <span class='ocrx_word' id='word_1_305' title='bbox 1113 3475 1129 3512; x_wconf 89' lang='lat' dir='ltr'>a</span> <span class='ocrx_word' id='word_1_306' title='bbox 1141 3457 1343 3526; x_wconf 86' lang='lat' dir='ltr'>circumspectis</span> 
     </span>
     <span class='ocr_line' id='line_1_30' title="bbox 84 3543 1344 3614; baseline -0.003 -15"><span class='ocrx_word' id='word_1_307' title='bbox 84 3543 344 3614; x_wconf 78' lang='lat' dir='ltr'>patribusfamilias,</span> <span class='ocrx_word' id='word_1_308' title='bbox 365 3550 458 3596; x_wconf 86' lang='lat' dir='ltr'>mouet</span> <span class='ocrx_word' id='word_1_309' title='bbox 475 3543 627 3597; x_wconf 82' lang='lat' dir='ltr'>Columella</span> <span class='ocrx_word' id='word_1_310' title='bbox 653 3547 684 3597; x_wconf 82' lang='lat' dir='ltr'>de</span> <span class='ocrx_word' id='word_1_311' title='bbox 702 3563 732 3596; x_wconf 84' lang='lat' dir='ltr'>re</span> <span class='ocrx_word' id='word_1_312' title='bbox 751 3553 816 3598; x_wconf 83' lang='lat' dir='ltr'>rust.</span> <span class='ocrx_word' id='word_1_313' title='bbox 835 3545 859 3598; x_wconf 92' lang='lat' dir='ltr'>I.</span> <span class='ocrx_word' id='word_1_314' title='bbox 877 3548 902 3596; x_wconf 83' lang='grc'><strong>8.</strong></span> <span class='ocrx_word' id='word_1_315' title='bbox 930 3545 1008 3598; x_wconf 80' lang='lat' dir='ltr'>Cous.</span> <span class='ocrx_word' id='word_1_316' title='bbox 1026 3545 1109 3598; x_wconf 88' lang='lat' dir='ltr'>Bam.</span> <span class='ocrx_word' id='word_1_317' title='bbox 1129 3544 1216 3600; x_wconf 80' lang='lat' dir='ltr'>Briss.</span> <span class='ocrx_word' id='word_1_318' title='bbox 1234 3545 1344 3614; x_wconf 70' lang='lat' dir='ltr'>Antiqua</span> 
     </span>
     <span class='ocr_line' id='line_1_31' title="bbox 85 3628 973 3699; baseline -0.005 -15"><span class='ocrx_word' id='word_1_319' title='bbox 85 3633 163 3684; x_wconf 77' lang='lat' dir='ltr'>Rom.</span> <span class='ocrx_word' id='word_1_320' title='bbox 182 3630 226 3683; x_wconf 96' lang='grc' dir='ltr'><strong>ΙΙ.</strong></span> <span class='ocrx_word' id='word_1_321' title='bbox 244 3633 269 3682; x_wconf 88' lang='grc'>9.</span> <span class='ocrx_word' id='word_1_322' title='bbox 282 3645 313 3699; x_wconf 82' lang='lat' dir='ltr'>p.</span> <span class='ocrx_word' id='word_1_323' title='bbox 330 3633 372 3684; x_wconf 80' lang='grc'><strong>33.</strong></span> <span class='ocrx_word' id='word_1_324' title='bbox 390 3628 466 3696; x_wconf 69' lang='grc' dir='ltr'><strong>Ιιίρε.</strong></span> <span class='ocrx_word' id='word_1_325' title='bbox 484 3629 567 3683; x_wconf 81' lang='lat' dir='ltr'>Elect.</span> <span class='ocrx_word' id='word_1_326' title='bbox 585 3629 626 3683; x_wconf 91' lang='grc' dir='ltr'>ΙΙ.</span> <span class='ocrx_word' id='word_1_327' title='bbox 647 3635 687 3684; x_wconf 81' lang='lat' dir='ltr'>lb.</span> <span class='ocrx_word' id='word_1_328' title='bbox 705 3630 786 3682; x_wconf 72' lang='lat' dir='ltr'>Heia.</span> <span class='ocrx_word' id='word_1_329' title='bbox 970 3675 973 3680; x_wconf 94' lang='lat'><strong>.</strong></span> 
     </span>
    </p>

    <p class='ocr_par' dir='ltr' id='par_1_4' title="bbox 85 3711 1455 4108">
     <span class='ocr_line' id='line_1_32' title="bbox 152 3711 1345 3790; baseline -0.004 -21"><span class='ocrx_word' id='word_1_330' title='bbox 152 3717 199 3784; x_wconf 92' lang='lat' dir='ltr'>m)</span> <span class='ocrx_word' id='word_1_331' title='bbox 218 3714 266 3768; x_wconf 91' lang='lat' dir='ltr'>Sic</span> <span class='ocrx_word' id='word_1_332' title='bbox 283 3719 311 3766; x_wconf 83' lang='lat' dir='ltr'>et</span> <span class='ocrx_word' id='word_1_333' title='bbox 330 3714 401 3768; x_wconf 85' lang='lat' dir='ltr'>servi</span> <span class='ocrx_word' id='word_1_334' title='bbox 413 3713 509 3790; x_wconf 70' lang='lat' dir='ltr'>castici</span> <span class='ocrx_word' id='word_1_335' title='bbox 525 3719 553 3766; x_wconf 87' lang='lat' dir='ltr'>et</span> <span class='ocrx_word' id='word_1_336' title='bbox 569 3714 667 3768; x_wconf 84' lang='lat' dir='ltr'>urbani</span> <span class='ocrx_word' id='word_1_337' title='bbox 685 3713 898 3780; x_wconf 79' lang='lat' dir='ltr'>distinguuntur,</span> <span class='ocrx_word' id='word_1_338' title='bbox 913 3713 945 3766; x_wconf 85' lang='lat'>1..</span> <span class='ocrx_word' id='word_1_339' title='bbox 965 3716 1008 3767; x_wconf 81' lang='grc'><strong>99.</strong></span> <span class='ocrx_word' id='word_1_340' title='bbox 1020 3713 1055 3766; x_wconf 88' lang='grc' dir='ltr'>Ι).</span> <span class='ocrx_word' id='word_1_341' title='bbox 1068 3713 1101 3766; x_wconf 85' lang='lat' dir='ltr'>de</span> <span class='ocrx_word' id='word_1_342' title='bbox 1119 3713 1168 3783; x_wconf 67' lang='lat' dir='ltr'>leq.</span> <span class='ocrx_word' id='word_1_343' title='bbox 1187 3711 1237 3766; x_wconf 91' lang='lat'>111.</span> <span class='ocrx_word' id='word_1_344' title='bbox 1259 3713 1345 3764; x_wconf 83' lang='lat' dir='ltr'>Prae·</span> 
     </span>
     <span class='ocr_line' id='line_1_33' title="bbox 86 3795 1455 3876; baseline -0.001 -24"><span class='ocrx_word' id='word_1_345' title='bbox 86 3806 157 3854; x_wconf 83' lang='lat' dir='ltr'>teres</span> <span class='ocrx_word' id='word_1_346' title='bbox 175 3799 224 3854; x_wconf 88' lang='lat' dir='ltr'>alii</span> <span class='ocrx_word' id='word_1_347' title='bbox 243 3800 482 3865; x_wconf 50' lang='lat' dir='ltr'>ordinassent,</span> <span class='ocrx_word' id='word_1_348' title='bbox 501 3813 618 3867; x_wconf 84' lang='lat' dir='ltr'>qnorum</span> <span class='ocrx_word' id='word_1_349' title='bbox 635 3799 746 3854; x_wconf 87' lang='lat' dir='ltr'>nomine</span> <span class='ocrx_word' id='word_1_350' title='bbox 763 3797 926 3866; x_wconf 75' lang='lat' dir='ltr'>injuriarum</span> <span class='ocrx_word' id='word_1_351' title='bbox 940 3797 1075 3867; x_wconf 87' lang='lat' dir='ltr'>judicium</span> <span class='ocrx_word' id='word_1_352' title='bbox 1093 3796 1213 3850; x_wconf 84' lang='lat' dir='ltr'>dominis</span> <span class='ocrx_word' id='word_1_353' title='bbox 1230 3795 1346 3850; x_wconf 81' lang='lat' dir='ltr'>dchatm</span> <span class='ocrx_word' id='word_1_354' title='bbox 1452 3867 1455 3876; x_wconf 66' lang='lat'><strong>.</strong></span> 
     </span>
     <span class='ocr_line' id='line_1_34' title="bbox 87 3879 1422 3954; baseline -0.003 -16"><span class='ocrx_word' id='word_1_355' title='bbox 87 3888 134 3951; x_wconf 79' lang='lat' dir='ltr'>(ci.</span> <span class='ocrx_word' id='word_1_356' title='bbox 146 3891 176 3940; x_wconf 88' lang='lat' dir='ltr'>et</span> <span class='ocrx_word' id='word_1_357' title='bbox 187 3886 210 3953; x_wconf 57' lang='grc' dir='ltr'><strong>ᾖ.</strong></span> <span class='ocrx_word' id='word_1_358' title='bbox 221 3890 248 3938; x_wconf 79' lang='lat'>³.</span> <span class='ocrx_word' id='word_1_359' title='bbox 266 3885 290 3938; x_wconf 83' lang='lat'>1:</span> <span class='ocrx_word' id='word_1_360' title='bbox 307 3885 339 3938; x_wconf 76' lang='lat' dir='ltr'>de</span> <span class='ocrx_word' id='word_1_361' title='bbox 356 3883 770 3954; x_wconf 61' lang='lat' dir='ltr'>inpar.1..1o.§.a⁵.1).eod.),</span> <span class='ocrx_word' id='word_1_362' title='bbox 788 3883 836 3938; x_wconf 86' lang='lat' dir='ltr'>alii</span> <span class='ocrx_word' id='word_1_363' title='bbox 853 3883 975 3953; x_wconf 69' lang='lat' dir='ltr'>sulpurea</span> <span class='ocrx_word' id='word_1_364' title='bbox 993 3889 1020 3938; x_wconf 81' lang='lat' dir='ltr'>et</span> <span class='ocrx_word' id='word_1_365' title='bbox 1033 3880 1195 3945; x_wconf 65' lang='lat' dir='ltr'>menan,</span> <span class='ocrx_word' id='word_1_366' title='bbox 1213 3879 1262 3948; x_wconf 86' lang='lat' dir='ltr'>qui</span> <span class='ocrx_word' id='word_1_367' title='bbox 1280 3895 1345 3946; x_wconf 81' lang='lat' dir='ltr'>pso·</span> <span class='ocrx_word' id='word_1_368' title='bbox 1420 3883 1422 3890; x_wconf 81' lang='grc'><em>’</em></span> 
     </span>
     <span class='ocr_line' id='line_1_35' title="bbox 85 3962 1346 4038; baseline -0.002 -16"><span class='ocrx_word' id='word_1_369' title='bbox 85 3968 187 4022; x_wconf 77' lang='lat' dir='ltr'>nuscue</span> <span class='ocrx_word' id='word_1_370' title='bbox 205 3974 290 4037; x_wconf 85' lang='lat' dir='ltr'>atque</span> <span class='ocrx_word' id='word_1_371' title='bbox 306 3969 465 4034; x_wconf 76' lang='lat' dir='ltr'>vulgaribus</span> <span class='ocrx_word' id='word_1_372' title='bbox 477 3962 567 4034; x_wconf 76' lang='lat' dir='ltr'>operis</span> <span class='ocrx_word' id='word_1_373' title='bbox 581 3968 696 4024; x_wconf 87' lang='lat' dir='ltr'>adhibiti</span> <span class='ocrx_word' id='word_1_374' title='bbox 708 3975 787 4024; x_wconf 81' lang='lat' dir='ltr'>snut:</span> <span class='ocrx_word' id='word_1_375' title='bbox 801 3971 834 4024; x_wconf 74' lang='grc' dir='ltr'><strong>Ι..</strong></span> <span class='ocrx_word' id='word_1_376' title='bbox 846 3975 886 4024; x_wconf 79' lang='lat' dir='ltr'>lo.</span> <span class='ocrx_word' id='word_1_377' title='bbox 898 3970 921 4038; x_wconf 66' lang='grc' dir='ltr'><strong>ς.</strong></span> <span class='ocrx_word' id='word_1_378' title='bbox 934 3973 977 4022; x_wconf 88' lang='grc'><strong>44.</strong></span> <span class='ocrx_word' id='word_1_379' title='bbox 991 3969 1027 4022; x_wconf 90' lang='lat' dir='ltr'>D.</span> <span class='ocrx_word' id='word_1_380' title='bbox 1039 3969 1072 4020; x_wconf 84' lang='lat' dir='ltr'>de</span> <span class='ocrx_word' id='word_1_381' title='bbox 1082 3967 1164 4038; x_wconf 60' lang='lat' dir='ltr'>tapies.</span> <span class='ocrx_word' id='word_1_382' title='bbox 1174 3991 1209 4004; x_wconf 90' lang='lat'>-</span> <span class='ocrx_word' id='word_1_383' title='bbox 1220 3963 1346 4020; x_wconf 73' lang='lat' dir='ltr'>Brissoa.</span> 
     </span>
     <span class='ocr_line' id='line_1_36' title="bbox 85 4051 806 4108; baseline -0.001 0"><span class='ocrx_word' id='word_1_384' title='bbox 85 4055 119 4108; x_wconf 87' lang='lat' dir='ltr'>de</span> <span class='ocrx_word' id='word_1_385' title='bbox 136 4057 171 4108; x_wconf 87' lang='lat' dir='ltr'>V.</span> <span class='ocrx_word' id='word_1_386' title='bbox 191 4056 221 4108; x_wconf 84' lang='lat' dir='ltr'>S·</span> <span class='ocrx_word' id='word_1_387' title='bbox 238 4070 264 4108; x_wconf 86' lang='lat' dir='ltr'>v.</span> <span class='ocrx_word' id='word_1_388' title='bbox 279 4054 457 4108; x_wconf 63' lang='lat' dir='ltr'>mediastina</span> <span class='ocrx_word' id='word_1_389' title='bbox 476 4053 564 4108; x_wconf 67' lang='lat' dir='ltr'>Mill.</span> <span class='ocrx_word' id='word_1_390' title='bbox 609 4089 611 4094; x_wconf 93' lang='lat'>·</span> <span class='ocrx_word' id='word_1_391' title='bbox 803 4051 806 4061; x_wconf 53' lang='lat'><em>¹</em></span> 
     </span>
    </p>

    <p class='ocr_par' dir='ltr' id='par_1_5' title="bbox 152 4133 1346 4206">
     <span class='ocr_line' id='line_1_37' title="bbox 152 4133 1346 4206; baseline -0.003 -14"><span class='ocrx_word' id='word_1_392' title='bbox 152 4141 186 4206; x_wconf 89' lang='lat' dir='ltr'>n)</span> <span class='ocrx_word' id='word_1_393' title='bbox 203 4140 292 4192; x_wconf 79' lang='lat' dir='ltr'>Erant</span> <span class='ocrx_word' id='word_1_394' title='bbox 311 4143 340 4190; x_wconf 88' lang='lat' dir='ltr'>et</span> <span class='ocrx_word' id='word_1_395' title='bbox 356 4141 427 4191; x_wconf 77' lang='lat' dir='ltr'>cerei</span> <span class='ocrx_word' id='word_1_396' title='bbox 442 4139 547 4202; x_wconf 78' lang='lat' dir='ltr'>sicarii,</span> <span class='ocrx_word' id='word_1_397' title='bbox 566 4137 616 4206; x_wconf 87' lang='lat' dir='ltr'>qui</span> <span class='ocrx_word' id='word_1_398' title='bbox 631 4133 718 4190; x_wconf 87' lang='lat' dir='ltr'>sorvis</span> <span class='ocrx_word' id='word_1_399' title='bbox 735 4137 900 4201; x_wconf 82' lang='lat' dir='ltr'>serviebant,</span> <span class='ocrx_word' id='word_1_400' title='bbox 920 4137 1012 4190; x_wconf 77' lang='lat' dir='ltr'>Senes.</span> <span class='ocrx_word' id='word_1_401' title='bbox 1031 4135 1062 4186; x_wconf 82' lang='lat' dir='ltr'>de</span> <span class='ocrx_word' id='word_1_402' title='bbox 1081 4133 1216 4203; x_wconf 68' lang='lat' dir='ltr'>tranquill.</span> <span class='ocrx_word' id='word_1_403' title='bbox 1231 4153 1254 4187; x_wconf 87' lang='lat' dir='ltr'>c.</span> <span class='ocrx_word' id='word_1_404' title='bbox 1268 4137 1294 4188; x_wconf 84' lang='grc'><strong>8.</strong></span> <span class='ocrx_word' id='word_1_405' title='bbox 1315 4134 1346 4188; x_wconf 87' lang='lat' dir='ltr'>L·</span> 
     </span>
    </p>

    <p class='ocr_par' dir='ltr' id='par_1_6' title="bbox 86 4218 1348 4377">
     <span class='ocr_line' id='line_1_38' title="bbox 86 4218 1348 4288; baseline -0.005 -10"><span class='ocrx_word' id='word_1_406' title='bbox 86 4229 126 4278; x_wconf 73' lang='lat'>25.</span> <span class='ocrx_word' id='word_1_407' title='bbox 144 4226 181 4278; x_wconf 91' lang='lat' dir='ltr'>D.</span> <span class='ocrx_word' id='word_1_408' title='bbox 201 4225 340 4278; x_wconf 56' lang='lat' dir='ltr'>amman.</span> <span class='ocrx_word' id='word_1_409' title='bbox 359 4224 437 4278; x_wconf 68' lang='lat' dir='ltr'>daia</span> <span class='ocrx_word' id='word_1_410' title='bbox 455 4225 487 4276; x_wconf 85' lang='lat' dir='ltr'>l..</span> <span class='ocrx_word' id='word_1_411' title='bbox 505 4228 548 4276; x_wconf 84' lang='lat'>44.</span> <span class='ocrx_word' id='word_1_412' title='bbox 567 4225 607 4278; x_wconf 76' lang='lat' dir='ltr'>D.</span> <span class='ocrx_word' id='word_1_413' title='bbox 620 4224 652 4276; x_wconf 79' lang='lat' dir='ltr'>de</span> <span class='ocrx_word' id='word_1_414' title='bbox 671 4223 754 4276; x_wconf 81' lang='lat' dir='ltr'>Instr.</span> <span class='ocrx_word' id='word_1_415' title='bbox 778 4222 957 4276; x_wconf 70' lang='lat' dir='ltr'>cetimum</span> <span class='ocrx_word' id='word_1_416' title='bbox 982 4219 1031 4288; x_wconf 64' lang='lat' dir='ltr'>lep.</span> <span class='ocrx_word' id='word_1_417' title='bbox 1049 4218 1106 4272; x_wconf 87' lang='lat' dir='ltr'>imo</span> <span class='ocrx_word' id='word_1_418' title='bbox 1129 4224 1157 4272; x_wconf 88' lang='lat' dir='ltr'>et</span> <span class='ocrx_word' id='word_1_419' title='bbox 1181 4219 1348 4274; x_wconf 66' lang='lat' dir='ltr'>vinnom</span> 
     </span>
     <span class='ocr_line' id='line_1_39' title="bbox 86 4308 730 4377; baseline 0.002 -16"><span class='ocrx_word' id='word_1_420' title='bbox 86 4308 194 4362; x_wconf 83' lang='lat' dir='ltr'>vicarii:</span> <span class='ocrx_word' id='word_1_421' title='bbox 212 4311 246 4362; x_wconf 85' lang='lat' dir='ltr'>L.</span> <span class='ocrx_word' id='word_1_422' title='bbox 264 4313 309 4362; x_wconf 76' lang='lat'>25.</span> <span class='ocrx_word' id='word_1_423' title='bbox 328 4309 365 4360; x_wconf 91' lang='lat' dir='ltr'>D.</span> <span class='ocrx_word' id='word_1_424' title='bbox 383 4310 416 4361; x_wconf 82' lang='lat' dir='ltr'>de</span> <span class='ocrx_word' id='word_1_425' title='bbox 436 4308 530 4362; x_wconf 79' lang='lat' dir='ltr'>Pecul.</span> <span class='ocrx_word' id='word_1_426' title='bbox 550 4308 627 4377; x_wconf 65' lang='lat' dir='ltr'>legat.</span> <span class='ocrx_word' id='word_1_427' title='bbox 650 4308 730 4362; x_wconf 77' lang='lat' dir='ltr'>Heia.</span> 
     </span>
    </p>

    <p class='ocr_par' dir='ltr' id='par_1_7' title="bbox 89 4389 1404 4544">
     <span class='ocr_line' id='line_1_40' title="bbox 154 4389 1347 4462; baseline -0.005 -14"><span class='ocrx_word' id='word_1_428' title='bbox 154 4395 187 4460; x_wconf 87' lang='lat' dir='ltr'>o)</span> <span class='ocrx_word' id='word_1_429' title='bbox 208 4395 245 4448; x_wconf 82' lang='lat' dir='ltr'>V.</span> <span class='ocrx_word' id='word_1_430' title='bbox 264 4392 379 4460; x_wconf 84' lang='lat' dir='ltr'>Ulpiani</span> <span class='ocrx_word' id='word_1_431' title='bbox 395 4395 505 4462; x_wconf 72' lang='lat' dir='ltr'>Fragin</span> <span class='ocrx_word' id='word_1_432' title='bbox 523 4392 577 4446; x_wconf 84' lang='lat' dir='ltr'>Tit.</span> <span class='ocrx_word' id='word_1_433' title='bbox 595 4395 632 4448; x_wconf 85' lang='lat'>11.</span> <span class='ocrx_word' id='word_1_434' title='bbox 645 4393 666 4460; x_wconf 62' lang='grc' dir='ltr'><strong>ἓ.</strong></span> <span class='ocrx_word' id='word_1_435' title='bbox 678 4397 704 4448; x_wconf 88' lang='grc'><strong>4.</strong></span> <span class='ocrx_word' id='word_1_436' title='bbox 723 4393 807 4458; x_wconf 84' lang='lat' dir='ltr'>„Sub</span> <span class='ocrx_word' id='word_1_437' title='bbox 826 4394 876 4446; x_wconf 83' lang='lat' dir='ltr'>hac</span> <span class='ocrx_word' id='word_1_438' title='bbox 893 4389 1050 4446; x_wconf 86' lang='lat' dir='ltr'>conditione</span> <span class='ocrx_word' id='word_1_439' title='bbox 1072 4389 1140 4444; x_wconf 87' lang='lat' dir='ltr'>liber</span> <span class='ocrx_word' id='word_1_440' title='bbox 1165 4401 1226 4446; x_wconf 81' lang='lat' dir='ltr'>csse</span> <span class='ocrx_word' id='word_1_441' title='bbox 1240 4391 1347 4459; x_wconf 85' lang='lat' dir='ltr'>jussus,</span> 
     </span>
     <span class='ocr_line' id='line_1_41' title="bbox 89 4474 1404 4544; baseline -0.004 -12"><span class='ocrx_word' id='word_1_442' title='bbox 89 4476 221 4534; x_wconf 82' lang='lat' dir='ltr'>sidccem</span> <span class='ocrx_word' id='word_1_443' title='bbox 239 4478 329 4534; x_wconf 86' lang='lat' dir='ltr'>millia</span> <span class='ocrx_word' id='word_1_444' title='bbox 346 4477 441 4534; x_wconf 82' lang='lat' dir='ltr'>heredi</span> <span class='ocrx_word' id='word_1_445' title='bbox 459 4477 572 4544; x_wconf 79' lang='lat' dir='ltr'>dederit,</span> <span class='ocrx_word' id='word_1_446' title='bbox 585 4483 612 4534; x_wconf 86' lang='lat' dir='ltr'>et</span> <span class='ocrx_word' id='word_1_447' title='bbox 629 4479 654 4534; x_wconf 83' lang='lat' dir='ltr'>si</span> <span class='ocrx_word' id='word_1_448' title='bbox 671 4479 706 4532; x_wconf 88' lang='lat' dir='ltr'>ab</span> <span class='ocrx_word' id='word_1_449' title='bbox 723 4479 822 4533; x_wconf 84' lang='lat' dir='ltr'>herode</span> <span class='ocrx_word' id='word_1_450' title='bbox 839 4477 1009 4532; x_wconf 81' lang='lat' dir='ltr'>abalienatus</span> <span class='ocrx_word' id='word_1_451' title='bbox 1026 4474 1071 4543; x_wconf 87' lang='lat' dir='ltr'>sit,</span> <span class='ocrx_word' id='word_1_452' title='bbox 1089 4476 1184 4528; x_wconf 71' lang='lat' dir='ltr'>emtori</span> <span class='ocrx_word' id='word_1_453' title='bbox 1196 4476 1285 4529; x_wconf 63' lang='lat' dir='ltr'>dado</span> <span class='ocrx_word' id='word_1_454' title='bbox 1300 4491 1349 4544; x_wconf 78' lang='lat' dir='ltr'>ps-</span> <span class='ocrx_word' id='word_1_455' title='bbox 1400 4535 1404 4541; x_wconf 60' lang='lat'><strong>.</strong></span> 
     </span>
    </p>
   </div>
   <div class='ocr_carea' id='block_1_4' title="bbox 0 0 1553 5154">
    <p class='ocr_par' dir='ltr' id='par_1_8' title="bbox 0 0 1553 5154">
     <span class='ocr_line' id='line_1_42' title="bbox 0 0 1553 5154; baseline 0 0"><span class='ocrx_word' id='word_1_456' title='bbox 0 0 1553 5154; x_wconf 95' lang='lat' dir='ltr'> </span> 
     </span>
    </p>
   </div>
  </div>
 </body>
</html>
