3062 5164
221 377 292 443 284
590 374 772 441 Annnnmx
796 373 871 440 Lm.
896 373 923 441 1.
947 373 1031 443 Cre.
1059 374 1102 442 11.

775 548 911 600 canu.

573 677 840 743 outone
871 679 1123 762 nasim).

795 833 824 914 g.
845 832 897 893 74.

656 947 734 999 Varia
753 949 909 1000 Lotinmm
928 949 1042 1000 nomina.

304 1063 460 1126 Sufficere
479 1063 562 1126 haec
581 1063 670 1128 dicta
690 1065 886 1128 arbitramur
904 1066 947 1128 de
956 1067 1087 1150 juribus
1105 1065 1224 1129 civium
1239 1065 1467 1130 Romanorum.

221 1169 496 1254 Proximumest,
517 1180 554 1236 ut
572 1172 614 1235 de
630 1188 715 1236 sunu
733 1190 828 1236 narn
850 1173 1062 1251 disseramus,
1080 1173 1169 1258 quod
1185 1174 1339 1256 proxime
1362 1174 1469 1238 adces-
1514 1237 1515 1256 ,

220 1278 298 1340 sisse
310 1277 353 1340 ad
366 1275 509 1344 civitatis
522 1279 694 1342 Romanae
712 1281 989 1364 praerogativam,
1000 1283 1071 1364 jam
1089 1303 1187 1364 supra
1201 1280 1354 1344 diximus.
1369 1283 1466 1366 quue
1514 1273 1515 1320 l

221 1383 275 1446 vel
297 1385 376 1448 inde
394 1394 499 1470 patet,
514 1387 604 1471 quod
623 1385 761 1468 Dionys.
779 1387 1129 1453 Halic.VH1.77.eos
1147 1394 1327 1474 μετέχοντας
1344 1392 1398 1471 τῆς
1415 1395 1467 1453 ico

219 1491 377 1568 πολιτείας
389 1498 436 1573 ⁸),
448 1497 621 1576 persepe·
632 1497 738 1576 juria,
758 1497 842 1575 quod
860 1483 1015 1558 amintam
1034 1501 1129 1578 quasi
1150 1505 1280 1577 aequat,
1302 1494 1467 1578 eleganter

220 1600 379 1683 adpellat.
400 1600 508 1664 Multa
531 1621 611 1664 vero
631 1602 824 1666 Latinorum
841 1600 934 1664 fuere
953 1603 1094 1666 nomina.
1117 1603 1209 1667 Dicti
1229 1603 1317 1665 enim
1336 1611 1411 1664 sunt
1426 1623 1467 1663 so·

219 1711 262 1767 eii
275 1711 316 1788 ²),
334 1712 410 1770 socii
423 1708 545 1780 baiori,
563 1712 639 1771 socri
651 1713 783 1770 nominas
799 1709 921 1782 hutini,
938 1713 1015 1771 socii
1028 1731 1202 1793 nomenque
1218 1711 1388 1783 Lminum,
1404 1713 1468 1770 socri

290 1911 318 1976 r)
339 1910 418 1972 Quae
435 1911 538 1962 Auctor
556 1911 577 1978 ξ.
596 1915 630 1964 74
642 1941 676 1950 -
691 1915 733 1964 82.
752 1917 780 1963 et
798 1911 827 1964 in
845 1927 906 1981 sqq.
924 1913 957 1980 ἐξ.
970 1912 1072 1979 passim
1091 1912 1125 1965 de
1142 1910 1247 1968 Latinis
1267 1911 1392 1978 scripsit,
1413 1928 1465 1978 spe·
1516 1904 1517 1953 l

220 2001 294 2048 etam
317 1998 478 2063 plerumque
495 1995 531 2046 ad
548 1997 658 2048 Latinos
675 2006 784 2058 veteres,
803 2012 872 2063 quos
894 1998 980 2066 Gajae
1003 1997 1027 2050 Ι.
1045 1999 1066 2065 §.
1084 2001 1128 2051 ⁷9.
1142 1998 1280 2062 expressis
1298 1997 1392 2049 verbis
1406 1995 1464 2046 inter

216 2082 374 2150 perepriuos
390 2081 490 2134 retulit.
509 2082 602 2148 Longe
621 2081 674 2134 aua
691 2082 744 2134 suit
759 2080 881 2144 conditio
900 2082 1061 2135 Latinorum
1078 2082 1284 2144 colonia-imam
1314 2084 1353 2149 (ξ.
1373 2086 1426 2134 126.
1441 2089 1463 2131 et

222 2167 305 2232 1211).
316 2172 343 2218 et
360 2165 539 2218 Junianomm
560 2167 595 2233 (ς.
613 2168 681 2232 86),
700 2172 839 2233 tamquam
857 2165 1010 2219 intermedii
1027 2165 1098 2220 inter
1114 2165 1186 2220 cives
1204 2172 1232 2218 et
1250 2166 1409 2234 peregrinos
1427 2181 1465 2230 ge-

219 2249 300 2314 neris,
313 2251 388 2318 quod
404 2250 518 2302 classica
535 2267 608 2303 nunc
620 2250 804 2316 disputatione
817 2251 963 2303 illustravit
978 2250 1138 2316 savignius:
1159 2249 1243 2302 Ueler
1255 2253 1297 2302 die
1310 2251 1463 2315 Entstelaup
1517 2238 1518 2320 l

218 2337 275 2388 aad
292 2335 466 2402 Fortbr'ldnny
484 2337 532 2386 der
549 2335 678 2387 Latinitiit
695 2337 736 2389 als
753 2339 824 2388 eines
848 2337 955 2404 eipenen
975 2336 1089 2389 &andes
1109 2336 1144 2386 im
1163 2335 1243 2387 Ram.
1263 2335 1359 2388 &cate
1383 2335 1462 2403 (Berl.
1517 2349 1518 2354 ¹

221 2423 296 2472 1816.
313 2423 354 2487 4.)
372 2440 400 2490 p.
417 2425 517 2474 3-8.
538 2423 580 2487 (et
596 2422 624 2472 in
642 2421 667 2473 d.
686 2420 815 2473 Zeitrclrr.
823 2419 880 2488 fiir
894 2421 981 2490 pesele.
1001 2421 1037 2473 R.
1062 2419 1101 2472 W.
1120 2421 1151 2472 Τ.
1168 2420 1203 2473 V.
1222 2436 1297 2474 num.
1311 2423 1374 2490 V.).
1399 2422 1462 2472 Gau·

220 2504 320 2557 debant
338 2506 366 2558 hi
383 2506 474 2558 Latini
494 2506 651 2573 (eoloniarii
668 2511 695 2557 et
712 2505 847 2571 luniani),
865 2507 991 2570 exemplo
1009 2503 1117 2568 civium,
1132 2503 1196 2570 jure
1210 2507 1381 2570 commercia
1398 2522 1462 2557 care·

220 2591 293 2654 b'ant,
311 2597 343 2642 ut
359 2591 502 2656 peregrini,
514 2590 660 2654 connubio,
674 2592 815 2658 multoque
833 2588 919 2652 magis
937 2587 970 2639 iis
985 2589 1188 2654 praerogativis,
1207 2607 1277 2658 qnae
1286 2592 1362 2658 juris
1375 2589 1462 2658 publici
1518 2570 1519 2656 l

219 2679 304 2726 erant.
323 2675 397 2727 Hinc
413 2677 514 2728 sactum
532 2683 581 2739 est,
596 2683 626 2728 ut
644 2675 758 2740 Latinis,
776 2692 826 2726 nec
842 2687 899 2726 non
911 2689 974 2724 cum
992 2673 1098 2726 Latinis
1117 2675 1198 2726 etiam
1216 2677 1374 2728 testamenti
1396 2675 1463 2728 tactio
1518 2663 1519 2690 ³

220 2766 299 2824 esset,
317 2775 483 2828 quamquam
501 2762 529 2811 in
547 2759 674 2813 iunianis
692 2763 822 2827 pleraque
846 2759 990 2810 commoda
1015 2759 1169 2811 testamenti
1186 2760 1329 2824 factionis,
1355 2762 1413 2826 lege
1433 2759 1464 2810 sic

216 2843 338 2910 jubente,
357 2851 539 2898 cessaverunt
552 2845 638 2912 Origo
651 2845 791 2898 latinitatis
809 2861 846 2898 sc.
858 2843 1030 2908 cotoniarias,
1049 2860 1130 2912 qnam
1150 2844 1247 2896 deinde
1259 2844 1369 2897 imitata
1380 2852 1418 2898 est
1428 2846 1463 2896 les

219 2929 303 2981 Junia
321 2930 458 2992 Norbana,
477 2947 493 2982 a
511 2931 649 2997 sanguin,
666 2931 736 2982 hanc
753 2929 782 2981 in
793 2945 850 2982 rem
868 2928 1030 2981 testimoniis
1043 2929 1182 2982 Ciceronis
1195 2947 1250 2997 pro
1265 2929 1383 2982 Caecina
1400 2931 1464 2981 cta.

220 3018 248 3065 et
265 3013 336 3065 Livii
357 3013 487 3068 XXVII.
505 3035 527 3068 s.
545 3021 571 3069 9.
593 3022 633 3071 10.
651 3032 711 3076 usO,
730 3017 844 3067 refertur
862 3014 897 3066 ad
908 3018 941 3067 A.
959 3015 992 3068 U.
1010 3019 1071 3067 545.
1088 3015 1130 3068 Ab
1145 3021 1260 3083 utraque
1273 3013 1408 3064 latinitate
1423 3009 1464 3062 dil·

219 3099 271 3150 lert
280 3098 331 3166 jos
347 3099 427 3163 Latii,
444 3099 580 3153 interdum
597 3101 744 3167 provinciis
757 3100 930 3168 quibusdam,
944 3100 1019 3150 velut
1035 3099 1187 3165 Hispaniae
1207 3099 1293 3168 (Plio.
1308 3099 1348 3151 H.
1364 3101 1397 3151 N.
1415 3096 1463 3150 111.

219 3185 260 3250 4.)
280 3199 457 3249 conoessum,
477 3186 580 3252 quippe
598 3202 654 3254 quo
672 3186 792 3250 integrae
812 3184 968 3250 provinciae
990 3184 1118 3237 ridentur
1135 3185 1303 3252 exaequatae
1321 3183 1463 3236 civitatibus

219 3269 380 3324 Latinorum
396 3276 526 3336 veterum,
546 3287 662 3339 quarum
682 3270 734 3321 sub
751 3269 875 3337 ejusdem
886 3270 982 3335 capitis
1001 3269 1110 3322 initium
1133 3269 1240 3322 Plinius
1258 3269 1372 3320 disertis
1389 3266 1463 3320 verbis

218 3353 385 3419 meminerat,
404 3361 431 3408 et
448 3359 543 3424 quales
562 3358 591 3409 in
608 3358 669 3422 ipsa
687 3354 773 3418 ltalia,
792 3372 828 3406 ex
840 3370 895 3423 quo
914 3355 980 3406 haec
992 3354 1070 3406 finito
1087 3355 1158 3406 bello
1171 3354 1267 3406 sociali
1284 3354 1319 3404 ad
1339 3353 1463 3406 civitatem

219 3440 383 3504 pedetentim
400 3449 569 3506 pervenerat,
587 3457 643 3493 non
662 3441 779 3506 amplius
798 3445 967 3505 supererant.
989 3441 1059 3506 (Pro
1082 3439 1238 3491 conditione
1256 3445 1348 3490 tamen
1368 3438 1463 3491 Latina·

219 3537 279 3574 rum
299 3523 467 3578 coloniarum
482 3527 530 3593 jus
548 3525 620 3578 Latii
638 3525 736 3593 accipit
755 3526 891 3578 Asconius
903 3523 1045 3578 Pedianus
1062 3525 1090 3576 in
1108 3525 1201 3577 Piscn.
1227 3543 1249 3576 c.
1271 3529 1293 3576 l.
1308 3541 1339 3592 p.
1363 3528 1417 3577 166.
1432 3519 1463 3570 etl

218 3609 251 3659 L.
268 3608 321 3675 B.)
342 3608 430 3660 Hand.
443 3641 474 3650 -
488 3611 529 3664 cf.
547 3626 631 3676 supra
648 3611 701 3664 Tit.
719 3612 768 3664 IV.
787 3612 821 3666 V.
832 3595 860 3679 ξ.
880 3615 912 3663 12
924 3615 1010 3662 -14,
1029 3616 1056 3661 et
1073 3622 1145 3677 qnae
1162 3607 1228 3660 ibid.
1248 3623 1264 3661 a
1283 3608 1366 3662 nobis
1385 3606 1463 3661 addin

220 3701 291 3746 sunt.
310 3694 397 3747 Mitti.

287 3778 316 3843 s)
336 3778 379 3831 De
392 3780 456 3846 jure
473 3777 619 3845 isipolitiae
644 3779 699 3832 vid
723 3797 794 3848 quae
812 3781 967 3844 Walterus,
986 3778 1166 3832 Nichuhrium
1185 3785 1309 3844 secutus,
1337 3775 1463 3846 exposuit,

220 3862 407 3930 Recdtspesclr.
426 3881 453 3931 p.
473 3869 507 3918 67
521 3892 551 3901 -
565 3868 616 3928 61.,
635 3879 754 3934 quocum
771 3866 819 3918 clr.
837 3865 971 3918 Huschke
996 3864 1068 3932 Vcrf.
1086 3866 1132 3917 des
1150 3865 1225 3918 Serv.
1248 3864 1319 3918 inu.
1337 3881 1365 3931 p.
1383 3869 1462 3918 524-

219 3952 279 4000 661.
302 3949 391 4001 Miilrl.

288 4034 314 4099 t)
334 4034 422 4099 Saepe
440 4040 530 4085 tamen
548 4034 751 4087 confunduntur
768 4032 886 4097 nomina,
904 4040 935 4084 nt
952 4040 980 4086 et
996 4035 1084 4087 Italici
1098 4033 1170 4102 juris
1189 4034 1314 4086 homines
1338 4035 1461 4086 sociorum

219 4121 247 4167 et
264 4117 432 4178 Latinorum,
451 4124 479 4170 et
496 4117 587 4170 Latini
605 4120 761 4173 Italicorum
779 4121 889 4172 nomine
913 4119 1029 4174 veniant.
1053 4119 1136 4182 Quod
1154 4117 1248 4170 itidem
1273 4126 1346 4171 recte
1370 4115 1463 4174 monuit

220 4202 281 4254 Car.
300 4202 393 4269 Sigon.
413 4203 430 4254 l.
448 4221 471 4254 c.
489 4220 516 4271 p.
528 4207 587 4258 474.
607 4206 638 4256 Id
658 4221 742 4273 quum
760 4221 815 4256 non
827 4206 997 4259 attenderent
1007 4203 1171 4257 recentiores
1189 4204 1300 4271 quidam
1320 4205 1461 4271 scriptores,

219 4287 376 4353 ceteroquin
395 4289 588 4342 eruditissimi:
599 4288 699 4342 mirum
712 4291 739 4341 io
748 4292 868 4343 modum
884 4296 976 4342 totam·
986 4291 1057 4342 banc
1070 4288 1248 4342 differentiam
1263 4290 1422 4343 Latinorum
1437 4301 1462 4337 aa

220 4373 350 4425 Italorum
369 4382 563 4438 perverterunt.
581 4376 717 4441 Exemplo
735 4391 795 4428 esse
813 4381 905 4441 potest
915 4374 1050 4427 Harduin.
1072 4375 1133 4427 Not.
1151 4383 1177 4426 et
1189 4374 1330 4426 Emendat.
1349 4375 1386 4426 ad
1400 4371 1462 4425 Plir-

217 4475 245 4526 p.
268 4463 324 4511 183.
347 4460 420 4512 Tem.
432 4460 458 4512 Ι.
473 4460 553 4512 Heio.
567 4486 597 4500 -
611 4459 652 4513 cf.
667 4461 773 4514 Walter
792 4460 828 4512 R.
850 4460 883 4512 G.
902 4476 928 4526 p.
948 4465 1037 4514 194-
1048 4463 1107 4512 196.
1121 4465 1149 4511 et
1165 4459 1297 4512 Huschke
1311 4459 1329 4512 1.
1344 4459 1362 4512 l.
1375 4476 1401 4526 p.
1412 4459 1461 4512 5³⁰·

220 4547 275 4594 not.
294 4547 336 4597 24.
356 4543 442 4597 Mtte.
706 4549 718 4562 ”
1312 4555 1315 4564 “
