3056 5168
243 384 316 476 aar
399 417 404 424 ·
694 399 771 470 an.
797 398 859 469 ru.
881 395 1053 471 ‘rm-vr.

245 581 398 666 scriptam
422 579 524 644 dedit-
541 577 659 662 Gajus:
682 578 765 662 „qui
790 577 931 662 agebat,
954 577 1000 639 sie
1022 574 1172 640 dicebat:
1193 577 1274 659 quod
1293 585 1324 638 ta
1338 578 1449 659 ambtja-

221 691 367 774 ¹dicatas
394 691 459 750 eive
483 688 657 749 damnatae
683 705 717 748 ee
741 685 927 748 Sestertium
953 685 991 746 X
1008 687 1107 757 malie,
1121 702 1209 769 'quae
1236 685 1299 745 doio
1323 685 1391 744 meto
1407 703 1450 744 aaa

245 798 379 868 calcasti,
400 796 435 856 ob
454 813 522 856 eam
544 813 610 854 rem
629 813 688 874 ego
705 791 762 854 sebi
777 795 962 856 dacbertum
980 793 1017 854 X
1030 795 1146 854 melium
1161 791 1298 874 judicati
1311 809 1405 850 manas
1417 792 1450 848 ia-

238 905 323 984 jabeb,
342 909 376 964 et
392 899 489 964 simul
510 898 653 982 aliquam
675 908 801 982 partem
819 901 966 984 corporis
983 900 1053 983 ejus
1068 899 1268 982 prendebat3
1289 915 1344 963 uec
1360 894 1449 957 licebat

240 1008 403 1093 judicato,
419 1027 548 1069 manum
568 1005 629 1068 sibi
646 1005 830 1089 depellere,
847 1014 881 1070 et
896 1028 957 1091 pro
980 1006 1108 1091 selega
1125 1027 1237 1089 agere,
1252 1003 1309 1067 sed
1328 1002 1448 1064 vindicem

247 1115 365 1195 dabat,
389 1114 446 1198 qui
461 1135 521 1196 pro
543 1133 579 1175 se
602 1133 728 1176 causam
747 1132 847 1197 agere
871 1113 1016 1177 solebata
1038 1115 1095 1198 qui
1111 1114 1272 1176 vindicem
1294 1131 1354 1174 non
1372 1109 1449 1184 dabat,

185 1252 188 1258 ·
247 1221 379 1284 domurn
395 1220 578 1302 ducebatur
599 1221 641 1282 ab
659 1228 771 1284 actore
794 1229 828 1284 et
845 1221 1073 1284 vinciebatur”
1092 1220 1237 1299 (wal.
1252 1218 1368 1283 Videt
1386 1233 1449 1296 supra

246 1329 320 1392 Lib.
335 1328 398 1392 111.
414 1326 482 1391 Tit.
498 1327 624 1410 XXX.
637 1327 813 1408 (XXIX.)
828 1329 857 1410 δ.
868 1329 928 1408 4.).
945 1327 1069 1392 Postea
1090 1327 1224 1410 legibus
1239 1333 1357 1390 cautum
1372 1331 1417 1402 est,
1428 1329 1450 1380 ut

246 1435 320 1502 aliis
336 1435 528 1518 quibusdam
545 1457 588 1500 ex
603 1437 707 1500 causis
723 1431 835 1500 manus
856 1434 1037 1520 injectione
1055 1443 1225 1520 ageretur3
1241 1440 1275 1495 at
1289 1453 1350 1496 non
1362 1447 1452 1512 semper

247 1539 364 1608 eudem
383 1544 515 1608 ratione
530 1565 570 1608 ae
585 1544 628 1608 vi.
649 1544 733 1606 Nam
751 1551 807 1607 aut
826 1564 887 1626 pro
903 1544 1047 1624 judicato
1065 1562 1180 1606 manus
1192 1541 1326 1628 injectio
1342 1537 1403 1600 data
1413 1544 1451 1608 est,

249 1659 306 1715 aut
326 1671 412 1734 ¹ptura
426 1657 471 1731 s).
493 1653 537 1715 Et
558 1651 641 1714 haec
660 1650 792 1736 quidem
818 1671 860 1714 eo
882 1650 1058 1726 differebat
1084 1673 1103 1713 a
1119 1649 1263 1736 judicati
1281 1666 1378 1725 causa,
1393 1639 1451 1728 quod

248 1765 342 1822 actor
364 1758 399 1821 in
421 1758 492 1842 ipsa
513 1759 599 1842 legis
625 1759 756 1822 actione
778 1779 845 1820 non
864 1757 1049 1840 adjiciebat·
1065 1756 1202 1820 verbum
1221 1777 1283 1838 pro
1296 1748 1450 1836 judicael),

250 1866 309 1930 sed
324 1864 492 1930 nominata
516 1865 654 1929 actionis
677 1871 773 1929 caasa
795 1865 990 1948 simpliciter
1004 1863 1197 1949 adjiciebatz
1221 1865 1257 1925 ob
1272 1883 1337 1923 eam
1354 1873 1448 1934 remago

249 1975 305 2036 tibi
319 1993 447 2034 manum
468 1974 587 2053 injicioc
603 1991 669 2056 quo
684 1973 774 2035 lacto
791 1985 921 2036 manum
937 1971 1000 2035 sibi
1016 1971 1189 2056 depellere
1209 1979 1244 2034 et
1261 1989 1319 2052 pro
1339 1979 1449 2045 reagere

183 2151 189 2164 ³
248 2079 374 2144 licebat
388 2077 577 2143 adversario
594 2080 689 2164 (Gaj,
699 2079 760 2147 lv.
770 2077 853 2159 Ἃ),
865 2080 988 2144 Postea
1005 2080 1154 2144 seuerior
1166 2078 1229 2144 illa
1239 2095 1344 2140 manus
1355 2067 1449 2155 injectio

249 2187 286 2249 in
304 2186 430 2250 duabus
452 2195 578 2250 tantum
601 2188 704 2250 causis
725 2195 858 2253 retenta
880 2195 946 2268 est,
968 2188 1118 2262 nimirum
1140 2187 1174 2250 in
1198 2185 1328 2250 actione
1342 2179 1451 2242 aduersu

243 2293 447 2377 judicatum,
465 2303 498 2358 et
513 2297 669 2360 adversus
692 2317 784 2377 eum,
805 2315 949 2380 proquo
964 2295 1144 2380 depensum
1168 2301 1258 2369 erat3
1281 2290 1333 2376 qui
1343 2286 1393 2350 nisi
1405 2283 1451 2346 vin·

249 2402 355 2466 dicem
380 2404 519 2483 dabant,
542 2404 673 2468 domum
695 2405 903 2470 ducebantur
916 2404 958 2483 ί).
972 2439 1014 2450 -
1029 2404 1096 2464 Per
1112 2405 1260 2484 pignoris
1278 2399 1450 2480 capuae

250 2507 403 2574 lennilius
429 2509 585 2574 adhibitis
607 2511 717 2576 verbis
739 2513 859 2594 pignus
881 2503 1092 2594 capiebatur,
1114 2508 1217 2593 idque
1244 2507 1286 2570 de
1307 2497 1450 2589 quibusdan

252 2617 355 2682 causis
371 2615 526 2696 moribus,
543 2616 585 2678 de
602 2616 676 2680 aliis
696 2617 776 2702 lege
789 2637 978 2681 concessum
1002 2623 1051 2680 est
1065 2617 1110 2696 1ῐ).
1133 2616 1309 2679 Caeterum
1321 2604 1451 2674 datiuu-

251 2731 313 2804 tur,
330 2744 371 2786 an
384 2721 690 2806 ad'legisactiones
705 2726 881 2789 referenda
897 2724 1102 2809 sitnpignoris
1117 2723 1226 2806 capio,
1244 2723 1378 2806 primum,
1392 2705 1450 2796 q¹1⁰d

233 2839 349 2917 „extra
365 2832 437 2916 jus,
454 2821 643 2913 saepissime
661 2834 759 2896 etiarn
780 2834 917 2898 absente
934 2829 1122 2896 adversario
1145 2831 1368 2915 peragebatur,
1386 2822 1450 2903 quau

251 2941 409 3030 caeterae·
427 2939 575 3001 actiones
596 2941 682 3021 apud
707 2941 902 3004 Praetorem
925 2947 959 3003 et
983 2949 1158 3024 praesente
1181 2929 1362 3000 adversario
1380 2929 1451 2990 lacae

251 3046 391 3120 fuerint3
414 3044 551 3123 deinde,
574 3045 663 3131 quod
682 3049 815 3112 uetusto
839 3049 904 3129 die,
923 3049 945 3111 i,
961 3069 991 3110 e.
1007 3068 1067 3127 eo,
1091 3067 1157 3133 quo
1180 3067 1249 3109 uon
1268 3044 1386 3118 liceret,
1402 3034 1452 3112 lege

254 3173 371 3238 agere,
393 3152 512 3236 pignus
532 3156 776 3239 capi'potuerit
796 3149 888 3240 (Gaj.
900 3156 960 3218 IV.
979 3155 1060 3236 29.).
1083 3153 1245 3217 Similiter
1265 3144 1390 3214 dubitari
1406 3143 1452 3224 pot·

241 3269 303 3357 ⁸est
317 3263 356 3324 de
372 3263 574 3336 condictione,
596 3283 672 3325 num
688 3264 722 3326 in
743 3263 828 3348 legis
845 3264 1009 3327 actionum
1026 3282 1162 3325 numero
1180 3281 1259 3323 vere
1275 3251 1404 3321 habenda
1414 3245 1452 3306 tii?

252 3369 350 3432 Licet
373 3368 459 3429 enim
481 3368 553 3464 ipsa
573 3370 707 3434 testatio
730 3371 763 3434 in
778 3371 856 3454 jure
878 3370 1070 3456 peragenda
1092 3369 1209 3451 fuerit,
1233 3367 1448 3430 absentemur

253 3474 443 3538 adversario
465 3476 576 3540 fiebat.
598 3477 646 3540 At
666 3499 777 3542 nonne
798 3488 871 3543 tota
894 3478 1028 3564 hujusce
1055 3477 1195 3540 actionis
1216 3473 1301 3538 ratio
1326 3492 1360 3536 ac
1379 3465 1414 3529 vit
1427 3477 1452 3520 0⁰

254 3582 347 3646 velut
361 3581 519 3666 figmento
535 3585 776 3666 continebatur,
795 3589 887 3670 quasi
904 3587 1014 3649 omnia
1034 3585 1098 3648 rite
1117 3586 1253 3667 peracta
1269 3579 1453 3654 fuerintquee

254 3690 287 3752 in
309 3689 421 3752 litibus
439 3691 626 3771 aperiendis
642 3695 826 3758 necessaria
843 3694 1021 3777 antiquitus
1043 3693 1183 3756 fuerint?
1205 3691 1299 3753 Haec
1319 3686 1403 3771 igitur
1417 3671 1454 3735 sii

176 3800 180 3804 ’
255 3805 399 3882 potestas
419 3796 694 3882 denuntiationis,
718 3801 759 3863 de
783 3809 848 3884 qua
869 3822 966 3886 supra
985 3799 1211 3887 exposuimus,
1235 3797 1324 3882 quasi
1345 3797 1455 3876 praesens

324 3997 356 4062 g)
377 3994 481 4048 Priorls
494 3999 619 4062 exempta
637 3999 691 4052 vid.
710 3997 737 4050 in
757 3997 818 4062 Gaj.
837 3999 887 4052 ΙΙΙ.
906 4000 926 4066 ξ.
946 4005 1005 4054 127.
1019 4001 1068 4052 IV.
1086 3999 1108 4066 b.
1121 4003 1162 4051 22.
1181 4002 1208 4048 et
1226 3995 1259 4047 cf.
1279 4005 1355 4058 supra
1370 3983 1416 4038 Lib·
1426 3973 1456 4028 1¹¹·

254 4079 309 4133 Tit.
328 4081 413 4133 XXI.
436 4079 536 4147 (XX.)
556 4083 577 4148 ξ.
599 4087 639 4134 10.
658 4089 714 4134 uot.
734 4086 768 4143 t.;
786 4081 958 4147 posterioris:
977 4083 1041 4136 ibid.
1059 4083 1108 4135 IV.
1126 4085 1147 4150 ᾗ.
1165 4085 1208 4135 23.

323 4164 356 4230 b)
378 4165 520 4217 Caeterum
538 4167 566 4218 in
584 4168 671 4220 forma
689 4166 755 4233 legis
773 4169 871 4220 Furiae
896 4169 1126 4231 testamentariae,
1144 4168 1207 4220 licet
1228 4180 1296 4232 pura
1313 4177 1344 4212 ex
1362 4157 1402 4207 11³⁰
1420 4148 1456 4207 iiie

255 4249 319 4301 data
337 4251 372 4302 sit
390 4265 486 4302 manus
504 4250 624 4318 injectio,
643 4257 733 4304 tamen
747 4255 933 4323 prejudicato
947 4253 1059 4306 verbum
1077 4244 1259 4313 inserebalur3
1276 4245 1345 4317 quod
1360 4237 1419 4293 nulla
1431 4243 1456 4280 η·

153 4379 157 4383 ,
254 4332 329 4385 tione
346 4335 447 4386 lactum
465 4349 525 4387 esse
541 4335 595 4402 ipsi
612 4336 701 4406 visum
715 4342 758 4388 est
775 4337 855 4404 Gajo,
873 4339 921 4391 IV·
942 4341 962 4405 ξ.
981 4343 1023 4390 24.

290 4479 299 4497 l
318 4411 753 4488 ·a)auuaeajm(1v.s.2a):
773 4421 868 4486 ‚aaa
882 4423 982 4476 nostris
1002 4421 1221 4488 temporaneis,
1239 4433 1298 4471 cum
1315 4425 1364 4482 quo
1376 4391 1457 4473 ,naas

257 4499 402 4567 depensire
420 4505 518 4571 agitur,
532 4505 685 4572 judicatum
704 4505 774 4570 sobai
791 4499 927 4560 ‘satisdare
944 4507 1080 4573 cogitur.''

325 4587 359 4653 k)
379 4584 528 4658 Utriusque
547 4593 672 4659 exempla
689 4591 806 4657 reperies
824 4591 853 4645 iu
872 4586 943 4658 eajo
961 4589 1011 4646 lv.
1030 4593 1051 4659 t.
1069 4597 1111 4646 27.
1129 4593 1170 4644 28.
