3056 5154
211 406 292 475 sss.
545 401 622 470 ns
644 399 706 468 nr.
730 399 810 467 un.
835 399 944 467 m
969 399 1129 487 (xxix)

210 580 361 664 Pergunt
376 576 584 641 Decemviri:
605 591 1011 641 s1.r01.sr.sno.vrvrro.
1033 593 1081 638 nr.
1101 589 1177 638 suo.
1196 591 1298 636 nur.
1320 589 1384 648 on.
1399 591 1456 636 us.

211 701 547 750 moronensem.
568 699 698 748 uranus.
718 699 848 747 renuis„
868 699 913 746 nt.
933 699 1020 746 urus.
1043 699 1145 745 nero.
1166 697 1208 746 ει.
1226 697 1346 742 vom.
1369 696 1457 744 reus

211 810 314 857 narn.
335 792 376 854 Iu
398 793 477 855 nexi
499 813 581 875 ergo
600 791 742 875 positum
761 798 834 853 erat
852 792 1001 869 arbitrio,
1018 811 1122 853 suone
1138 789 1281 869 vivere,·
1293 809 1370 850 aua
1390 809 1460 851 cre-

214 900 324 963 ditore
340 897 385 963 ali
401 899 525 963 mallet
547 899 585 961 Si
605 899 671 960 boc
690 897 851 982 eligeret,
867 907 937 961 turn
956 899 990 961 iu
1006 897 1234 981 quotidianum
1250 895 1371 957 victum
1392 896 1458 958 dari

212 1008 244 1070 ei
259 1008 438 1090 oportebat
452 1007 570 1070 libram
585 1006 695 1080 farris,
709 1004 744 1067 id
766 1013 833 1086 est,
850 1028 916 1068 uon
931 1027 1051 1089 panem
1073 1004 1158 1068 tanti
1173 1002 1333 1087 ponderis
1346 1009 1392 1084 t),
1405 1003 1459 1066 sed

212 1115 337 1201 prdtem
354 1115 495 1178 farreum
510 1113 558 1194 h)‚
581 1135 645 1197 qua
659 1112 804 1176 Romani
827 1122 894 1175 turn
918 1113 1141 1197 frequentius,
1163 1133 1261 1196 quam
1284 1111 1359 1194 ipso
1381 1132 1459 1193 pane

211 1222 447 1285 vescebantur:
470 1221 599 1284 Plinius
622 1221 708 1282 Hist.
729 1220 806 1280 Nat.
832 1221 957 1281 XVIII.
978 1220 1009 1282 8.
1038 1219 1193 1282 Valerius
1215 1219 1308 1282 Max,
1330 1220 1372 1309 II.
1391 1219 1418 1279 5.
1431 1220 1460 1279 5.

171 1399 174 1405 ,
211 1327 385 1394 Iuvenalis
403 1328 471 1389 Sat.
494 1329 584 1389 XIV.
601 1325 840 1412 [*o.17tl.sq.]
864 1325 1023 1410 Denique
1044 1326 1171 1390 addunt
1183 1325 1396 1389 Decemviri:
1418 1342 1461 1388 ru.

213 1453 293 1499 coll.
307 1453 360 1498 lto.
377 1451 487 1515 auctr,
505 1451 552 1497 ux
570 1449 657 1496 mus,
674 1449 953 1497 summensis.
968 1449 1149 1497 enumero.
1167 1449 1461 1496 murmurium.

212 1559 387 1608 simonos
401 1555 594 1605 comannis.
608 1558 654 1604 nt.
666 1557 845 1604 consuluit.
861 1557 1061 1603 mommo.
1075 1555 1252 1615 mulsoue.
1268 1556 1461 1604 miurus.

212 1666 379 1715 Jourosrl.
392 1663 615 1712 emmeno.
626 1663 701 1711 Asr.
712 1663 754 1711 ss.
765 1663 939 1710 reuulsus.
950 1663 1076 1710 neuun.
1090 1665 1147 1710 uus
1161 1647 1368 1727 ¹).ruau·11s
1383 1663 1462 1710 surt-

214 1773 317 1822 uluis.
332 1771 462 1820 Pnurls.
481 1771 642 1819 SBGANTO·
659 1767 700 1818 sl.
723 1769 818 1818 PLUS·
836 1769 952 1818 umus.
968 1771 1018 1816 vlt.
1034 1769 1242 1818 sueonum.
1254 1769 1307 1817 SR.
1329 1771 1462 1816 FRAUDR.

214 1879 309 1928 ssro.
331 1863 513 1946 Sexaginta
532 1883 614 1944 ergo
630 1862 702 1925 dies
717 1881 821 1924 nexus
840 1870 913 1924 erat
926 1861 961 1922 iu
977 1862 1107 1944 privato
1131 1860 1309 1924 creditoris
1329 1881 1461 1940 earcere,

214 1973 410 2055 intereaque
420 1968 557 2052 singulis
566 1969 719 2033 nundinis
727 1967 1462 2054 producendusiul'orum,proclamaudumqne

215 2097 277 2164 per
299 2097 516 2161 praeconem,
532 2085 688 2160 quantum
704 2079 868 2160 pecuniae
888 2077 1026 2157 debeat,
1045 2077 1071 2139 si
1094 2077 1166 2160 quis
1181 2075 1289 2157 forte,
1306 2084 1375 2139 tarn
1391 2077 1462 2138 tristi

215 2186 405 2271 spectaculo
419 2193 610 2265 commotus,
624 2207 687 2268 pro
702 2207 744 2247 eo
761 2184 953 2268 dependere
967 2183 1081 2248 vellet
1097 2184 1133 2246 Si
1148 2203 1259 2268 neque
1278 2183 1462 2267 dependere

216 2293 386 2380 quisquam
399 2302 486 2356 esset
497 2293 602 2374 ausus,
613 2313 675 2355 nec
685 2293 757 2377 ipse
773 2294 949 2357 obaeratus
963 2293 1050 2356 intra
1060 2292 1120 2354 bos
1130 2291 1197 2353 Lx
1210 2290 1282 2353 dies
1293 2292 1463 2374 transegie

159 2455 164 2464 .
217 2410 281 2465 set:
310 2402 412 2464 fiebat
434 2417 562 2466 suerro.
584 2399 632 2464 At
653 2399 780 2484 qualis?
800 2398 855 2462 De
878 2401 1025 2484 corporis
1047 2399 1196 2462 sectione
1216 2398 1252 2460 id
1275 2397 1463 2482 intelligunt

216 2509 442 2573 Tertullianus
453 2511 643 2590 Apologetio.
657 2529 684 2569 o.
698 2506 729 2569 4.
751 2506 995 2583 Quinctilianus
1006 2510 1083 2570 Inst.
1095 2515 1176 2569 orat.
1184 2506 1245 2566 ΙΠ.
1256 2505 1288 2567 6.
1303 2502 1379 2590 ipse
1389 2506 1463 2569 Gae-

217 2617 312 2681 cilius
327 2615 415 2699 apud
434 2613 579 2678 Gellium
596 2614 670 2674 XX.
687 2614 717 2675 1.
734 2615 792 2698 qui
806 2622 917 2678 tamen
935 2625 1037 2700 negat
1051 2623 1119 2678 tam
1134 2615 1250 2676 durum
1267 2634 1308 2676 ac
1324 2613 1463 2676 inhuma-

217 2745 293 2788 num
316 2722 509 2808 supplicium
526 2741 678 2805 umquam
700 2729 838 2785 sumtum
861 2744 933 2787 esse
948 2725 990 2786 ab
1013 2722 1195 2803 obaeratis,
1211 2720 1371 2805 adeoque
1390 2720 1462 2786 illud

217 2840 343 2895 tantum
360 2828 494 2893 terroris
509 2849 621 2892 caussa
636 2828 706 2914 legi
722 2829 900 2893 adcessisse
923 2831 1101 2894 existimat.
1120 2831 1169 2892 At
1184 2828 1227 2892 de
1243 2829 1399 2892 sectione
1413 2829 1463 2891 bo-

218 2959 333 3002 norum
355 2938 391 3001 id
412 2938 668 3021 interpretantur
692 2936 861 3000 Robertus
875 2940 949 3000 Iter.
974 2940 1076 3000 dudio.
1092 2939 1134 2998 Π.
1149 2937 1180 2998 6.
1202 2944 1237 2998 et
1258 2936 1363 3000 Corn.
1384 2938 1463 3020 Byc-

217 3045 382 3108 kersboek
408 3046 581 3106 Observatt.
603 3043 673 3108 Ι.1.
700 3047 744 3108 Et
769 3065 847 3108 sane
873 3054 910 3108 ut
932 3066 1045 3126 corpus
1071 3065 1172 3128 saepe
1197 3052 1294 3107 notat
1324 3045 1415 3108 bona
1436 3053 1462 3106 et

287 3299 320 3365 g)
339 3298 412 3351 Hine
430 3313 485 3350 non
508 3303 558 3360 est,
579 3300 654 3367 quod
676 3307 829 3366 suspectam
847 3301 899 3353 viri
921 3302 1021 3353 eruditi
1038 3301 1155 3353 habeant
1179 3301 1248 3353 trane
1267 3301 1369 3354 librum
1386 3303 1461 3355 farris

219 3385 278 3437 Neo
289 3383 456 3436 admittenda
472 3384 580 3437 videtur
597 3385 752 3451 conjecture
764 3385 836 3438 Guil.
854 3384 977 3438 Fornerii
997 3386 1090 3438 Selcet.
1108 3387 1133 3438 1.
1146 3391 1172 3440 6.
1185 3385 1232 3454 qui
1243 3385 1273 3438 iu
1291 3388 1356 3453 lege
1371 3388 1464 3439 deoem-
1516 3393 1517 3408 ¹

142 3478 146 3484 '
219 3467 297 3522 viruli
323 3467 466 3533 legendum
489 3473 567 3533 putat
592 3482 689 3521 srssru
707 3484 729 3522 s.
752 3483 859 3535 erasis,
877 3471 905 3523 id
929 3475 982 3536 est,
1001 3469 1095 3523 libram
1121 3475 1198 3524 semis
1212 3471 1316 3538 sarria
1343 3471 1463 3534 Quamvis

221 3553 292 3606 enirn
310 3553 378 3605 alias
395 3552 523 3605 minimus
541 3555 639 3605 modus
656 3555 718 3619 cibi,
737 3572 793 3623 quo
816 3557 976 3622 frugaliores
993 3557 1099 3608 Romae
1116 3558 1268 3620 utebantur,
1287 3563 1364 3608 esset
1381 3554 1464 3609 relitrs

212 3638 319 3707 sarria:
335 3637 534 3703 intelligebatur
551 3644 641 3690 tumen
664 3644 729 3692 tunc
751 3642 829 3706 panis
847 3641 929 3704 larrei
946 3640 1052 3692 selibra.
1077 3643 1114 3694 At
1136 3641 1215 3694 larris
1232 3641 1260 3692 iu
1284 3644 1394 3706 pultem
1411 3657 1464 3692 cou-

222 3722 332 3789 spisssti
351 3721 419 3776 libro
436 3729 494 3775 erat
512 3723 646 3789 legitimus
663 3724 742 3777 diarii
754 3725 859 3778 servilis
877 3726 984 3790 modus,
1000 3727 1055 3779 imo
1073 3730 1100 3777 et
1117 3726 1195 3791 panis
1214 3726 1296 3777 ferrei
1315 3727 1389 3778 libra
1408 3739 1465 3793 quo

221 3808 287 3861 tidie
305 3808 390 3861 servis
411 3807 469 3859 dari
488 3809 605 3861 solebat:
624 3809 755 3862 Horatius
780 3812 899 3864 Sermon.
918 3811 975 3864 Lib.
995 3811 1084 3865 1.εαί.
1106 3816 1131 3864 5.
1151 3809 1178 3881 [*
1193 3829 1215 3862 o.
1233 3815 1277 3864 68.
1295 3811 1350 3881 sp]
1377 3814 1465 3864 Postea

221 3893 336 3962 captivis
354 3893 547 3946 libellaeduac
565 3895 679 3946 veltres
698 3896 844 3949 dabantur:
863 3899 894 3950 L.
914 3904 937 3949 l.
959 3897 988 3950 0.
1010 3897 1107 3948 Theod.
1126 3898 1158 3948 de
1179 3896 1285 3948 custod.
1302 3913 1379 3947 reor.
1397 3895 1465 3946 Heia.

291 3979 323 4046 h)
345 3981 473 4031 Plautum
491 3992 601 4045 quoquc
620 3981 691 4032 huuc
704 3982 890 4034 Romanorum
902 3980 1003 4034 victum
1015 3984 1072 4034 sale
1089 3982 1193 4034 comico
1211 3979 1394 4046 adspersisse,
1409 3995 1466 4031 uon·

221 4065 289 4119 nulli
306 4063 470 4128 existimant,
489 4069 516 4116 et
532 4066 670 4136 Romunos
694 4083 806 4120 vocasse
820 4067 990 4136 putlrplropor
1008 4065 1148 4119 barbaros:
1169 4065 1317 4118 Mostellar.
1338 4067 1400 4118 Aet.
1420 4062 1466 4116 III.

221 4169 257 4203 sc.
269 4155 294 4218 2.
305 4167 328 4200 o.
344 4153 400 4201 143.
414 4149 528 4202 Poenut.
543 4150 652 4218 Prolop.
664 4169 687 4202 o.
700 4157 742 4204 54.
760 4153 797 4203 Et
813 4152 852 4204 tta
870 4153 990 4206 sentiunt
1008 4151 1152 4206 Marcilius
1163 4153 1199 4203 ad
1214 4151 1284 4204 XII
1297 4149 1382 4203 Tala.
1391 4169 1421 4220 p.
1433 4153 1465 4204 85.

221 4235 365 4288 Turnebus
382 4234 493 4287 Adsere.
515 4226 603 4288 XIX.
618 4241 657 4288 12.
676 4237 784 4302 Lipsius
803 4240 834 4289 ds
852 4239 925 4290 milit.
945 4241 1023 4291 Rom.
1043 4238 1070 4290 V.
1084 4240 1125 4288 16.
1144 4240 1180 4288 At
1194 4234 1231 4286 ibi
1249 4250 1305 4286 nou
1324 4235 1465 4287 Romanos.

223 4321 271 4372 scd
289 4319 524 4386 Carthaginenses,
542 4319 655 4388 intelligi
673 4323 791 4375 ostendit
808 4325 1002 4376 'l'uubmaunus
1016 4341 1046 4392 p.
1060 4327 1120 4376 559.
1138 4327 1165 4373 et
1182 4324 1241 4373 863.
1261 4321 1344 4373 Heln.

291 4405 316 4471 i)
336 4407 378 4458 lta
400 4406 543 4472 legendum
566 4422 609 4457 res
633 4405 694 4470 ipsa
721 4413 819 4460 mouet.
844 4410 934 4474 Vulgo
959 4411 1066 4474 legunt:
1084 4423 1132 4460 rsr
1157 4403 1466 4470 scriburnensis

223 4503 332 4558 quoque
350 4491 435 4558 legem
453 4491 551 4542 extulit
575 4491 767 4554 Gotbol'redus‚
786 4495 860 4545 nullo
878 4509 944 4544 saue
962 4509 1051 4547 sensu.
1070 4493 1150 4544 Heia.
1172 4493 1240 4553 1m0‚
1258 4489 1366 4554 optimo
1384 4505 1465 4543 sensu

224 4572 294 4627 Nam
311 4575 353 4626 ret
369 4581 433 4627 suut
451 4574 606 4629 creditores.
625 4573 678 4627 Vid
696 4577 794 4630 Festus
812 4595 837 4631 v.
855 4578 1061 4631 reru.1)irksen
1079 4577 1096 4629 1.
1110 4577 1127 4628 l.
1141 4591 1169 4642 p.
1183 4579 1242 4628 26⁶2.
1262 4573 1352 4626 neta
