3122 5162
493 371 548 442 De
571 373 734 444 Poenicis
759 373 921 443 Junrmrs.
1265 355 1337 451 803

82 506 230 630 Dtblotor
246 553 296 616 tto
310 552 412 614 tn‘lor'.
437 551 621 613 Commendo
639 522 840 626 oobr'es'llom,
857 559 888 613 ol
903 552 1000 626 illum,
1013 559 1051 612 ot
1065 561 1168 616 oesoo
1186 557 1339 638 suffragio

82 682 174 724 soom
188 661 373 743 dr'gm‘tatem
390 661 515 722 terreat:
537 657 715 722 Suetonius
733 658 770 721 0.
780 658 844 720 Jol.
863 658 991 722 Caesar.
1006 680 1032 721 o.
1047 659 1099 721 41.

646 805 688 888 '§.
709 805 761 868 79.

523 925 581 977 Lex
598 923 673 978 Julia
691 927 725 978 de
741 925 839 980 ambito
850 927 899 994 ¹¹1).

104 1092 106 1096 ,
167 1024 340 1088 Postrema
356 1033 406 1088 est
423 1042 609 1089 euxouurt
631 1045 676 1091 nu
692 1044 823 1091 suerro
831 1075 840 1110 ,
864 1028 955 1113 cujus
975 1026 1008 1090 iu
1025 1024 1205 1090 Pandeetis
1220 1026 1339 1096 nostris
1391 1046 1395 1053 '

83 1135 121 1197 fit
136 1133 272 1210 mentio,
286 1131 357 1196 lata
379 1135 421 1198 ab
443 1134 596 1216 Augusto
611 1135 827 1219 Imperatore.
850 1135 918 1198 Sed
940 1155 986 1196 ea
1001 1155 1069 1197 non
1092 1153 1173 1217 opus
1193 1132 1257 1198 fuit
1272 1133 1340 1216 diu,

84 1240 257 1326 siquidem,
273 1240 414 1304 comitiis
428 1246 461 1342 ¹¹)
477 1245 536 1305 sub
552 1241 692 1306 Tiberio
708 1264 855 1327 ecampo
872 1239 1037 1308 translatis
1053 1240 1096 1304 ad
1107 1247 1227 1324 patres,
1241 1263 1339 1306 omne

84 1349 225 1414 ambitus
240 1349 364 1412 crimen
381 1350 524 1412 evanuit.
550 1349 650 1413 Unde
664 1350 723 1414 lex
739 1351 879 1414 ambitus
896 1351 938 1414 ad
956 1372 1013 1413 eos
1029 1356 1154 1412 tanturn
1169 1349 1340 1434 pertinere
1427 1349 1431 1358 '

84 1457 155 1523 visa
172 1449 239 1539 est‘,
262 1455 374 1542 quiin
397 1447 581 1541 municipiis
604 1455 843 1545 duumviratum
866 1458 922 1522 vel
943 1455 1179 1539 sacerdotium,
1201 1464 1237 1520 ut
1260 1466 1340 1541 puta

82 1564 327 1650 Alytsrcbiam,
343 1567 505 1648 corruptis
522 1565 746 1630 Decurionum
769 1565 951 1650 suffragiis,
966 1565 1021 1630 vel
1044 1565 1205 1629 advocata
1226 1585 1341 1629 servo-

82 1697 154 1740 rum
171 1674 279 1738 aliave
302 1672 522 1755 mullitudine,
538 1653 760 1737 obtinuerint:
782 1675 820 1736 t.
835 1674 867 1737 1.
883 1675 924 1736 1).
943 1676 987 1736 od
1001 1673 1078 1756 Leg.
1096 1672 1160 1736 Jol.
1177 1675 1217 1736 ele
1236 1675 1338 1760 orols't.

83 1785 152 1846 Eos
168 1783 273 1864 enim,
288 1790 325 1845 ut
347 1781 395 1844 vis
411 1779 565 1864 publicae
587 1803 682 1864 reos,
701 1783 922 1866 imperatores
944 1788 1122 1867 sequentes
1143 1777 1178 1842 in
1200 1777 1338 1846 insulam
1421 1795 1424 1812 ¹

84 1890 255 1978 deportari
268 1890 453 1976 jusserunt:
475 1888 598 1952 Paulus
614 1890 769 1956 Senleolt.
785 1891 925 1970 Recepto.
946 1889 981 1951 V.
996 1887 1046 1954 30.
1060 1890 1104 1970 A.
1119 1888 1149 1952 1.

665 2037 761 2119 §.eo

590 2153 727 2206 Conclusio
746 2155 841 2222 operto.
1350 2220 1352 2228 Α

169 2255 224 2320 Sic
247 2255 371 2323 emensi
394 2254 524 2318 demum
547 2253 631 2318 illud
655 2254 861 2338 antiquitatis
875 2253 1005 2316 Romae
1026 2243 1112 2334 iter,
1124 2252 1226 2338 nihil,
1249 2253 1338 2337 quod

83 2363 408 2448 ad3intelligeotiam
424 2363 676 2430 Institutionum
686 2362 771 2447 juris
793 2359 938 2426 Romani
960 2351 1179 2426 necessarium
1201 2359 1340 2424 videba-
1414 2350 1419 2354 ’

81 2483 156 2554 tur,
177 2472 327 2536 videmur
347 2471 442 2534 nobis
465 2471 622 2535 omisisse.
644 2471 776 2553 Quare,
792 2478 957 2556 tamquam
980 2469 1075 2551 fessi,
1097 2487 1140 2532 ne
1162 2467 1283 2531 diutius
1306 2468 1340 2531 in

1 2655 2 2658 Ἴ
82 2582 196 2648 aliena
212 2579 383 2665 republica
398 2601 574 2664 versemur,
589 2581 622 2644 in
639 2579 780 2666 patriam
798 2578 994 2644 revertimur
1008 2576 1225 2663 postliminio,
1241 2574 1342 2640 visuri

81 2691 122 2756 in
136 2674 322 2774 posterum,

231 2851 233 2855 ·
321 2820 407 2898 Quid
426 2819 565 2882 domatus
586 2823 702 2886 nostro
719 2821 819 2905 proor‘
836 2823 950 2881 reotioe
969 2825 1112 2902 geratur.

159 3074 202 3139 m)
222 3071 360 3125 Ferratius
378 3072 448 3140 Epp.
466 3073 488 3124 1.
508 3075 548 3124 1³.
566 3071 625 3124 Jos.
644 3069 809 3125 Gabeleouis
825 3069 941 3122 Comitis
961 3067 1122 3125 Sarmatorii
1152 3065 1259 3136 (potius
1279 3067 1338 3120 Gir.

81 3157 244 3226 Menoetii)
266 3157 337 3210 ooo.
355 3158 392 3209 ool
414 3157 496 3226 leyem
514 3155 617 3208 Jottom
635 3158 667 3208 cle
693 3155 800 3208 omlitu.
818 3155 895 3221 Lips.
917 3157 991 3208 1743.
1014 3158 1041 3206 4.
1062 3158 1090 3205 et
1115 3151 1144 3204 in
1162 3150 1340 3218 Feilenbergii
1372 3203 1374 3208 ,
1405 3205 1408 3214 ,

81 3245 210 3313 Jun'opr.
229 3249 284 3296 ont.
303 3244 336 3296 Τ.
354 3243 376 3296 Ι.
388 3259 416 3310 p.
431 3243 579 3297 447489.
598 3240 726 3294 Rosebirt
743 3242 760 3294 l.
778 3241 795 3296 l.
814 3241 834 3309 ξ.
853 3243 912 3294 246.
931 3256 957 3305 p.
975 3241 1095 3308 etusq.
1113 3235 1203 3304 Houb.

160 3331 194 3396 n)
213 3329 266 3382 His
284 3329 427 3397 nimirum,
447 3345 517 3400 quae
528 3327 737 3396 magistratuum
748 3327 928 3380 creandorum
939 3341 1022 3378 eausa
1040 3325 1154 3386 fiebant;
1173 3321 1227 3376 vid.
1240 3319 1300 3374 Lib.
1317 3317 1340 3385 I.

60 3449 63 3453 ·
82 3413 145 3470 Tit.
163 3413 200 3466 11.
218 3413 239 3482 ξ.
256 3417 299 3468 44.
318 3411 404 3466 Miill.
