3062 5164
512 407 567 474 Dn
592 405 699 474 June·
713 361 864 474 lrnnroo.
1241 407 1313 476 999
1395 445 1404 464 =

51 601 256 650 rnnnrsoro
272 599 482 649 rnsnronros
498 584 541 646 V.
556 581 593 645 C.
607 583 706 645 Ever.
721 582 804 645 Otto
815 583 856 644 da
866 583 969 646 Aedll.
982 585 1095 643 manto.
1111 579 1195 644 ala
1207 579 1315 643 Doni*

52 715 120 779 que
138 702 219 778 post
234 693 485 756 Constantinum
504 692 551 756 M.
565 691 672 755 diviso
686 709 788 772 saepe
806 690 958 772 imperio,
978 687 1178 754 Consulares
1193 687 1314 752 Italiae

51 804 178 866 iterum
203 808 426 864 memorantur
447 800 489 862 ab
510 800 697 880 Ammiano,
720 798 915 882 Symmacho
940 807 975 861 et
996 797 1207 876 cassiodoro,
1231 815 1314 879 quos

53 911 242 994 aliquando
269 917 303 972 et
323 925 598 988 nonsnsronun,
624 919 807 970 aaaronuu
834 912 868 967 et
896 920 1097 970 rnnssunun
1127 901 1314 965 nominibus

52 1019 191 1100 venire,
217 1017 372 1080 observat
395 1014 514 1077 Thom.
533 1015 669 1078 Raines.
695 1015 807 1076 Comm.
825 1015 869 1074 od
887 1014 985 1075 Inscr.
1001 1035 1033 1095 p
1050 1011 1122 1077 897.
1148 1013 1193 1074 Et
1209 1011 1252 1074 ab
1272 1031 1314 1073 eo

54 1136 212 1210 tempore
234 1123 420 1188 immunitas
438 1123 532 1186 ltalis
556 1117 670 1206 patino
685 1121 832 1203 ademta,
856 1129 889 1184 st
912 1120 1037 1184 tributa
1062 1118 1102 1182 iis
1123 1117 1315 1202 gravissima

55 1235 184 1297 indicta
204 1239 296 1296 sunt:
314 1231 476 1296 Schwarz.
492 1234 511 1293 l.
527 1253 553 1294 a.
570 1232 599 1311 §.
614 1231 665 1293 12.
678 1251 712 1312 p.
730 1229 781 1292 36.
803 1230 859 1313 qui
878 1228 978 1292 etiarn
996 1228 1195 1308 observavit,
1213 1227 1315 1289 vesti-

58 1343 109 1422 gia
119 1341 209 1425 juris
228 1340 340 1403 Italici
360 1348 487 1404 tantum
503 1359 571 1402 non
594 1339 705 1400 omnia
725 1337 891 1402 sustulisse
906 1336 1147 1418 Iustinianum,
1165 1335 1200 1398 id
1224 1333 1314 1419 quod

57 1471 170 1512 verum
199 1469 289 1528 esse,
308 1448 364 1512 vel
385 1467 429 1509 ex
448 1449 485 1508 L.
503 1467 556 1510 aa.
578 1447 611 1508 0.
627 1445 666 1508 de
689 1445 825 1527 Usucop.
850 1447 965 1523 tronus.
986 1443 1023 1506 t.
1041 1443 1070 1504 l.
1097 1445 1129 1505 0.
1149 1445 1188 1505 de
1203 1445 1315 1504 Annal.

59 1579 124 1619 erc.
143 1560 217 1620 Ital.
231 1563 267 1618 et
278 1560 413 1638 princip.
427 1556 506 1616 [ηπ.
530 1556 650 1632 Quales
667 1557 809 1618 altenare
823 1557 895 1616 lieet
907 1556 957 1615 ool
971 1571 1044 1626 noa,
1069 1552 1148 1614 satis
1168 1550 1316 1634 adparet.

636 1707 664 1789 §.
686 1705 736 1768 97.

563 1823 614 1877 Jus
632 1823 756 1877 Italicum
771 1821 811 1891 l).

142 1927 220 1990 Non
237 1925 341 1990 multo
358 1925 478 1989 certius
496 1924 643 2007 videtur,
661 1925 773 2011 quain
795 1947 830 1989 re
848 1925 951 2011 ipsum
969 1922 1024 2009 jus
1046 1921 1198 1987 Italicum
1216 1922 1316 1988 fuerit

61 2035 212 2118 positum.
235 2033 345 2098 Multa
360 2033 438 2098 Itali
454 2055 525 2097 cum
552 2033 647 2096 sociis
666 2032 778 2098 Latini
797 2034 937 2097 nominis
952 2031 1099 2098 habuere
1122 2033 1316 2095 communia.

61 2143 135 2206 Non
159 2143 265 2226 magis
285 2141 391 2227 gavisi
413 2151 487 2205 sunt
500 2143 577 2226 jure
597 2140 794 2219 Quiritium,
818 2164 914 2225 quam
932 2141 1060 2222 Latini3
1084 2151 1117 2205 at
1136 2140 1184 2203 usi
1204 2149 1315 2204 tamen
1397 2163 1405 2178 ¹

60 2261 132 2315 sunt
146 2251 280 2335 juribus
298 2271 402 2313 nexus
418 2257 453 2312 et
466 2251 762 2333 mancipationum,
784 2250 910 2312 annalis
929 2248 1154 2331 exceptionis,
1167 2249 1244 2332 jure
1262 2270 1317 2310 ca-

60 2359 192 2443 piendi,
206 2357 556 2442 aliisquequibusdam
573 2357 756 2438 beneficiis,
774 2357 908 2420 sirecte
927 2357 1071 2442 conjecit
1089 2357 1193 2417 Henr.
1208 2355 1316 2417 Neris.
1359 2379 1362 2386 ·

61 2470 100 2530 de
114 2468 237 2548 Epiust
251 2466 332 2547 Syro
349 2465 471 2527 Maced.
487 2466 542 2526 IV.
554 2488 587 2547 p.
601 2465 672 2530 428.
698 2465 823 2528 Saltem
841 2465 874 2528 in
892 2463 942 2528 his
958 2465 1108 2528 omnibus
1126 2485 1182 2525 eos
1199 2462 1318 2524 melio-

62 2577 103 2639 ris
118 2576 223 2639 fuisse
240 2573 450 2653 conditionis,
466 2594 562 2657 quam
575 2573 722 2654 Latinos,
737 2594 804 2666 non
821 2583 946 2637 temere
964 2571 1171 2637 crediderim.
1189 2570 1317 2634 Eadem

65 2685 210 2768 utrisque
235 2681 299 2746 fuit
320 2703 451 2755 census,
475 2680 589 2742 eadem
614 2681 809 2744 tributorum
833 2691 866 2745 et
890 2681 1103 2766 vectigalium
1128 2681 1232 2760 ratio,
1255 2677 1317 2742 nisi

72 2791 153 2875 quod
167 2790 248 2854 ltali
264 2789 378 2872 paullo
391 2789 505 2851 durius
517 2787 622 2850 habiti
638 2787 800 2852 videntur.
816 2790 849 2851 A
860 2789 1092 2874 Neapolitanis
1108 2798 1210 2870 certe,
1224 2786 1319 2850 Rhe-

68 2899 146 2984 ginis
164 2907 199 2962 et
221 2896 413 2960 Tarentinis
430 2895 575 2958 Romani
598 2896 797 2981 stipendium
815 2904 849 2959 et
863 2919 964 2960 naves
981 2919 1023 2960 ex
1039 2897 1176 2960 foedere
1194 2917 1317 2980 exege-

66 3017 146 3069 runt.
167 3007 242 3070 Imo
259 3026 302 3066 ex
322 3003 492 3066 Ciceronis
513 3003 635 3066 Verria.
652 3005 711 3067 III.
727 3004 777 3066 ll.
800 3012 909 3088 patet,
936 3013 1062 3089 partem
1086 2995 1206 3069 Italiae
1228 3005 1318 3068 haud

68 3114 229 3176 minimam
246 3111 446 3196 vectigalem
467 3111 565 3174 fuisse
582 3111 626 3192 l‘).
648 3113 754 3174 Porro
769 3111 848 3176 Itali
871 3134 937 3176 non
955 3113 1077 3194 minus,
1094 3135 1190 3198 quam
1206 3112 1318 3177 Latini

130 3321 156 3388 i)
180 3321 258 3372 Haec
282 3318 374 3371 omnia
395 3319 453 3385 jam
480 3317 649 3369 emendanda
673 3335 688 3369 e
715 3318 929 3372 luculentissima
948 3317 1069 3385 Savignii
1093 3318 1319 3369 commentatione

63 3405 126 3458 ider
144 3407 195 3458 dar
203 3406 255 3474 ju
272 3403 405 3464 Italam,
426 3401 454 3461 in
472 3403 578 3454 Dessen
596 3401 730 3456 Atlanti.
751 3405 779 3456 in
800 3406 848 3456 der
865 3405 943 3458 Berl.
968 3405 1068 3468 Alact,
1086 3405 1218 3469 vorgeles.
1242 3402 1271 3456 in
1289 3402 1317 3459 d.

64 3492 166 3544 Jahren
180 3495 257 3544 1814.
269 3507 296 3542 u.
313 3493 388 3542 1815.
408 3489 497 3554 (Berl.
511 3491 585 3541 1817.
601 3489 642 3554 4.)
663 3505 689 3554 p.
711 3494 825 3544 1-14.
844 3491 887 3556 (et
904 3490 933 3542 ia
946 3490 1075 3546 zeitschr.
1087 3490 1118 3556 s.
1127 3490 1215 3558 pasch.
1229 3490 1264 3544 R.
1281 3490 1319 3542 W.

68 3577 94 3630 Τ.
122 3576 151 3628 V.
172 3593 243 3629 num.
266 3575 310 3628 VI.
332 3573 380 3640 (cf.
398 3579 425 3624 et
443 3573 486 3640 Ej.
504 3569 598 3626 (rosel.
617 3575 641 3626 d.
661 3574 697 3626 R.
717 3573 753 3626 R.
772 3576 807 3626 r'm
826 3575 984 3628 Mr'ltelallcr
1002 3577 1023 3629 I.
1041 3576 1062 3641 ξ.
1082 3580 1124 3628 18.
1142 3576 1183 3628 ed.
1202 3577 1254 3642 2.),
1272 3573 1320 3628 ubi

63 3661 172 3714 invictis
190 3659 358 3727 argumentis
377 3645 521 3726 probatur,
538 3657 585 3724 jus
605 3657 727 3710 Italicum
748 3677 898 3729 numquam
916 3659 1002 3730 luisse
1018 3660 1168 3723 hominurn,
1180 3662 1229 3712 sed
1241 3662 1320 3713 dum-

65 3749 141 3797 taxat
162 3747 295 3804 locorum,
314 3743 469 3811 etquidem
488 3743 653 3809 oppidorum
671 3743 892 3810 provincialium,
918 3746 1001 3814 idque
1024 3752 1082 3798 tum
1106 3746 1135 3798 in
1150 3746 1213 3812 jure
1230 3747 1321 3813 reipu-

63 3830 149 3882 blicae
170 3831 212 3897 (ir.
232 3846 255 3882 e.
274 3829 374 3882 liberae
392 3827 534 3894 sinatis),
552 3829 655 3882 tamin
674 3830 843 3883 immunitate
862 3847 878 3882 a
895 3847 979 3882 consu
996 3831 1061 3893 soli,
1079 3837 1138 3882 tum
1157 3831 1275 3898 denique
1292 3832 1320 3884 in

64 3913 226 3968 commercio
244 3913 299 3968 soli
314 3912 476 3966 constitisse.
493 3913 608 3966 Viderat
621 3915 679 3982 jam
698 3923 830 3981 exparte,
849 3915 916 3984 quid
927 3922 1139 3968 consentancum
1156 3921 1235 3976 esset,
1255 3918 1321 3967 Tre-

66 4000 120 4052 keu
137 4001 154 4054 1.
172 4001 190 4052 1.
206 4001 280 4052 P.1.
300 4018 322 4052 c.
340 4003 365 4051 4.
382 3999 403 4064 a
421 4002 456 4050 ss
470 4025 498 4036 -
516 4003 597 4067 sap.
612 4005 706 4053 144-
722 4006 779 4054 1sa.
797 4007 824 4053 et
838 4001 999 4066 ipseamen
1017 4018 1040 4055 o.
1058 4007 1083 4054 s.
1101 4002 1160 4068 tr.
1178 4015 1205 4066 p.
1222 4004 1272 4053 ros
1287 4027 1318 4042 .-

66 4089 124 4138 198.
140 4084 214 4137 circa
238 4085 359 4137 colonias
385 4084 491 4136 Italicas
524 4084 711 4139 hallucinatus.
730 4086 827 4140 Haut..
847 4087 933 4140 Aliter
956 4087 992 4136 de
1015 4084 1136 4151 Savignii
1157 4091 1322 4137 commenta·
1395 4141 1398 4146 ,

63 4170 136 4222 tione
151 4169 261 4238 judicat
279 4171 391 4222 Schultz
405 4169 640 4223 &semicremata
658 4171 683 4222 d.
703 4172 806 4224 Riimer
823 4189 850 4237 p.
868 4177 937 4236 451,
955 4172 1004 4239 qui
1021 4177 1111 4222 tamen
1124 4185 1201 4221 suam
1214 4169 1322 4234 dejure

62 4255 158 4306 Italico
176 4255 340 4308 sententiam
360 4255 454 4322 (cujus
472 4269 607 4308 summam
630 4258 760 4322 exposuit
776 4274 802 4323 p.
820 4263 880 4310 440.
902 4258 957 4326 sq.)
976 4256 1052 4307 nullo
1063 4260 1185 4306 veterum
1200 4253 1322 4306 testimo·

62 4340 109 4392 nio
126 4337 327 4404 comprobavit.
347 4339 435 4392 Miiil.

131 4423 166 4490 k)
188 4424 225 4475 nt
243 4423 388 4476 remissum
413 4428 509 4489 postea
532 4439 593 4476 essa
618 4425 693 4476 ltalis
716 4425 861 4489 tributum,
887 4425 1008 4478 diximus
1033 4439 1116 4490 supra
1138 4424 1159 4490 t.
1181 4425 1223 4474 59.
1248 4421 1321 4478 Hinc

62 4508 210 4574 postremis
228 4507 394 4575 reipublicae
411 4509 579 4574 temporibus
593 4510 642 4576 jus
660 4509 784 4564 Italicum
802 4511 947 4577 praecipue
965 4512 994 4564 in
1011 4506 1182 4563 immunitate
1200 4521 1216 4560 a
1237 4523 1321 4563 sensu

63 4591 160 4657 capitis
179 4595 207 4644 et
224 4593 279 4646 soli
296 4592 430 4648 constitit:
449 4595 513 4650 Vid.
531 4597 565 4648 L.
585 4599 610 4648 8.
624 4597 645 4663 §.
660 4601 689 4650 ,7.
708 4585 794 4650 D.'cle
814 4597 890 4650 Oeae.
908 4598 987 4650 Heia.
