<?xml version="1.0" encoding="UTF-8"?>
<!DOCTYPE html PUBLIC "-//W3C//DTD XHTML 1.0 Transitional//EN"
    "http://www.w3.org/TR/xhtml1/DTD/xhtml1-transitional.dtd">
<html xmlns="http://www.w3.org/1999/xhtml" xml:lang="en" lang="en">
 <head>
  <title>
</title>
<meta http-equiv="Content-Type" content="text/html;charset=utf-8" />
  <meta name='ocr-system' content='tesseract 3.04.00' />
  <meta name='ocr-capabilities' content='ocr_page ocr_carea ocr_par ocr_line ocrx_word'/>
</head>
<body>
  <div class='ocr_page' id='page_1' title='image "./jogottliebheine00haubgoog_0119.png"; bbox 0 0 3080 5154; ppageno 0'>
   <div class='ocr_carea' id='block_1_1' title="bbox 233 367 1013 476">
    <p class='ocr_par' dir='ltr' id='par_1_1' title="bbox 233 367 1013 476">
     <span class='ocr_line' id='line_1_1' title="bbox 233 367 1013 476; baseline -0.005 -35"><span class='ocrx_word' id='word_1_1' title='bbox 233 377 282 442; x_wconf 82' lang='grc'>78</span> <span class='ocrx_word' id='word_1_2' title='bbox 709 369 786 434; x_wconf 84' lang='lat' dir='ltr'>Lns.</span> <span class='ocrx_word' id='word_1_3' title='bbox 811 369 838 434; x_wconf 92' lang='lat' dir='ltr'>l.</span> <span class='ocrx_word' id='word_1_4' title='bbox 863 367 1013 476; x_wconf 20' lang='lat' dir='ltr'>Tra-11.</span> 
     </span>
    </p>
   </div>
   <div class='ocr_carea' id='block_1_2' title="bbox 227 543 1487 739">
    <p class='ocr_par' dir='ltr' id='par_1_2' title="bbox 227 543 1487 739">
     <span class='ocr_line' id='line_1_2' title="bbox 234 543 1487 626; baseline -0.003 -16"><span class='ocrx_word' id='word_1_5' title='bbox 234 545 493 610; x_wconf 78' lang='lat' dir='ltr'>Thessalonicae</span> <span class='ocrx_word' id='word_1_6' title='bbox 511 544 661 625; x_wconf 87' lang='lat' dir='ltr'>excitati,</span> <span class='ocrx_word' id='word_1_7' title='bbox 680 544 792 626; x_wconf 90' lang='lat' dir='ltr'>latam,</span> <span class='ocrx_word' id='word_1_8' title='bbox 814 544 959 622; x_wconf 80' lang='lat' dir='ltr'>illustrat</span> <span class='ocrx_word' id='word_1_9' title='bbox 981 544 1047 610; x_wconf 86' lang='lat' dir='ltr'>Ad.</span> <span class='ocrx_word' id='word_1_10' title='bbox 1061 543 1234 608; x_wconf 86' lang='lat' dir='ltr'>Rccbenb.</span> <span class='ocrx_word' id='word_1_11' title='bbox 1249 545 1385 608; x_wconf 72' lang='lat' dir='ltr'>Dama</span> <span class='ocrx_word' id='word_1_12' title='bbox 1403 545 1487 608; x_wconf 79' lang='lat' dir='ltr'>Hac</span> 
     </span>
     <span class='ocr_line' id='line_1_3' title="bbox 227 653 648 739; baseline -0.012 -21"><span class='ocrx_word' id='word_1_13' title='bbox 227 659 316 739; x_wconf 79' lang='lat' dir='ltr'>polit.</span> <span class='ocrx_word' id='word_1_14' title='bbox 335 656 367 716; x_wconf 80' lang='lat' dir='ltr'>T.</span> <span class='ocrx_word' id='word_1_15' title='bbox 387 655 430 716; x_wconf 83' lang='lat'>11.</span> <span class='ocrx_word' id='word_1_16' title='bbox 450 657 586 716; x_wconf 78' lang='lat' dir='ltr'>Dr&#39;ssert.</span> <span class='ocrx_word' id='word_1_17' title='bbox 607 653 648 713; x_wconf 84' lang='lat' dir='ltr'>X.</span> 
     </span>
    </p>
   </div>
   <div class='ocr_carea' id='block_1_3' title="bbox 232 804 1488 1547">
    <p class='ocr_par' dir='ltr' id='par_1_3' title="bbox 739 804 991 998">
     <span class='ocr_line' id='line_1_4' title="bbox 804 804 906 887; baseline -0.02 -19"><span class='ocrx_word' id='word_1_18' title='bbox 804 806 833 887; x_wconf 83' lang='lat'>§.</span> <span class='ocrx_word' id='word_1_19' title='bbox 854 804 906 868; x_wconf 89' lang='grc'>60.</span> 
     </span>
     <span class='ocr_line' id='line_1_5' title="bbox 739 919 991 998; baseline -0.004 -25"><span class='ocrx_word' id='word_1_20' title='bbox 739 921 807 974; x_wconf 82' lang='lat' dir='ltr'>Tum</span> <span class='ocrx_word' id='word_1_21' title='bbox 815 919 991 998; x_wconf 68' lang='lat' dir='ltr'>formabilia.</span> 
     </span>
    </p>

    <p class='ocr_par' dir='ltr' id='par_1_4' title="bbox 232 1022 1488 1547">
     <span class='ocr_line' id='line_1_6' title="bbox 316 1022 1486 1103; baseline -0.002 -15"><span class='ocrx_word' id='word_1_22' title='bbox 316 1026 365 1089; x_wconf 87' lang='lat' dir='ltr'>At</span> <span class='ocrx_word' id='word_1_23' title='bbox 384 1026 538 1089; x_wconf 88' lang='lat' dir='ltr'>solebant</span> <span class='ocrx_word' id='word_1_24' title='bbox 552 1033 663 1088; x_wconf 88' lang='lat' dir='ltr'>tamen</span> <span class='ocrx_word' id='word_1_25' title='bbox 679 1030 713 1085; x_wconf 89' lang='lat' dir='ltr'>et</span> <span class='ocrx_word' id='word_1_26' title='bbox 735 1023 900 1086; x_wconf 89' lang='lat' dir='ltr'>beneficia</span> <span class='ocrx_word' id='word_1_27' title='bbox 924 1023 979 1086; x_wconf 91' lang='lat' dir='ltr'>vel</span> <span class='ocrx_word' id='word_1_28' title='bbox 1001 1031 1092 1087; x_wconf 88' lang='lat' dir='ltr'>certo</span> <span class='ocrx_word' id='word_1_29' title='bbox 1119 1022 1229 1103; x_wconf 88' lang='lat' dir='ltr'>statui,</span> <span class='ocrx_word' id='word_1_30' title='bbox 1247 1022 1302 1085; x_wconf 89' lang='lat' dir='ltr'>vel</span> <span class='ocrx_word' id='word_1_31' title='bbox 1317 1023 1486 1087; x_wconf 90' lang='lat' dir='ltr'>hominum</span> 
     </span>
     <span class='ocr_line' id='line_1_7' title="bbox 234 1131 1488 1219; baseline -0.002 -22"><span class='ocrx_word' id='word_1_32' title='bbox 234 1135 350 1219; x_wconf 80' lang='lat' dir='ltr'>generi</span> <span class='ocrx_word' id='word_1_33' title='bbox 360 1154 526 1215; x_wconf 86' lang='lat' dir='ltr'>concessa,</span> <span class='ocrx_word' id='word_1_34' title='bbox 543 1148 735 1196; x_wconf 72' lang='lat' dir='ltr'>emunxerit</span> <span class='ocrx_word' id='word_1_35' title='bbox 748 1131 869 1193; x_wconf 78' lang='lat' dir='ltr'>vocari.</span> <span class='ocrx_word' id='word_1_36' title='bbox 887 1131 989 1195; x_wconf 85' lang='lat' dir='ltr'>Unde</span> <span class='ocrx_word' id='word_1_37' title='bbox 1002 1153 1103 1216; x_wconf 86' lang='lat' dir='ltr'>saepe</span> <span class='ocrx_word' id='word_1_38' title='bbox 1113 1131 1147 1194; x_wconf 95' lang='lat' dir='ltr'>in</span> <span class='ocrx_word' id='word_1_39' title='bbox 1155 1133 1233 1216; x_wconf 88' lang='lat' dir='ltr'>jure</span> <span class='ocrx_word' id='word_1_40' title='bbox 1248 1138 1360 1193; x_wconf 85' lang='lat' dir='ltr'>nostro</span> <span class='ocrx_word' id='word_1_41' title='bbox 1370 1153 1488 1196; x_wconf 89' lang='lat' dir='ltr'>occur-</span> 
     </span>
     <span class='ocr_line' id='line_1_8' title="bbox 232 1239 1487 1325; baseline -0.003 -19"><span class='ocrx_word' id='word_1_42' title='bbox 232 1252 309 1306; x_wconf 92' lang='lat' dir='ltr'>runt</span> <span class='ocrx_word' id='word_1_43' title='bbox 318 1245 485 1325; x_wconf 65' lang='lat' dir='ltr'>priuilegia</span> <span class='ocrx_word' id='word_1_44' title='bbox 496 1243 695 1310; x_wconf 81' lang='lat' dir='ltr'>creditorum,</span> <span class='ocrx_word' id='word_1_45' title='bbox 707 1242 911 1321; x_wconf 80' lang='lat' dir='ltr'>pupillorum,</span> <span class='ocrx_word' id='word_1_46' title='bbox 925 1240 1065 1313; x_wconf 75' lang='lat' dir='ltr'>militum,</span> <span class='ocrx_word' id='word_1_47' title='bbox 1072 1243 1158 1322; x_wconf 79' lang='lat' dir='ltr'>fisci,</span> <span class='ocrx_word' id='word_1_48' title='bbox 1171 1239 1318 1324; x_wconf 87' lang='lat' dir='ltr'>reliqua:</span> <span class='ocrx_word' id='word_1_49' title='bbox 1339 1242 1487 1325; x_wconf 86' lang='lat' dir='ltr'>quamvis</span> 
     </span>
     <span class='ocr_line' id='line_1_9' title="bbox 233 1337 1487 1434; baseline -0.004 -19"><span class='ocrx_word' id='word_1_50' title='bbox 233 1373 274 1415; x_wconf 92' lang='lat' dir='ltr'>ea</span> <span class='ocrx_word' id='word_1_51' title='bbox 294 1375 314 1414; x_wconf 92' lang='lat' dir='ltr'>a</span> <span class='ocrx_word' id='word_1_52' title='bbox 330 1349 515 1434; x_wconf 80' lang='lat' dir='ltr'>privilegiis</span> <span class='ocrx_word' id='word_1_53' title='bbox 533 1337 764 1429; x_wconf 85' lang='lat' dir='ltr'>discernenda,</span> <span class='ocrx_word' id='word_1_54' title='bbox 781 1356 817 1410; x_wconf 89' lang='lat' dir='ltr'>et</span> <span class='ocrx_word' id='word_1_55' title='bbox 833 1349 981 1431; x_wconf 74' lang='lat' dir='ltr'>beneficia</span> <span class='ocrx_word' id='word_1_56' title='bbox 1001 1349 1111 1431; x_wconf 91' lang='lat' dir='ltr'>potius</span> <span class='ocrx_word' id='word_1_57' title='bbox 1129 1347 1242 1432; x_wconf 87' lang='lat' dir='ltr'>legum</span> <span class='ocrx_word' id='word_1_58' title='bbox 1259 1347 1315 1411; x_wconf 89' lang='lat' dir='ltr'>vel</span> <span class='ocrx_word' id='word_1_59' title='bbox 1323 1349 1402 1433; x_wconf 88' lang='lat' dir='ltr'>jura</span> <span class='ocrx_word' id='word_1_60' title='bbox 1421 1348 1487 1411; x_wconf 90' lang='lat' dir='ltr'>sin-</span> 
     </span>
     <span class='ocr_line' id='line_1_10' title="bbox 233 1453 1487 1547; baseline -0.002 -25"><span class='ocrx_word' id='word_1_61' title='bbox 233 1460 361 1547; x_wconf 87' lang='lat' dir='ltr'>gularia</span> <span class='ocrx_word' id='word_1_62' title='bbox 376 1457 520 1523; x_wconf 90' lang='lat' dir='ltr'>dicenda</span> <span class='ocrx_word' id='word_1_63' title='bbox 537 1457 737 1538; x_wconf 78' lang='lat' dir='ltr'>existiment,</span> <span class='ocrx_word' id='word_1_64' title='bbox 760 1457 817 1541; x_wconf 95' lang='lat' dir='ltr'>qui</span> <span class='ocrx_word' id='word_1_65' title='bbox 839 1453 953 1539; x_wconf 90' lang='lat' dir='ltr'>paullo</span> <span class='ocrx_word' id='word_1_66' title='bbox 979 1455 1165 1520; x_wconf 89' lang='lat' dir='ltr'>adcuratius</span> <span class='ocrx_word' id='word_1_67' title='bbox 1184 1476 1254 1519; x_wconf 91' lang='lat' dir='ltr'>rem</span> <span class='ocrx_word' id='word_1_68' title='bbox 1276 1456 1487 1540; x_wconf 88' lang='lat' dir='ltr'>expendunt:</span> 
     </span>
    </p>
   </div>
   <div class='ocr_carea' id='block_1_4' title="bbox 226 1561 1487 2299">
    <p class='ocr_par' dir='ltr' id='par_1_5' title="bbox 226 1561 1487 2299">
     <span class='ocr_line' id='line_1_11' title="bbox 233 1561 1487 1653; baseline -0.002 -22"><span class='ocrx_word' id='word_1_69' title='bbox 233 1568 345 1653; x_wconf 85' lang='lat' dir='ltr'>Cujac.</span> <span class='ocrx_word' id='word_1_70' title='bbox 366 1569 437 1630; x_wconf 83' lang='lat' dir='ltr'>Ots.</span> <span class='ocrx_word' id='word_1_71' title='bbox 453 1565 526 1626; x_wconf 85' lang='lat' dir='ltr'>XV.</span> <span class='ocrx_word' id='word_1_72' title='bbox 540 1565 571 1627; x_wconf 83' lang='lat'>8.</span> <span class='ocrx_word' id='word_1_73' title='bbox 594 1563 684 1642; x_wconf 89' lang='lat' dir='ltr'>Quin</span> <span class='ocrx_word' id='word_1_74' title='bbox 700 1571 735 1626; x_wconf 90' lang='lat' dir='ltr'>et</span> <span class='ocrx_word' id='word_1_75' title='bbox 754 1561 972 1648; x_wconf 83' lang='lat' dir='ltr'>singularibus</span> <span class='ocrx_word' id='word_1_76' title='bbox 993 1563 1181 1628; x_wconf 91' lang='lat' dir='ltr'>hominibus</span> <span class='ocrx_word' id='word_1_77' title='bbox 1196 1585 1352 1627; x_wconf 88' lang='lat' dir='ltr'>concessa</span> <span class='ocrx_word' id='word_1_78' title='bbox 1371 1573 1487 1628; x_wconf 90' lang='lat' dir='ltr'>contra</span> 
     </span>
     <span class='ocr_line' id='line_1_12' title="bbox 226 1671 1486 1762; baseline -0.006 -21"><span class='ocrx_word' id='word_1_79' title='bbox 226 1679 282 1762; x_wconf 88' lang='lat' dir='ltr'>jus</span> <span class='ocrx_word' id='word_1_80' title='bbox 299 1693 471 1739; x_wconf 90' lang='lat' dir='ltr'>commune</span> <span class='ocrx_word' id='word_1_81' title='bbox 494 1673 659 1736; x_wconf 85' lang='lat' dir='ltr'>beneficia</span> <span class='ocrx_word' id='word_1_82' title='bbox 676 1674 849 1755; x_wconf 69' lang='lat' dir='ltr'>,priuilegia</span> <span class='ocrx_word' id='word_1_83' title='bbox 867 1671 1015 1754; x_wconf 82' lang='lat' dir='ltr'>audiunt,</span> <span class='ocrx_word' id='word_1_84' title='bbox 1041 1680 1110 1736; x_wconf 89' lang='lat' dir='ltr'>tum</span> <span class='ocrx_word' id='word_1_85' title='bbox 1127 1673 1216 1755; x_wconf 90' lang='lat' dir='ltr'>apud</span> <span class='ocrx_word' id='word_1_86' title='bbox 1235 1682 1399 1752; x_wconf 80' lang='lat' dir='ltr'>auctores,</span> <span class='ocrx_word' id='word_1_87' title='bbox 1419 1680 1486 1735; x_wconf 91' lang='lat' dir='ltr'>tum</span> 
     </span>
     <span class='ocr_line' id='line_1_13' title="bbox 232 1779 1486 1870; baseline -0.005 -22"><span class='ocrx_word' id='word_1_88' title='bbox 232 1786 267 1848; x_wconf 90' lang='lat' dir='ltr'>in</span> <span class='ocrx_word' id='word_1_89' title='bbox 287 1788 364 1870; x_wconf 90' lang='lat' dir='ltr'>jure</span> <span class='ocrx_word' id='word_1_90' title='bbox 389 1790 514 1863; x_wconf 87' lang='lat' dir='ltr'>nostro,</span> <span class='ocrx_word' id='word_1_91' title='bbox 537 1781 571 1844; x_wconf 93' lang='lat' dir='ltr'>in</span> <span class='ocrx_word' id='word_1_92' title='bbox 602 1802 669 1866; x_wconf 91' lang='lat' dir='ltr'>quo</span> <span class='ocrx_word' id='word_1_93' title='bbox 696 1780 796 1842; x_wconf 88' lang='lat' dir='ltr'>ctiam</span> <span class='ocrx_word' id='word_1_94' title='bbox 820 1780 1030 1864; x_wconf 90' lang='lat' dir='ltr'>adpellantur</span> <span class='ocrx_word' id='word_1_95' title='bbox 1045 1785 1176 1862; x_wconf 71' lang='lat' dir='ltr'>priuata</span> <span class='ocrx_word' id='word_1_96' title='bbox 1191 1784 1380 1864; x_wconf 68' lang='lat' dir='ltr'>priuilegia:</span> <span class='ocrx_word' id='word_1_97' title='bbox 1405 1781 1444 1842; x_wconf 82' lang='lat' dir='ltr'>L.</span> <span class='ocrx_word' id='word_1_98' title='bbox 1457 1779 1486 1842; x_wconf 85' lang='grc'>4.</span> 
     </span>
     <span class='ocr_line' id='line_1_14' title="bbox 236 1886 1487 1971; baseline -0.002 -18"><span class='ocrx_word' id='word_1_99' title='bbox 236 1893 268 1953; x_wconf 78' lang='grc'>6.</span> <span class='ocrx_word' id='word_1_100' title='bbox 291 1892 401 1953; x_wconf 74' lang='lat' dir='ltr'>Theoti.</span> <span class='ocrx_word' id='word_1_101' title='bbox 420 1891 460 1951; x_wconf 84' lang='lat' dir='ltr'>de</span> <span class='ocrx_word' id='word_1_102' title='bbox 474 1892 582 1952; x_wconf 71' lang='grc' dir='ltr'>Ιιὶηον.</span> <span class='ocrx_word' id='word_1_103' title='bbox 600 1911 686 1952; x_wconf 86' lang='lat' dir='ltr'>mun.</span> <span class='ocrx_word' id='word_1_104' title='bbox 704 1895 740 1950; x_wconf 92' lang='lat' dir='ltr'>ut</span> <span class='ocrx_word' id='word_1_105' title='bbox 761 1895 796 1950; x_wconf 89' lang='lat' dir='ltr'>et</span> <span class='ocrx_word' id='word_1_106' title='bbox 805 1892 987 1970; x_wconf 81' lang='lat' dir='ltr'>personalia</span> <span class='ocrx_word' id='word_1_107' title='bbox 1008 1891 1179 1971; x_wconf 75' lang='lat' dir='ltr'>rescripta:</span> <span class='ocrx_word' id='word_1_108' title='bbox 1204 1888 1243 1948; x_wconf 81' lang='lat' dir='ltr'>L.</span> <span class='ocrx_word' id='word_1_109' title='bbox 1261 1888 1289 1950; x_wconf 85' lang='lat'>5.</span> <span class='ocrx_word' id='word_1_110' title='bbox 1304 1889 1371 1950; x_wconf 88' lang='lat' dir='ltr'>eod.</span> <span class='ocrx_word' id='word_1_111' title='bbox 1389 1886 1487 1951; x_wconf 87' lang='lat' dir='ltr'>Talia</span> 
     </span>
     <span class='ocr_line' id='line_1_15' title="bbox 232 1995 1486 2085; baseline -0.002 -24"><span class='ocrx_word' id='word_1_112' title='bbox 232 1998 409 2085; x_wconf 85' lang='lat' dir='ltr'>privilegia</span> <span class='ocrx_word' id='word_1_113' title='bbox 426 1996 560 2060; x_wconf 86' lang='lat' dir='ltr'>fuerunt</span> <span class='ocrx_word' id='word_1_114' title='bbox 576 1997 670 2080; x_wconf 87' lang='lat' dir='ltr'>leges</span> <span class='ocrx_word' id='word_1_115' title='bbox 686 1997 728 2059; x_wconf 89' lang='lat' dir='ltr'>de</span> <span class='ocrx_word' id='word_1_116' title='bbox 752 1997 957 2060; x_wconf 83' lang='lat' dir='ltr'>Menandro:</span> <span class='ocrx_word' id='word_1_117' title='bbox 979 1997 1015 2058; x_wconf 83' lang='lat' dir='ltr'>L.</span> <span class='ocrx_word' id='word_1_118' title='bbox 1033 1997 1063 2057; x_wconf 79' lang='lat'>5.</span> <span class='ocrx_word' id='word_1_119' title='bbox 1087 1997 1116 2077; x_wconf 85' lang='lat'>§.</span> <span class='ocrx_word' id='word_1_120' title='bbox 1129 1999 1185 2058; x_wconf 87' lang='lat' dir='ltr'>ult.</span> <span class='ocrx_word' id='word_1_121' title='bbox 1201 1999 1244 2058; x_wconf 90' lang='lat' dir='ltr'>D.</span> <span class='ocrx_word' id='word_1_122' title='bbox 1257 1995 1297 2059; x_wconf 86' lang='lat' dir='ltr'>de</span> <span class='ocrx_word' id='word_1_123' title='bbox 1314 1996 1437 2079; x_wconf 79' lang='lat' dir='ltr'>Oaptr&#39;r.</span> <span class='ocrx_word' id='word_1_124' title='bbox 1453 2003 1486 2058; x_wconf 90' lang='lat' dir='ltr'>ut</span> 
     </span>
     <span class='ocr_line' id='line_1_16' title="bbox 233 2103 1486 2190; baseline -0.003 -19"><span class='ocrx_word' id='word_1_125' title='bbox 233 2117 267 2190; x_wconf 76' lang='lat' dir='ltr'>ct</span> <span class='ocrx_word' id='word_1_126' title='bbox 284 2107 326 2171; x_wconf 91' lang='lat' dir='ltr'>de</span> <span class='ocrx_word' id='word_1_127' title='bbox 341 2105 490 2170; x_wconf 90' lang='lat' dir='ltr'>Hostilio</span> <span class='ocrx_word' id='word_1_128' title='bbox 508 2104 681 2168; x_wconf 88' lang='lat' dir='ltr'>Mancino:</span> <span class='ocrx_word' id='word_1_129' title='bbox 696 2105 734 2168; x_wconf 79' lang='lat' dir='ltr'>L.</span> <span class='ocrx_word' id='word_1_130' title='bbox 747 2104 798 2167; x_wconf 84' lang='lat'>17.</span> <span class='ocrx_word' id='word_1_131' title='bbox 811 2107 853 2166; x_wconf 82' lang='lat'>1).</span> <span class='ocrx_word' id='word_1_132' title='bbox 868 2105 906 2166; x_wconf 85' lang='lat' dir='ltr'>da</span> <span class='ocrx_word' id='word_1_133' title='bbox 916 2105 1149 2188; x_wconf 78' lang='lat' dir='ltr'>Legatabmbus.</span> <span class='ocrx_word' id='word_1_134' title='bbox 1166 2103 1343 2168; x_wconf 71' lang='lat' dir='ltr'>confisae.</span> <span class='ocrx_word' id='word_1_135' title='bbox 1354 2103 1486 2168; x_wconf 88' lang='lat' dir='ltr'>Gotho-</span> 
     </span>
     <span class='ocr_line' id='line_1_17' title="bbox 232 2212 1485 2299; baseline -0.005 -19"><span class='ocrx_word' id='word_1_136' title='bbox 232 2216 316 2280; x_wconf 89' lang='lat' dir='ltr'>fred.</span> <span class='ocrx_word' id='word_1_137' title='bbox 333 2217 378 2277; x_wconf 84' lang='lat' dir='ltr'>ad</span> <span class='ocrx_word' id='word_1_138' title='bbox 390 2215 463 2276; x_wconf 85' lang='lat' dir='ltr'>XII</span> <span class='ocrx_word' id='word_1_139' title='bbox 472 2213 563 2274; x_wconf 78' lang='lat' dir='ltr'>Tabb.</span> <span class='ocrx_word' id='word_1_140' title='bbox 578 2215 639 2274; x_wconf 85' lang='lat' dir='ltr'>tab.</span> <span class='ocrx_word' id='word_1_141' title='bbox 651 2213 709 2274; x_wconf 84' lang='lat' dir='ltr'>IX.</span> <span class='ocrx_word' id='word_1_142' title='bbox 718 2234 752 2294; x_wconf 91' lang='lat' dir='ltr'>p.</span> <span class='ocrx_word' id='word_1_143' title='bbox 764 2213 836 2278; x_wconf 77' lang='lat'>228.</span> <span class='ocrx_word' id='word_1_144' title='bbox 854 2212 933 2299; x_wconf 85' lang='lat' dir='ltr'>[nec</span> <span class='ocrx_word' id='word_1_145' title='bbox 945 2233 1012 2276; x_wconf 90' lang='lat' dir='ltr'>nou</span> <span class='ocrx_word' id='word_1_146' title='bbox 1027 2213 1085 2276; x_wconf 87' lang='lat' dir='ltr'>lex</span> <span class='ocrx_word' id='word_1_147' title='bbox 1092 2213 1244 2296; x_wconf 87' lang='lat' dir='ltr'>Manilia,</span> <span class='ocrx_word' id='word_1_148' title='bbox 1258 2234 1355 2299; x_wconf 88' lang='lat' dir='ltr'>quam</span> <span class='ocrx_word' id='word_1_149' title='bbox 1366 2212 1485 2276; x_wconf 85' lang='lat' dir='ltr'>Cicero</span> 
     </span>
    </p>
   </div>
   <div class='ocr_carea' id='block_1_5' title="bbox 232 2318 770 2409">
    <p class='ocr_par' dir='ltr' id='par_1_6' title="bbox 232 2318 770 2409">
     <span class='ocr_line' id='line_1_18' title="bbox 232 2318 770 2409; baseline -0.015 -20"><span class='ocrx_word' id='word_1_150' title='bbox 232 2323 392 2409; x_wconf 83' lang='lat' dir='ltr'>singulari</span> <span class='ocrx_word' id='word_1_151' title='bbox 409 2321 562 2384; x_wconf 88' lang='lat' dir='ltr'>oratione</span> <span class='ocrx_word' id='word_1_152' title='bbox 584 2318 710 2406; x_wconf 77' lang='lat' dir='ltr'>suasit]</span> <span class='ocrx_word' id='word_1_153' title='bbox 741 2325 770 2402; x_wconf 89' lang='lat'>).</span> 
     </span>
    </p>
   </div>
   <div class='ocr_carea' id='block_1_6' title="bbox 386 2473 1330 2663">
    <p class='ocr_par' dir='ltr' id='par_1_7' title="bbox 386 2473 1330 2663">
     <span class='ocr_line' id='line_1_19' title="bbox 830 2473 910 2536; baseline -0.013 -2"><span class='ocrx_word' id='word_1_154' title='bbox 830 2520 837 2534; x_wconf 89' lang='lat'>.</span> <span class='ocrx_word' id='word_1_155' title='bbox 858 2473 910 2536; x_wconf 91' lang='grc'>61.</span> 
     </span>
     <span class='ocr_line' id='line_1_20' title="bbox 386 2475 1330 2663; baseline 0.001 -19"><span class='ocrx_word' id='word_1_156' title='bbox 386 2593 445 2644; x_wconf 73' lang='lat' dir='ltr'>Lra</span> <span class='ocrx_word' id='word_1_157' title='bbox 462 2590 545 2657; x_wconf 75' lang='lat' dir='ltr'>repta,</span> <span class='ocrx_word' id='word_1_158' title='bbox 563 2605 616 2657; x_wconf 83' lang='lat' dir='ltr'>qua</span> <span class='ocrx_word' id='word_1_159' title='bbox 628 2598 747 2658; x_wconf 76' lang='lat' dir='ltr'>potestas</span> <span class='ocrx_word' id='word_1_160' title='bbox 761 2475 922 2658; x_wconf 52' lang='lat' dir='ltr'>lepiilatoria</span> <span class='ocrx_word' id='word_1_161' title='bbox 941 2590 1072 2644; x_wconf 76' lang='lat' dir='ltr'>translata</span> <span class='ocrx_word' id='word_1_162' title='bbox 1089 2593 1117 2643; x_wconf 83' lang='lat' dir='ltr'>ia</span> <span class='ocrx_word' id='word_1_163' title='bbox 1136 2593 1286 2662; x_wconf 77' lang='lat' dir='ltr'>Principes.</span> <span class='ocrx_word' id='word_1_164' title='bbox 1299 2592 1330 2663; x_wconf 81' lang='lat' dir='ltr'>i)</span> 
     </span>
    </p>
   </div>
   <div class='ocr_carea' id='block_1_7' title="bbox 135 2691 1526 3531">
    <p class='ocr_par' dir='ltr' id='par_1_8' title="bbox 135 2691 1526 3531">
     <span class='ocr_line' id='line_1_21' title="bbox 315 2691 1487 2781; baseline 0.003 -25"><span class='ocrx_word' id='word_1_165' title='bbox 315 2692 407 2756; x_wconf 88' lang='lat' dir='ltr'>Vere</span> <span class='ocrx_word' id='word_1_166' title='bbox 427 2704 507 2775; x_wconf 76' lang='lat' dir='ltr'>crgo</span> <span class='ocrx_word' id='word_1_167' title='bbox 537 2691 693 2753; x_wconf 76' lang='lat' dir='ltr'>extremis</span> <span class='ocrx_word' id='word_1_168' title='bbox 727 2691 930 2775; x_wconf 88' lang='lat' dir='ltr'>temporibus</span> <span class='ocrx_word' id='word_1_169' title='bbox 960 2713 1084 2755; x_wconf 89' lang='lat' dir='ltr'>summa</span> <span class='ocrx_word' id='word_1_170' title='bbox 1108 2701 1255 2777; x_wconf 88' lang='lat' dir='ltr'>potestas</span> <span class='ocrx_word' id='word_1_171' title='bbox 1277 2694 1487 2781; x_wconf 88' lang='lat' dir='ltr'>legislatoria</span> 
     </span>
     <span class='ocr_line' id='line_1_22' title="bbox 232 2798 1484 2887; baseline 0.003 -23"><span class='ocrx_word' id='word_1_172' title='bbox 232 2823 337 2887; x_wconf 89' lang='lat' dir='ltr'>penes</span> <span class='ocrx_word' id='word_1_173' title='bbox 348 2799 522 2883; x_wconf 88' lang='lat' dir='ltr'>Principes</span> <span class='ocrx_word' id='word_1_174' title='bbox 542 2798 614 2880; x_wconf 79' lang='lat' dir='ltr'>firit,</span> <span class='ocrx_word' id='word_1_175' title='bbox 641 2798 759 2883; x_wconf 89' lang='lat' dir='ltr'>quibus</span> <span class='ocrx_word' id='word_1_176' title='bbox 779 2819 852 2862; x_wconf 88' lang='lat' dir='ltr'>earn</span> <span class='ocrx_word' id='word_1_177' title='bbox 871 2799 1016 2864; x_wconf 89' lang='lat' dir='ltr'>delatam</span> <span class='ocrx_word' id='word_1_178' title='bbox 1040 2821 1111 2864; x_wconf 89' lang='lat' dir='ltr'>esse</span> <span class='ocrx_word' id='word_1_179' title='bbox 1134 2823 1195 2885; x_wconf 89' lang='lat' dir='ltr'>per</span> <span class='ocrx_word' id='word_1_180' title='bbox 1213 2821 1327 2868; x_wconf 74' lang='lat' dir='ltr'>LEGEM</span> <span class='ocrx_word' id='word_1_181' title='bbox 1344 2822 1484 2887; x_wconf 66' lang='lat' dir='ltr'>alterans,</span> 
     </span>
     <span class='ocr_line' id='line_1_23' title="bbox 233 2907 1486 2995; baseline 0.003 -23"><span class='ocrx_word' id='word_1_182' title='bbox 233 2908 442 2973; x_wconf 89' lang='lat' dir='ltr'>consentiens</span> <span class='ocrx_word' id='word_1_183' title='bbox 468 2916 520 2970; x_wconf 91' lang='lat' dir='ltr'>est</span> <span class='ocrx_word' id='word_1_184' title='bbox 543 2907 846 2991; x_wconf 85' lang='lat' dir='ltr'>jureconsultorum</span> <span class='ocrx_word' id='word_1_185' title='bbox 873 2909 998 2992; x_wconf 92' lang='lat' dir='ltr'>opinio.</span> <span class='ocrx_word' id='word_1_186' title='bbox 1028 2909 1191 2994; x_wconf 88' lang='lat' dir='ltr'>Ulpianus</span> <span class='ocrx_word' id='word_1_187' title='bbox 1213 2913 1252 2974; x_wconf 85' lang='lat' dir='ltr'>L.</span> <span class='ocrx_word' id='word_1_188' title='bbox 1274 2913 1303 2974; x_wconf 90' lang='lat'>1.</span> <span class='ocrx_word' id='word_1_189' title='bbox 1316 2935 1368 2995; x_wconf 87' lang='lat' dir='ltr'>pr.</span> <span class='ocrx_word' id='word_1_190' title='bbox 1394 2915 1486 2976; x_wconf 54' lang='lat' dir='ltr'>Dato</span> 
     </span>
     <span class='ocr_line' id='line_1_24' title="bbox 235 3017 1486 3104; baseline 0.004 -25"><span class='ocrx_word' id='word_1_191' title='bbox 235 3019 396 3079; x_wconf 80' lang='lat' dir='ltr'>Coastr’tut.</span> <span class='ocrx_word' id='word_1_192' title='bbox 419 3018 527 3078; x_wconf 78' lang='lat' dir='ltr'>Prtnc.</span> <span class='ocrx_word' id='word_1_193' title='bbox 561 3017 652 3094; x_wconf 78' lang='lat' dir='ltr'>Quod</span> <span class='ocrx_word' id='word_1_194' title='bbox 673 3017 819 3097; x_wconf 73' lang='lat' dir='ltr'>Princeps·</span> <span class='ocrx_word' id='word_1_195' title='bbox 833 3019 968 3098; x_wconf 80' lang='lat' dir='ltr'>placuit,</span> <span class='ocrx_word' id='word_1_196' title='bbox 986 3020 1068 3101; x_wconf 76' lang='lat' dir='ltr'>legis</span> <span class='ocrx_word' id='word_1_197' title='bbox 1089 3021 1179 3082; x_wconf 80' lang='lat' dir='ltr'>babet</span> <span class='ocrx_word' id='word_1_198' title='bbox 1196 3025 1351 3104; x_wconf 74' lang='lat' dir='ltr'>or’gorem:</span> <span class='ocrx_word' id='word_1_199' title='bbox 1379 3030 1486 3104; x_wconf 83' lang='lat' dir='ltr'>utpote</span> 
     </span>
     <span class='ocr_line' id='line_1_25' title="bbox 232 3125 1486 3210; baseline 0.002 -22"><span class='ocrx_word' id='word_1_200' title='bbox 232 3147 327 3210; x_wconf 86' lang='lat' dir='ltr'>quum</span> <span class='ocrx_word' id='word_1_201' title='bbox 342 3143 429 3190; x_wconf 74' lang='lat' dir='ltr'>uncti</span> <span class='ocrx_word' id='word_1_202' title='bbox 444 3141 557 3205; x_wconf 76' lang='lat' dir='ltr'>REGIA,</span> <span class='ocrx_word' id='word_1_203' title='bbox 576 3145 658 3208; x_wconf 84' lang='lat' dir='ltr'>quae</span> <span class='ocrx_word' id='word_1_204' title='bbox 673 3125 713 3186; x_wconf 84' lang='lat' dir='ltr'>de</span> <span class='ocrx_word' id='word_1_205' title='bbox 728 3127 855 3205; x_wconf 80' lang='lat' dir='ltr'>impen&#39;o</span> <span class='ocrx_word' id='word_1_206' title='bbox 870 3127 940 3208; x_wconf 84' lang='lat' dir='ltr'>ejus</span> <span class='ocrx_word' id='word_1_207' title='bbox 953 3128 1020 3187; x_wconf 89' lang='lat' dir='ltr'>lata</span> <span class='ocrx_word' id='word_1_208' title='bbox 1033 3135 1090 3205; x_wconf 86' lang='lat' dir='ltr'>est,</span> <span class='ocrx_word' id='word_1_209' title='bbox 1103 3130 1240 3209; x_wconf 84' lang='lat' dir='ltr'>populus</span> <span class='ocrx_word' id='word_1_210' title='bbox 1253 3133 1292 3209; x_wconf 78' lang='lat' dir='ltr'>et,</span> <span class='ocrx_word' id='word_1_211' title='bbox 1313 3135 1345 3190; x_wconf 89' lang='lat' dir='ltr'>et</span> <span class='ocrx_word' id='word_1_212' title='bbox 1359 3132 1394 3190; x_wconf 83' lang='lat' dir='ltr'>ia</span> <span class='ocrx_word' id='word_1_213' title='bbox 1406 3150 1486 3206; x_wconf 79' lang='lat' dir='ltr'>euni,</span> 
     </span>
     <span class='ocr_line' id='line_1_26' title="bbox 232 3233 1526 3316; baseline 0.003 -20"><span class='ocrx_word' id='word_1_214' title='bbox 232 3255 321 3296; x_wconf 84' lang='lat' dir='ltr'>omae</span> <span class='ocrx_word' id='word_1_215' title='bbox 346 3248 440 3297; x_wconf 82' lang='lat' dir='ltr'>saum</span> <span class='ocrx_word' id='word_1_216' title='bbox 465 3237 628 3316; x_wconf 65' lang='lat' dir='ltr'>tapetum</span> <span class='ocrx_word' id='word_1_217' title='bbox 651 3242 684 3294; x_wconf 89' lang='lat' dir='ltr'>et</span> <span class='ocrx_word' id='word_1_218' title='bbox 701 3243 888 3316; x_wconf 84' lang='lat' dir='ltr'>potestatem</span> <span class='ocrx_word' id='word_1_219' title='bbox 905 3235 1056 3312; x_wconf 73' lang='lat' dir='ltr'>consent.</span> <span class='ocrx_word' id='word_1_220' title='bbox 1088 3233 1185 3311; x_wconf 86' lang='lat' dir='ltr'>Quae</span> <span class='ocrx_word' id='word_1_221' title='bbox 1208 3235 1347 3299; x_wconf 89' lang='lat' dir='ltr'>totidem</span> <span class='ocrx_word' id='word_1_222' title='bbox 1376 3238 1485 3300; x_wconf 87' lang='lat' dir='ltr'>verbis</span> <span class='ocrx_word' id='word_1_223' title='bbox 1524 3269 1526 3276; x_wconf 95' lang='lat'>·</span> 
     </span>
     <span class='ocr_line' id='line_1_27' title="bbox 231 3338 1486 3430; baseline 0.002 -25"><span class='ocrx_word' id='word_1_224' title='bbox 231 3341 356 3425; x_wconf 89' lang='lat' dir='ltr'>repetit</span> <span class='ocrx_word' id='word_1_225' title='bbox 380 3343 567 3426; x_wconf 88' lang='lat' dir='ltr'>Imperator</span> <span class='ocrx_word' id='word_1_226' title='bbox 589 3339 617 3420; x_wconf 57' lang='grc'><strong>6</strong></span> <span class='ocrx_word' id='word_1_227' title='bbox 643 3338 674 3401; x_wconf 93' lang='grc'>6.</span> <span class='ocrx_word' id='word_1_228' title='bbox 697 3342 773 3403; x_wconf 81' lang='lat' dir='ltr'>lost.</span> <span class='ocrx_word' id='word_1_229' title='bbox 789 3341 818 3404; x_wconf 80' lang='lat' dir='ltr'>b.</span> <span class='ocrx_word' id='word_1_230' title='bbox 838 3350 860 3402; x_wconf 89' lang='lat' dir='ltr'>t.</span> <span class='ocrx_word' id='word_1_231' title='bbox 883 3343 1039 3406; x_wconf 87' lang='lat' dir='ltr'>Meminit</span> <span class='ocrx_word' id='word_1_232' title='bbox 1068 3363 1200 3428; x_wconf 91' lang='lat' dir='ltr'>quoque</span> <span class='ocrx_word' id='word_1_233' title='bbox 1228 3344 1376 3429; x_wconf 90' lang='lat' dir='ltr'>ejusdem</span> <span class='ocrx_word' id='word_1_234' title='bbox 1400 3345 1486 3430; x_wconf 83' lang='lat' dir='ltr'>legis</span> 
     </span>
     <span class='ocr_line' id='line_1_28' title="bbox 135 3448 1486 3531; baseline 0.007 -23"><span class='ocrx_word' id='word_1_235' title='bbox 135 3501 141 3508; x_wconf 96' lang='lat'>.</span> <span class='ocrx_word' id='word_1_236' title='bbox 231 3448 428 3512; x_wconf 85' lang='lat' dir='ltr'>Alexander</span> <span class='ocrx_word' id='word_1_237' title='bbox 450 3450 636 3531; x_wconf 87' lang='lat' dir='ltr'>Imperator</span> <span class='ocrx_word' id='word_1_238' title='bbox 654 3449 691 3509; x_wconf 85' lang='lat' dir='ltr'>L.</span> <span class='ocrx_word' id='word_1_239' title='bbox 713 3448 744 3512; x_wconf 83' lang='lat'>3.</span> <span class='ocrx_word' id='word_1_240' title='bbox 765 3449 797 3512; x_wconf 81' lang='lat'>0.</span> <span class='ocrx_word' id='word_1_241' title='bbox 816 3451 854 3512; x_wconf 84' lang='lat' dir='ltr'>dc</span> <span class='ocrx_word' id='word_1_242' title='bbox 875 3452 1008 3514; x_wconf 71' lang='lat' dir='ltr'>itatem.</span> <span class='ocrx_word' id='word_1_243' title='bbox 1030 3451 1088 3514; x_wconf 89' lang='lat' dir='ltr'>ubi</span> <span class='ocrx_word' id='word_1_244' title='bbox 1110 3453 1173 3516; x_wconf 79' lang='lat' dir='ltr'>ait:</span> <span class='ocrx_word' id='word_1_245' title='bbox 1198 3455 1289 3516; x_wconf 76' lang='lat' dir='ltr'>Licet</span> <span class='ocrx_word' id='word_1_246' title='bbox 1310 3458 1392 3516; x_wconf 74' lang='lat' dir='ltr'>ambr</span> <span class='ocrx_word' id='word_1_247' title='bbox 1413 3475 1486 3516; x_wconf 77' lang='lat' dir='ltr'>ccx</span> 
     </span>
    </p>
   </div>
   <div class='ocr_carea' id='block_1_8' title="bbox 227 3694 1487 4616">
    <p class='ocr_par' dir='ltr' id='par_1_9' title="bbox 231 3694 1486 3850">
     <span class='ocr_line' id='line_1_29' title="bbox 300 3694 1486 3767; baseline 0.004 -18"><span class='ocrx_word' id='word_1_248' title='bbox 300 3698 333 3765; x_wconf 89' lang='lat' dir='ltr'>h)</span> <span class='ocrx_word' id='word_1_249' title='bbox 353 3695 508 3763; x_wconf 67' lang='lat' dir='ltr'>Privilegia</span> <span class='ocrx_word' id='word_1_250' title='bbox 520 3711 537 3748; x_wconf 90' lang='lat' dir='ltr'>a</span> <span class='ocrx_word' id='word_1_251' title='bbox 549 3694 714 3765; x_wconf 84' lang='lat' dir='ltr'>quibusnam</span> <span class='ocrx_word' id='word_1_252' title='bbox 731 3697 852 3757; x_wconf 86' lang='lat' dir='ltr'>Romae,</span> <span class='ocrx_word' id='word_1_253' title='bbox 866 3711 951 3764; x_wconf 89' lang='lat' dir='ltr'>quum</span> <span class='ocrx_word' id='word_1_254' title='bbox 965 3695 1051 3749; x_wconf 85' lang='lat' dir='ltr'>libera</span> <span class='ocrx_word' id='word_1_255' title='bbox 1062 3698 1212 3765; x_wconf 83' lang='lat' dir='ltr'>republica,</span> <span class='ocrx_word' id='word_1_256' title='bbox 1227 3703 1285 3752; x_wconf 89' lang='lat' dir='ltr'>tum</span> <span class='ocrx_word' id='word_1_257' title='bbox 1303 3701 1355 3753; x_wconf 89' lang='lat' dir='ltr'>sub</span> <span class='ocrx_word' id='word_1_258' title='bbox 1369 3699 1486 3767; x_wconf 87' lang='lat' dir='ltr'>imperio</span> 
     </span>
     <span class='ocr_line' id='line_1_30' title="bbox 231 3781 1442 3850; baseline 0.002 -15"><span class='ocrx_word' id='word_1_259' title='bbox 231 3782 370 3849; x_wconf 84' lang='lat' dir='ltr'>impetrari</span> <span class='ocrx_word' id='word_1_260' title='bbox 387 3782 500 3850; x_wconf 86' lang='lat' dir='ltr'>darique</span> <span class='ocrx_word' id='word_1_261' title='bbox 517 3784 644 3848; x_wconf 86' lang='lat' dir='ltr'>solerent,</span> <span class='ocrx_word' id='word_1_262' title='bbox 662 3781 729 3835; x_wconf 82' lang='lat' dir='ltr'>scite</span> <span class='ocrx_word' id='word_1_263' title='bbox 746 3781 868 3848; x_wconf 82' lang='lat' dir='ltr'>disputat</span> <span class='ocrx_word' id='word_1_264' title='bbox 886 3781 1005 3834; x_wconf 86' lang='lat' dir='ltr'>Dirksen</span> <span class='ocrx_word' id='word_1_265' title='bbox 1023 3783 1071 3835; x_wconf 80' lang='lat' dir='ltr'>cia.</span> <span class='ocrx_word' id='word_1_266' title='bbox 1089 3783 1159 3837; x_wconf 69' lang='lat' dir='ltr'>Ata</span> <span class='ocrx_word' id='word_1_267' title='bbox 1176 3785 1199 3838; x_wconf 86' lang='lat' dir='ltr'>I.</span> <span class='ocrx_word' id='word_1_268' title='bbox 1217 3786 1266 3838; x_wconf 90' lang='lat' dir='ltr'>Nr.</span> <span class='ocrx_word' id='word_1_269' title='bbox 1284 3787 1333 3839; x_wconf 84' lang='lat' dir='ltr'>lv.</span> <span class='ocrx_word' id='word_1_270' title='bbox 1352 3786 1442 3839; x_wconf 67' lang='lat' dir='ltr'>ratu</span> 
     </span>
    </p>

    <p class='ocr_par' dir='ltr' id='par_1_10' title="bbox 227 3865 1487 4616">
     <span class='ocr_line' id='line_1_31' title="bbox 305 3865 1487 3939; baseline 0.004 -18"><span class='ocrx_word' id='word_1_271' title='bbox 305 3869 331 3934; x_wconf 92' lang='lat' dir='ltr'>i)</span> <span class='ocrx_word' id='word_1_272' title='bbox 353 3865 472 3938; x_wconf 76' lang='lat' dir='ltr'>[*Quae</span> <span class='ocrx_word' id='word_1_273' title='bbox 488 3866 592 3918; x_wconf 79' lang='lat' dir='ltr'>Auctor</span> <span class='ocrx_word' id='word_1_274' title='bbox 610 3867 644 3919; x_wconf 91' lang='lat' dir='ltr'>de</span> <span class='ocrx_word' id='word_1_275' title='bbox 663 3870 722 3935; x_wconf 78' lang='lat' dir='ltr'>lege</span> <span class='ocrx_word' id='word_1_276' title='bbox 739 3867 815 3933; x_wconf 77' lang='lat' dir='ltr'>regia</span> <span class='ocrx_word' id='word_1_277' title='bbox 831 3867 883 3918; x_wconf 83' lang='lat' dir='ltr'>sub</span> <span class='ocrx_word' id='word_1_278' title='bbox 901 3868 1024 3932; x_wconf 85' lang='lat' dir='ltr'>auspicia</span> <span class='ocrx_word' id='word_1_279' title='bbox 1040 3869 1175 3939; x_wconf 86' lang='lat' dir='ltr'>cujusque</span> <span class='ocrx_word' id='word_1_280' title='bbox 1192 3869 1300 3938; x_wconf 88' lang='lat' dir='ltr'>imperii</span> <span class='ocrx_word' id='word_1_281' title='bbox 1316 3871 1444 3926; x_wconf 83' lang='lat' dir='ltr'>instituta</span> <span class='ocrx_word' id='word_1_282' title='bbox 1461 3875 1487 3926; x_wconf 84' lang='lat' dir='ltr'>b.</span> 
     </span>
     <span class='ocr_line' id='line_1_32' title="bbox 231 3951 1486 4026; baseline 0.005 -20"><span class='ocrx_word' id='word_1_283' title='bbox 231 3956 249 4006; x_wconf 93' lang='grc' dir='ltr'>Ι.</span> <span class='ocrx_word' id='word_1_284' title='bbox 266 3952 385 4004; x_wconf 87' lang='lat' dir='ltr'>maxime</span> <span class='ocrx_word' id='word_1_285' title='bbox 403 3953 424 4020; x_wconf 63' lang='grc' dir='ltr'>ξ.</span> <span class='ocrx_word' id='word_1_286' title='bbox 441 3955 483 4005; x_wconf 85' lang='grc'>63.</span> <span class='ocrx_word' id='word_1_287' title='bbox 496 3957 538 4006; x_wconf 87' lang='grc'>64.</span> <span class='ocrx_word' id='word_1_288' title='bbox 556 3953 673 4019; x_wconf 86' lang='lat' dir='ltr'>scripsit,</span> <span class='ocrx_word' id='word_1_289' title='bbox 687 3951 721 4005; x_wconf 89' lang='lat' dir='ltr'>iis</span> <span class='ocrx_word' id='word_1_290' title='bbox 739 3969 812 4004; x_wconf 88' lang='lat' dir='ltr'>nune</span> <span class='ocrx_word' id='word_1_291' title='bbox 829 3951 994 4017; x_wconf 83' lang='lat' dir='ltr'>patrocinari</span> <span class='ocrx_word' id='word_1_292' title='bbox 1011 3953 1118 4008; x_wconf 87' lang='lat' dir='ltr'>videtur</span> <span class='ocrx_word' id='word_1_293' title='bbox 1131 3955 1218 4022; x_wconf 73' lang='lat' dir='ltr'>Gajus</span> <span class='ocrx_word' id='word_1_294' title='bbox 1233 3959 1255 4010; x_wconf 93' lang='grc'>1.</span> <span class='ocrx_word' id='word_1_295' title='bbox 1273 3959 1294 4026; x_wconf 63' lang='grc' dir='ltr'>ξ.</span> <span class='ocrx_word' id='word_1_296' title='bbox 1306 3963 1331 4012; x_wconf 69' lang='lat' dir='ltr'>ta</span> <span class='ocrx_word' id='word_1_297' title='bbox 1343 3958 1393 4012; x_wconf 89' lang='lat' dir='ltr'>abi</span> <span class='ocrx_word' id='word_1_298' title='bbox 1405 3961 1486 4012; x_wconf 82' lang='lat' dir='ltr'>haec:</span> 
     </span>
     <span class='ocr_line' id='line_1_33' title="bbox 230 4036 1486 4109; baseline 0.003 -19"><span class='ocrx_word' id='word_1_299' title='bbox 230 4056 302 4104; x_wconf 83' lang='lat' dir='ltr'>„aee</span> <span class='ocrx_word' id='word_1_300' title='bbox 319 4055 443 4107; x_wconf 82' lang='lat' dir='ltr'>umquam</span> <span class='ocrx_word' id='word_1_301' title='bbox 465 4036 609 4090; x_wconf 83' lang='lat' dir='ltr'>dubitatum</span> <span class='ocrx_word' id='word_1_302' title='bbox 634 4047 686 4102; x_wconf 82' lang='lat' dir='ltr'>eet,</span> <span class='ocrx_word' id='word_1_303' title='bbox 704 4038 767 4108; x_wconf 83' lang='lat' dir='ltr'>qaia</span> <span class='ocrx_word' id='word_1_304' title='bbox 783 4037 813 4088; x_wconf 81' lang='lat' dir='ltr'>id</span> <span class='ocrx_word' id='word_1_305' title='bbox 828 4036 899 4104; x_wconf 87' lang='lat' dir='ltr'>(scit.</span> <span class='ocrx_word' id='word_1_306' title='bbox 918 4039 992 4106; x_wconf 90' lang='lat' dir='ltr'>quod</span> <span class='ocrx_word' id='word_1_307' title='bbox 1010 4040 1162 4108; x_wconf 87' lang='lat' dir='ltr'>Imperator</span> <span class='ocrx_word' id='word_1_308' title='bbox 1179 4044 1304 4108; x_wconf 83' lang='lat' dir='ltr'>decreto,</span> <span class='ocrx_word' id='word_1_309' title='bbox 1321 4045 1365 4096; x_wconf 86' lang='lat' dir='ltr'>vel</span> <span class='ocrx_word' id='word_1_310' title='bbox 1386 4043 1486 4109; x_wconf 89' lang='lat' dir='ltr'>edicto,</span> 
     </span>
     <span class='ocr_line' id='line_1_34' title="bbox 231 4121 1486 4198; baseline 0.006 -24"><span class='ocrx_word' id='word_1_311' title='bbox 231 4125 273 4175; x_wconf 86' lang='lat' dir='ltr'>vel</span> <span class='ocrx_word' id='word_1_312' title='bbox 291 4123 408 4188; x_wconf 88' lang='lat' dir='ltr'>epistola</span> <span class='ocrx_word' id='word_1_313' title='bbox 424 4122 579 4191; x_wconf 85' lang='lat' dir='ltr'>constituit)</span> <span class='ocrx_word' id='word_1_314' title='bbox 600 4123 664 4191; x_wconf 76' lang='lat' dir='ltr'>lepis</span> <span class='ocrx_word' id='word_1_315' title='bbox 681 4123 762 4174; x_wconf 79' lang='lat' dir='ltr'>uicem</span> <span class='ocrx_word' id='word_1_316' title='bbox 780 4121 909 4188; x_wconf 66' lang='lat' dir='ltr'>obuncat,</span> <span class='ocrx_word' id='word_1_317' title='bbox 928 4141 1007 4193; x_wconf 76' lang='lat' dir='ltr'>ptum</span> <span class='ocrx_word' id='word_1_318' title='bbox 1025 4126 1080 4194; x_wconf 79' lang='lat' dir='ltr'>ipse</span> <span class='ocrx_word' id='word_1_319' title='bbox 1097 4127 1251 4197; x_wconf 78' lang='lat' dir='ltr'>Imperator</span> <span class='ocrx_word' id='word_1_320' title='bbox 1263 4147 1317 4197; x_wconf 80' lang='lat' dir='ltr'>per</span> <span class='ocrx_word' id='word_1_321' title='bbox 1335 4129 1420 4198; x_wconf 73' lang='lat' dir='ltr'>leam</span> <span class='ocrx_word' id='word_1_322' title='bbox 1438 4133 1486 4182; x_wconf 78' lang='lat' dir='ltr'>im·</span> 
     </span>
     <span class='ocr_line' id='line_1_35' title="bbox 227 4206 1485 4282; baseline 0.003 -20"><span class='ocrx_word' id='word_1_323' title='bbox 227 4209 334 4276; x_wconf 75' lang='lat' dir='ltr'>percum</span> <span class='ocrx_word' id='word_1_324' title='bbox 351 4209 496 4277; x_wconf 76' lang='lat' dir='ltr'>accipiat.&#39;&#39;</span> <span class='ocrx_word' id='word_1_325' title='bbox 514 4207 622 4272; x_wconf 87' lang='lat' dir='ltr'>Quibus</span> <span class='ocrx_word' id='word_1_326' title='bbox 634 4206 836 4260; x_wconf 83' lang='lat' dir='ltr'>difficultatibus</span> <span class='ocrx_word' id='word_1_327' title='bbox 847 4214 906 4261; x_wconf 81' lang='lat' dir='ltr'>tota</span> <span class='ocrx_word' id='word_1_328' title='bbox 917 4210 952 4262; x_wconf 88' lang='lat' dir='ltr'>de</span> <span class='ocrx_word' id='word_1_329' title='bbox 969 4212 1028 4276; x_wconf 83' lang='lat' dir='ltr'>lege</span> <span class='ocrx_word' id='word_1_330' title='bbox 1044 4211 1120 4278; x_wconf 71' lang='lat' dir='ltr'>regia</span> <span class='ocrx_word' id='word_1_331' title='bbox 1138 4214 1263 4282; x_wconf 85' lang='lat' dir='ltr'>quaestio</span> <span class='ocrx_word' id='word_1_332' title='bbox 1280 4214 1394 4275; x_wconf 83' lang='lat' dir='ltr'>laboret,</span> <span class='ocrx_word' id='word_1_333' title='bbox 1407 4216 1485 4268; x_wconf 86' lang='lat' dir='ltr'>stric-</span> 
     </span>
     <span class='ocr_line' id='line_1_36' title="bbox 231 4291 1486 4366; baseline 0.006 -22"><span class='ocrx_word' id='word_1_334' title='bbox 231 4292 280 4344; x_wconf 89' lang='lat' dir='ltr'>tim</span> <span class='ocrx_word' id='word_1_335' title='bbox 297 4291 426 4361; x_wconf 89' lang='lat' dir='ltr'>exposuit</span> <span class='ocrx_word' id='word_1_336' title='bbox 439 4294 523 4360; x_wconf 76' lang='lat' dir='ltr'>Hugo</span> <span class='ocrx_word' id='word_1_337' title='bbox 538 4295 572 4346; x_wconf 87' lang='lat' dir='ltr'>R.</span> <span class='ocrx_word' id='word_1_338' title='bbox 588 4293 622 4342; x_wconf 79' lang='lat' dir='ltr'>G.</span> <span class='ocrx_word' id='word_1_339' title='bbox 638 4291 691 4344; x_wconf 88' lang='lat' dir='ltr'>XI.</span> <span class='ocrx_word' id='word_1_340' title='bbox 704 4308 731 4358; x_wconf 90' lang='lat' dir='ltr'>p.</span> <span class='ocrx_word' id='word_1_341' title='bbox 745 4297 797 4346; x_wconf 82' lang='lat'>720</span> <span class='ocrx_word' id='word_1_342' title='bbox 806 4321 837 4333; x_wconf 91' lang='lat'>—</span> <span class='ocrx_word' id='word_1_343' title='bbox 848 4294 921 4366; x_wconf 64' lang='lat'>724]</span> <span class='ocrx_word' id='word_1_344' title='bbox 941 4297 1067 4359; x_wconf 78' lang='lat' dir='ltr'>Quocum</span> <span class='ocrx_word' id='word_1_345' title='bbox 1078 4298 1182 4352; x_wconf 67' lang='lat' dir='ltr'>ostend</span> <span class='ocrx_word' id='word_1_346' title='bbox 1200 4303 1279 4352; x_wconf 89' lang='lat' dir='ltr'>sunt:</span> <span class='ocrx_word' id='word_1_347' title='bbox 1298 4300 1420 4356; x_wconf 82' lang='lat' dir='ltr'>Dirksen</span> <span class='ocrx_word' id='word_1_348' title='bbox 1438 4304 1486 4354; x_wconf 81' lang='lat' dir='ltr'>cia.</span> 
     </span>
     <span class='ocr_line' id='line_1_37' title="bbox 231 4375 1486 4451; baseline 0.008 -23"><span class='ocrx_word' id='word_1_349' title='bbox 231 4375 299 4429; x_wconf 74' lang='lat' dir='ltr'>Aba.</span> <span class='ocrx_word' id='word_1_350' title='bbox 317 4379 339 4430; x_wconf 92' lang='lat'>1.</span> <span class='ocrx_word' id='word_1_351' title='bbox 356 4394 383 4444; x_wconf 93' lang='lat' dir='ltr'>p.</span> <span class='ocrx_word' id='word_1_352' title='bbox 397 4383 456 4432; x_wconf 85' lang='grc'><strong>176.</strong></span> <span class='ocrx_word' id='word_1_353' title='bbox 474 4379 556 4429; x_wconf 82' lang='lat' dir='ltr'>laem</span> <span class='ocrx_word' id='word_1_354' title='bbox 569 4381 712 4429; x_wconf 87' lang='lat' dir='ltr'>comment.</span> <span class='ocrx_word' id='word_1_355' title='bbox 732 4379 765 4431; x_wconf 93' lang='lat' dir='ltr'>de</span> <span class='ocrx_word' id='word_1_356' title='bbox 783 4394 855 4432; x_wconf 86' lang='lat' dir='ltr'>novo</span> <span class='ocrx_word' id='word_1_357' title='bbox 873 4381 1011 4446; x_wconf 86' lang='lat' dir='ltr'>praesidio</span> <span class='ocrx_word' id='word_1_358' title='bbox 1028 4382 1090 4436; x_wconf 88' lang='lat' dir='ltr'>cris.</span> <span class='ocrx_word' id='word_1_359' title='bbox 1107 4388 1135 4435; x_wconf 89' lang='lat' dir='ltr'>et</span> <span class='ocrx_word' id='word_1_360' title='bbox 1151 4383 1261 4451; x_wconf 88' lang='lat' dir='ltr'>interpr.</span> <span class='ocrx_word' id='word_1_361' title='bbox 1282 4402 1317 4437; x_wconf 88' lang='lat' dir='ltr'>ex</span> <span class='ocrx_word' id='word_1_362' title='bbox 1336 4403 1366 4438; x_wconf 91' lang='lat' dir='ltr'>re</span> <span class='ocrx_word' id='word_1_363' title='bbox 1382 4388 1486 4440; x_wconf 76' lang='lat' dir='ltr'>formu-</span> 
     </span>
     <span class='ocr_line' id='line_1_38' title="bbox 231 4461 1486 4540; baseline 0.01 -27"><span class='ocrx_word' id='word_1_364' title='bbox 231 4461 298 4513; x_wconf 83' lang='lat' dir='ltr'>laria</span> <span class='ocrx_word' id='word_1_365' title='bbox 315 4465 502 4518; x_wconf 85' lang='lat' dir='ltr'>Romanorum</span> <span class='ocrx_word' id='word_1_366' title='bbox 520 4463 645 4529; x_wconf 86' lang='lat' dir='ltr'>petendo.</span> <span class='ocrx_word' id='word_1_367' title='bbox 657 4462 782 4530; x_wconf 77' lang='lat' dir='ltr'>Regiam.</span> <span class='ocrx_word' id='word_1_368' title='bbox 797 4469 873 4518; x_wconf 80' lang='lat'>1826.</span> <span class='ocrx_word' id='word_1_369' title='bbox 888 4467 936 4520; x_wconf 88' lang='lat' dir='ltr'>Nr.</span> <span class='ocrx_word' id='word_1_370' title='bbox 948 4469 984 4521; x_wconf 90' lang='lat'>11.</span> <span class='ocrx_word' id='word_1_371' title='bbox 1002 4467 1139 4522; x_wconf 89' lang='lat' dir='ltr'>Zimmcrn</span> <span class='ocrx_word' id='word_1_372' title='bbox 1159 4469 1195 4522; x_wconf 87' lang='lat' dir='ltr'>R.</span> <span class='ocrx_word' id='word_1_373' title='bbox 1211 4469 1244 4523; x_wconf 85' lang='lat' dir='ltr'>G.</span> <span class='ocrx_word' id='word_1_374' title='bbox 1259 4469 1280 4536; x_wconf 65' lang='grc' dir='ltr'>ἓ.</span> <span class='ocrx_word' id='word_1_375' title='bbox 1292 4475 1335 4524; x_wconf 83' lang='grc'>43.</span> <span class='ocrx_word' id='word_1_376' title='bbox 1354 4473 1486 4540; x_wconf 78' lang='lat' dir='ltr'>Scirilling</span> 
     </span>
     <span class='ocr_line' id='line_1_39' title="bbox 230 4549 937 4616; baseline 0.003 -14"><span class='ocrx_word' id='word_1_377' title='bbox 230 4549 438 4616; x_wconf 77' lang='lat' dir='ltr'>chcrkungea</span> <span class='ocrx_word' id='word_1_378' title='bbox 457 4549 502 4602; x_wconf 85' lang='lat' dir='ltr'>nh.</span> <span class='ocrx_word' id='word_1_379' title='bbox 520 4552 555 4602; x_wconf 83' lang='lat' dir='ltr'>R.</span> <span class='ocrx_word' id='word_1_380' title='bbox 574 4550 607 4602; x_wconf 79' lang='lat' dir='ltr'>G.</span> <span class='ocrx_word' id='word_1_381' title='bbox 625 4565 652 4616; x_wconf 90' lang='lat' dir='ltr'>p.</span> <span class='ocrx_word' id='word_1_382' title='bbox 670 4553 832 4604; x_wconf 81' lang='lat'>291-293.</span> <span class='ocrx_word' id='word_1_383' title='bbox 851 4550 937 4605; x_wconf 76' lang='lat' dir='ltr'>Milli.</span> 
     </span>
    </p>
   </div>
   <div class='ocr_carea' id='block_1_9' title="bbox 0 0 1544 5154">
    <p class='ocr_par' dir='ltr' id='par_1_11' title="bbox 0 0 1544 5154">
     <span class='ocr_line' id='line_1_40' title="bbox 0 0 1544 5154; baseline 0 0"><span class='ocrx_word' id='word_1_384' title='bbox 0 0 1544 5154; x_wconf 95' lang='lat' dir='ltr'> </span> 
     </span>
    </p>
   </div>
  </div>
 </body>
</html>
