3062 5164
227 409 232 416 ’
404 415 459 484 lla
483 413 578 485 June
604 415 746 500 Qumis.
773 417 827 516 Em
851 415 965 488 Cina.
1234 425 1308 495 268

53 595 234 657 Censorum
257 589 332 654 nus,
352 591 450 669 Quae
469 593 580 656 omnia
597 593 677 656 ideo
694 593 845 657 institute
863 602 953 676 sunt,
974 602 1012 658 ot
1030 595 1074 660 de
1093 595 1231 680 civium,
1248 599 1305 682 qui

53 725 135 766 arma
163 701 256 763 ferre
279 708 430 784 possent,
449 720 598 781 numero,
616 703 846 785 pecuniaeque
868 703 1114 785 magnitudine,
1138 725 1204 788 qua
1222 704 1305 768 belli
1336 765 1339 770 .

53 788 168 871 sumtus
192 807 406 888 sustinentur,
421 815 458 869 et
475 808 577 871 totius
595 805 801 892 reipublicae
821 808 945 872 viribus
966 818 1060 874 tanto
1082 811 1202 874 certius
1225 833 1306 875 con-

54 923 156 979 staret.
179 914 285 977 Unde
304 914 347 976 de
366 913 484 978 Servio
502 914 617 979 Tullio
634 915 753 979 Florus
768 913 834 977 Ι.6.
855 916 904 976 Ab
918 919 975 980 boc
983 920 1120 1006 popalus
1144 919 1305 981 Romanas

54 1027 165 1086 relatas
185 1024 222 1083 in
241 1043 384 1095 censam,
403 1023 543 1104 digestam
565 1029 599 1086 in
616 1027 749 1096 classes,
764 1027 861 1084 cscrs'is
885 1031 979 1104 atque
1003 1027 1139 1106 collegiis
1149 1027 1306 1088 ‘distribu-

55 1143 115 1193 tas:
138 1151 328 1212 summaque
352 1131 439 1210 regis
464 1133 605 1192 sollertia
626 1135 673 1193 ita
697 1139 745 1192 est
765 1131 911 1192 ordinata
930 1132 1122 1212 respublica,
1145 1139 1182 1193 at
1201 1137 1306 1194 omnia
1338 1201 1344 1210 ¹

55 1349 97 1407 las
110 1345 330 1424 reserrentur:
353 1363 391 1404 ac
412 1347 457 1404 sic
473 1350 612 1406 momina
634 1349 741 1406 ciuitas
761 1347 906 1405 minimae
927 1345 1038 1407 demas·
1052 1345 1216 1428 diligentia
1234 1365 1306 1407 con·

57 1455 210 1515 imeretur.

630 1567 659 1648 §-
679 1563 730 1628 52.

376 1681 462 1734 Censet
480 1683 558 1734 etiam
567 1683 618 1752 jas
635 1683 746 1735 civitatis
763 1683 870 1752 adquiri
882 1684 978 1751 potuit.

130 1781 345 1866 Quicumque
358 1783 434 1866 jure
454 1783 588 1847 nomina
606 1781 729 1846 dabant
747 1781 958 1866 Censoribus,
974 1803 1081 1868 eaque
1097 1779 1307 1846 inscribenda

63 1891 204 1954 curabant
228 1888 351 1954 tabulis
374 1889 597 1971 censualibus,
617 1912 658 1953 eo
680 1891 823 1975 ipsojus
845 1891 987 1954 civitatis
1007 1891 1305 1975 consequebantur,

62 1995 133 2057 adeo
148 1977 183 2060 ut
199 2008 239 2061 et
260 1999 357 2080 servi,
374 2019 440 2060 nou
458 1997 557 2060 modo
573 1998 771 2079 manumissi,
789 2019 902 2061 verum
924 1997 1024 2062 etiam
1042 1999 1131 2062 cives
1150 1997 1306 2061 videren-

61 2112 113 2184 tur,
132 2104 157 2166 si
180 2106 338 2187 nomina,
361 2105 590 2168 consentiente
609 2101 755 2187 domino,
771 2105 1005 2189 profiterentur
1027 2105 1115 2190 apud
1133 2105 1306 2188 Censores,

62 2233 93 2272 ac
116 2209 240 2275 deinde
263 2211 368 2276 lustro
389 2214 605 2276 interessent:
627 2212 707 2296 Ulp.
723 2215 852 2294 Frcgnn
874 2216 901 2273 1.
916 2211 945 2272 8.
964 2211 1032 2274 Cic.
1049 2213 1087 2273 dc
1111 2213 1200 2274 Orat.
1215 2215 1241 2273 I.
1255 2211 1306 2274 40.

65 2317 147 2393 (Vid.
160 2324 265 2404 supra
280 2319 349 2383 Tit.
366 2319 427 2384 IV.
444 2321 485 2384 V.
500 2322 528 2403 §.
548 2321 608 2400 3.).
631 2317 679 2383 At
700 2319 865 2382 adultiore
883 2320 955 2403 jam
974 2317 1125 2400 civitate,
1146 2338 1212 2380 non
1229 2337 1320 2400 pro-v

63 2425 169 2489 miscus
193 2427 350 2490 omnibus
374 2427 468 2490 licuit
493 2429 526 2491 in
552 2425 681 2491 tabulas
708 2426 879 2489 censuales
901 2425 1058 2508 irrepere.
1088 2424 1197 2503 Quum
1220 2423 1307 2487 enim

63 2530 207 2618 plerique
224 2535 306 2597 socii
325 2555 363 2598 ac
380 2533 492 2598 Latini
513 2535 654 2598 nominis
669 2533 733 2597 hoc
753 2534 853 2596 modo
865 2534 921 2618 jus
939 2533 1082 2596 civitatis
1099 2531 1210 2596 furtim
1228 2554 1309 2596 con·
1364 2590 1368 2594 .

65 2643 145 2722 sequi
162 2641 349 2724 studerent,
369 2641 622 2727 nominibusque
640 2641 769 2706 tabulis·
779 2639 987 2705 censualibus
1004 2640 1168 2725 inscriptis
1184 2641 1308 2705 deinde

67 2745 189 2812 Romam
214 2751 485 2834 commigrarent:
509 2751 680 2835 conquesti
701 2759 775 2813 sunt
795 2751 837 2813 A.
853 2750 888 2813 U
906 2747 942 2810 C.
964 2765 1078 2810 nuxlv.
1097 2749 1144 2811 M.
1161 2748 1308 2812 Aemilio

68 2865 97 2918 et
112 2857 142 2920 C.
160 2858 329 2921 Flaminio
349 2855 439 2922 Coss
457 2856 562 2941 legati
583 2855 744 2921 sociorum
760 2855 872 2919 Latini
887 2855 1043 2937 nominis,
1061 2877 1210 2937 magnam
1226 2858 1310 2918 mal-

68 2966 217 3028 titudinem
234 2969 346 3028 civium
365 2985 494 3027 errorem
508 2967 640 3026 Romam
654 2969 884 3047 commigrasse,
901 2970 931 3023 et
946 2962 989 3023 ibi
1002 2983 1109 3024 censos
1130 2985 1207 3025 esse.
1231 2961 1308 3040 Quo

68 3070 229 3135 intellecto
247 3073 389 3135 Senatus
405 3072 447 3150 Q.
463 3072 626 3135 Terentio
644 3072 811 3152 Culleoni,
827 3069 991 3152 Praetori,
1009 3069 1180 3151 negotium
1198 3070 1309 3153 dabat,

69 3188 97 3239 at
109 3192 160 3242 'eos
180 3183 395 3264 conquireret,
416 3188 460 3253 et,
481 3203 570 3264 quem
595 3183 627 3242 C.
652 3175 793 3252 Claudite,
813 3179 857 3240 M.
879 3177 967 3239 Livio
989 3176 1182 3248 Censoribns,
1199 3187 1311 3258 postne

70 3305 113 3347 eos
129 3289 289 3360 Censores,
308 3291 411 3369 :psam
430 3297 632 3368 parentemve
646 3290 719 3369 ejas
738 3287 825 3368 apud
837 3308 872 3348 se
887 3285 1013 3348 censam
1030 3303 1109 3355 esse,
1124 3284 1312 3364 probassent
1381 3339 1392 3358 „

67 3397 136 3467 socii,
153 3403 190 3457 at
204 3397 312 3484 redire
331 3416 366 3457 eo
385 3405 519 3476 cogeret,
535 3397 590 3457 adi
604 3399 692 3457 censi
708 3403 826 3457 essent:
841 3393 913 3456 Liv.
929 3390 1086 3453 XXXIX.
1099 3389 1130 3452 3.
1153 3388 1311 3467 Quamvis

68 3518 137 3584 ergo
154 3509 234 3566 tunc
259 3524 300 3565 ea
317 3502 560 3586 conquisitione
585 3502 760 3566 duodecim
783 3499 887 3563 millia
906 3498 1100 3564 Latinorum
1122 3495 1237 3560 domos
1258 3519 1312 3561 re-

69 3605 128 3669 dire
145 3620 362 3694 cogerentur:
380 3611 495 3694 paullo
513 3617 588 3694 post
602 3617 712 3674 tamen
727 3610 769 3672 A.
787 3609 829 3673 U.
845 3607 881 3672 C.
893 3624 1034 3670 Duxxvr.
1045 3606 1164 3670 iterum
1178 3605 1312 3695 auditae

69 3726 131 3779 sunt
151 3717 340 3802 legationes
366 3719 527 3784 sociorum
553 3727 587 3782 et
606 3719 720 3783 Latini
743 3717 899 3792 nominis,
919 3714 1211 3798 conquerentium,
1231 3717 1313 3782 ciues
1378 3737 1381 3744 ’

68 3843 131 3886 suos
148 3827 267 3890 Romae
284 3847 391 3889 censos
405 3829 574 3909 plerosque
591 3849 627 3888 eo
644 3828 834 3910 demigrare.
861 3823 951 3900 Quod
967 3825 999 3882 si
1010 3826 1224 3904 pernn‘ttatnr,
1238 3841 1314 3901 per·
1410 3861 1419 3870 -
1518 3853 1519 3862 κ

66 3938 166 4009 paucis
179 3937 289 3996 lustris
303 3935 467 4012 setarum,
486 3943 522 3996 nt
536 3935 661 3996 deserta
680 3934 801 4016 oppida,
819 3933 940 3994 deserti
955 3932 1035 4009 egri,
1051 3929 1172 3990 nnllam
1189 3929 1314 3988 militem

71 4037 139 4101 dare
154 4052 293 4124 possent.
318 4042 371 4104 Re
391 4063 470 4105 vero
492 4063 638 4125 expensa
657 4040 772 4126 paullo
792 4037 994 4117 adcuratius,
1013 4034 1139 4120 prodiit
1159 4033 1313 4116 edictum,
1400 4025 1402 4029 ’

72 4150 120 4224 qai
138 4153 212 4210 socii
232 4171 270 4210 ac
299 4155 431 4212 nominis
456 4150 579 4224 Latini,
609 4153 673 4232 ipsi
697 4151 871 4230 majoresve
894 4165 1010 4216 eornm,
1038 4144 1082 4204 M.
1107 4142 1252 4212 Claudio,
1281 4141 1315 4200 Τ.

75 4252 206 4326 Quinctio
235 4257 436 4329 Censoribns,
459 4267 593 4339 postque
615 4275 678 4328 ἐτι,
701 4257 789 4338 apud
815 4259 912 4316 socios
936 4254 1068 4313 nominis
1097 4251 1208 4310 Latini
1232 4252 1320 4310 censi
1332 4323 1335 4329 <

74 4371 176 4435 essent,
193 4374 229 4424 at
246 4385 351 4426 omnes
370 4367 515 4425 in'sncm
530 4367 658 4446 quisque
675 4347 826 4426 civitaten:
851 4369 924 4422 ante
944 4359 1109 4419 Kalendas
1127 4355 1317 4418 Nouembres

74 4469 215 4532 redirent:
238 4472 312 4535 Liv.
327 4473 413 4534 XLI.
431 4471 460 4534 8.
479 4471 509 4532 9.
532 4471 572 4534 Id
592 4472 647 4554 jus
672 4469 875 4555 aliquamdiu
896 4467 1020 4552 viguit,
1047 4463 1208 4550 siquidem
1227 4470 1261 4525 et
1279 4463 1317 4524 L.

76 4571 267 4642 Postumium
298 4578 474 4643 Consulem
504 4601 591 4643 anno
617 4577 726 4648 [to.
749 4593 881 4641 ouxxx.
904 4595 966 4657 pro
994 4574 1156 4638 concione
1178 4570 1319 4656 legimus
