2968 5154
150 337 155 344 ι
181 396 253 462 138
652 386 729 455 Lm.
754 389 783 456 l.
808 387 891 455 Τιτ.
914 386 959 454 X.
1000 468 1004 476 .

84 653 88 658 Δ
181 565 281 644 Quod
305 573 416 629 tamen
439 564 636 628 beneficium
656 583 724 626 non
743 562 785 626 ad
808 583 923 626 omnes
943 561 977 622 in
1001 559 1186 624 universum
1210 560 1362 644 spurios,
1380 561 1431 622 sed

180 683 275 738 natos
296 681 424 737 tantum
448 693 468 734 e
489 671 681 734 concubinis
699 670 904 755 pertinebat:
923 668 1051 732 Huber.
1069 669 1242 731 Praelectt.
1260 669 1307 729 ud
1317 669 1393 729 last.
1406 669 1432 727 l.

180 793 203 844 t.
212 803 247 864 p.
262 782 313 846 28.
333 783 380 862 (V
384 781 428 843 id.
444 779 592 863 seriptor.
608 799 704 863 supra
720 779 763 842 ad
777 779 806 860 5.
821 776 872 840 20.
887 785 957 840 not.
972 797 1003 860 g.
1019 775 1137 860 alleg.)

370 922 374 930 ’
650 991 658 996 .
710 889 714 896 ’
759 946 788 1027 §-
806 942 858 1006 at.

211 1039 214 1054 ι
273 1063 461 1116 Omutuuu'uus
479 1063 519 1116 Μ.
537 1071 631 1116 auctor
648 1061 841 1130 lepitimutr'om's
858 1057 950 1127 Lprr
966 1057 1125 1128 subsequens
1141 1060 1353 1114 matrimonium.

265 1163 309 1225 Et
327 1163 447 1248 primus
463 1164 597 1248 quidem
609 1157 844 1226 Constantinus
860 1160 907 1222 Μ.
922 1160 1005 1244 Imp.
1017 1160 1146 1224 invenit
1157 1159 1431 1244 legitimationem

181 1271 208 1334 Ι.
224 1287 288 1334 run
306 1285 521 1347 suessonicus
537 1284 792 1334 murmuremus.
809 1268 963 1331 Meminit
983 1269 1054 1352 ejus
1074 1268 1326 1332 constitutionis
1346 1267 1431 1328 Zeno

182 1377 265 1461 imp.
280 1377 319 1440 L.
335 1379 366 1438 5.
383 1379 415 1440 0.
431 1353 470 1440 de
483 1381 604 1441 Notur.
623 1378 672 1439 bb.
686 1384 721 1439 et
733 1376 938 1439 Justinianus
955 1377 1036 1438 Nov.
1051 1376 1243 1460 LXXXIX.
1251 1379 1357 1458 prmo.
1374 1372 1431 1435 Sed

182 1509 281 1571 quum
304 1487 377 1572 ipsa
395 1505 463 1548 non
486 1485 600 1549 tulerit
617 1493 778 1549 aetatem:
797 1485 937 1548 obscura
957 1484 1053 1546 nobis
1070 1492 1119 1547 est
1137 1483 1346 1567 legislatoris
1365 1502 1431 1544 sen-

181 1594 298 1658 tentia.
323 1594 365 1657 Id
386 1594 505 1657 saltem
525 1602 665 1674 certum,
686 1615 753 1656 non
774 1591 916 1657 voluisse
939 1590 1191 1655 Constantinum
1211 1591 1262 1654 M.
1282 1589 1431 1654 constitu-

182 1703 308 1766 tionem
327 1721 415 1763 suam
430 1702 473 1764 ad
485 1723 553 1784 eos,
572 1701 674 1786 quiin
692 1708 860 1785 posterum
877 1721 920 1762 ex
935 1699 1127 1763 concubinis
1142 1699 1303 1762 nascituri
1323 1703 1431 1776 essent,

183 1809 321 1894 porrigi,
337 1809 395 1871 sed
413 1830 487 1871 eunr
505 1817 582 1872 ante
601 1807 693 1872 illam
709 1807 977 1871 constitutionem
992 1808 1078 1870 natis
1096 1808 1272 1872 dumtaxat
1287 1805 1323 1869 id
1339 1806 1430 1868 bene·
1452 1808 1457 1814 '
1473 1839 1474 1846 .

184 1916 293 1978 ficium
309 1915 499 1999 indulsisse,
521 1938 589 1979 non
612 1915 679 1980 alio
703 1915 860 1998 consilio,
883 1935 981 1999 quam
1002 1925 1039 1979 ut
1062 1924 1237 2000 parentes,
1260 1915 1297 1978 in
1323 1933 1431 1976 concu-

185 2025 302 2087 binatu
318 2024 480 2107 viventes,
500 2023 565 2088 hoc
586 2024 765 2110 privilegio
782 2023 959 2108 pelliceret
979 2025 1156 2109 adjustum
1172 2023 1354 2086 ineundum
1372 2041 1430 2082 ma·

185 2132 392 2215 trimonium,
421 2133 575 2218 adeoque
603 2133 654 2196 his
684 2133 842 2197 cuniculis
868 2131 1122 2196 concubinatum
1148 2133 1335 2194 subrueret.
1363 2125 1430 2191 Vid.
1473 2197 1474 2218 ἢ

185 2241 265 2304 Des.
277 2240 416 2303 Herald.
431 2241 508 2302 Iter.
527 2241 648 2318 Quotid.
669 2242 695 2302 Ι.
714 2242 744 2302 4.
762 2241 792 2304 2.
811 2250 845 2305 et
864 2263 949 2326 quae
972 2261 1032 2303 nos
1052 2239 1262 2303 disseruimus
1276 2239 1311 2302 in
1331 2238 1431 2298 Gumm-
1473 2301 1474 2306 ,

186 2352 230 2412 ud
243 2351 279 2411 L.
295 2350 357 2412 Jul.
373 2359 403 2410 et
420 2349 501 2429 Pop.
517 2348 585 2409 Lib.
604 2350 645 2410 II.
662 2372 687 2412 o.
703 2351 732 2411 5.
743 2372 778 2432 p.
793 2349 865 2415 173.
880 2371 925 2431 sq.

761 2502 795 2582 δέ
811 2501 862 2562 24.

354 2611 515 2666 memorius
531 2614 652 2664 murator
669 2614 863 2682 lepitimutiouis
881 2615 922 2667 ΙΙ.
936 2632 989 2683 per
1007 2612 1164 2666 oblationem
1182 2615 1284 2666 curiae.

271 2713 405 2777 Deinde
431 2721 465 2776 et
488 2713 698 2781 Theodosius
715 2716 831 2799 junior
854 2715 983 2780 addidit
1005 2715 1286 2800 legitimationem
1310 2711 1431 2775 H.1²ER

189 2838 407 2885 onuawouunt
423 2822 657 2888 cUR1An2L.3·
676 2825 705 2885 4.
728 2825 760 2886 0.
772 2825 811 2886 de
827 2826 904 2887 Nat.
923 2826 972 2886 lab.
997 2822 1104 2900 Quum
1123 2823 1211 2886 enim
1225 2824 1313 2886 adeo
1329 2833 1429 2881 omnes

189 2929 407 2993 abhorrerent
423 2953 443 2993 a
458 2930 672 2994 decurionum
691 2953 837 3013 munere,
850 2940 885 2995 ut
893 2933 964 3016 jam
980 2931 1117 3016 Trajani
1129 2933 1333 3014 temporibus
1348 2920 1429 2989 multi

187 3037 284 3101 inviti
297 3037 417 3101 fierent
433 3038 645 3102 decuriones:
662 3039 749 3103 Plin.
760 3041 860 3122 Epist.
871 3041 911 3102 X.
921 3038 993 3101 114.
1003 3047 1038 3101 et
1054 3059 1154 3122 saepe
1169 3035 1346 3102 Christiani
1359 3021 1430 3117 poe·
1463 3085 1466 3091 .

105 3185 115 3194 -
189 3168 253 3209 nae
272 3146 349 3209 loco
368 3147 463 3210 curiis
480 3145 726 3212 addicerentur:
741 3147 840 3210 Barn-
856 3146 1001 3210 Brisson.
1012 3149 1120 3228 Auts'q.
1136 3147 1247 3209 Seleet.
1260 3149 1282 3208 I
1285 3145 1318 3207 V.
1335 3140 1381 3204 18.
1399 3155 1429 3200 ac
1473 3191 1474 3194 ,

189 3253 330 3339 proinde
350 3253 596 3339 aufugientibus
617 3253 849 3319 decurionibus
868 3256 977 3318 curiae
994 3274 1102 3339 paene
1118 3253 1299 3318 exhaustae
1318 3251 1429 3314 esseut:
1473 3305 1474 3310 ,

188 3362 260 3425 dac.
279 3361 433 3427 Gothofr.
447 3366 492 3426 ud
504 3365 561 3427 ttt.
578 3364 610 3425 0.
633 3364 743 3425 theod.
764 3364 803 3424 de
819 3365 935 3426 Decor.
950 3362 1128 3447 privilegio
1147 3361 1328 3425 adliciendi
1348 3353 1429 3420 vide-

189 3470 309 3531 bantur
326 3468 475 3532 homines
492 3471 585 3533 adid
604 3490 719 3532 munus
735 3491 776 3532 eo
794 3470 962 3534 lubentius
976 3470 1229 3554 suscipiendum.
1252 3471 1343 3533 Hinc
1361 3481 1430 3525 con-

190 3575 361 3654 stitutione
381 3585 527 3659 cautum,
543 3586 589 3660 ut,
607 3578 720 3662 siquis
740 3578 849 3641 curiae
867 3579 986 3643 offeret
1000 3579 1102 3643 filium
1117 3578 1173 3642 vel
1193 3578 1295 3642 filiam
1310 3583 1430 3638 natura-

189 3684 267 3766 lem,
283 3683 332 3747 ita
343 3688 380 3745 ut
389 3682 450 3745 ille
465 3683 500 3748 in
516 3686 667 3750 ordinem
678 3686 893 3750 decurionum
904 3686 1085 3772 aliquando
1095 3687 1201 3772 recipi
1212 3709 1247 3750 se
1262 3687 1430 3772 pateretur,

192 3894 311 3962 Diyrem.
329 3893 370 3945 Il.
390 3896 430 3945 12.
458 3892 516 3944 Neo
538 3897 601 3945 ante
620 3893 830 3948 Constantinum
848 3895 954 3947 Romae
976 3899 1092 3961 recepta,
1110 3895 1236 3963 quamvis
1253 3891 1306 3946 viri
1324 3882 1392 3943 docti
1407 3878 1430 3932 id

191 3977 321 4045 eolligunt
337 3995 373 4030 ex
390 3977 422 4029 L.
439 3976 487 4030 ult.
505 3977 540 4029 D.
560 3978 593 4028 dr
610 3978 708 4044 Adopt.
725 3983 753 4028 et
769 3981 802 4030 L.
819 3983 862 4032 57.
881 3981 900 4046 ξ.
917 3985 939 4032 l.
957 3979 992 4032 D.
1009 3981 1040 4045 de
1059 3981 1115 4035 Rit.
1134 3988 1206 4048 nupt.
1230 3981 1303 4033 Nam
1319 3981 1349 4028 ut
1365 3966 1430 4036 prior

193 4066 246 4128 lex,
263 4067 307 4117 rel
325 4065 386 4130 ipse
410 4068 478 4114 teste
495 4062 620 4125 rubrica,
639 4062 673 4113 de
691 4061 868 4130 adrogatione
886 4066 1019 4133 loquitur:
1039 4063 1076 4117 ita
1094 4065 1229 4130 posterior
1246 4067 1304 4116 erat
1320 4063 1376 4124 lege
1391 4063 1430 4104 8⁰·

194 4149 270 4212 lutto,
288 4151 331 4202 vel
348 4147 529 4215 privilegium,
548 4148 623 4216 quod
641 4147 677 4199 ad
695 4151 850 4216 exemplum
869 4165 925 4201 non
943 4151 1109 4206 trahebatur.
1127 4149 1208 4201 Heia.
1224 4177 1257 4188 —
1269 4151 1338 4201 Ante
1355 4145 1429 4204 legem

194 4248 212 4284 a
229 4233 407 4286 Constantino
425 4231 490 4298 imp.
508 4235 591 4285 latam
610 4249 643 4284 eo
661 4235 729 4297 solo,
748 4235 823 4301 quod
834 4235 929 4305 justae
947 4234 1058 4300 nuptiae
1078 4240 1221 4300 parentum
1239 4235 1325 4286 factae
1341 4223 1428 4280 essent

108 4325 116 4338 “
195 4316 272 4368 liberi
291 4325 370 4370 autea
388 4319 445 4370 nati
462 4321 506 4371 vel
523 4315 645 4384 concepti
663 4316 748 4382 patris
767 4319 895 4384 potestati
912 4333 967 4372 non
986 4318 1216 4384 subjiciebantur3
1236 4319 1309 4386 quod
1326 4305 1430 4365 utflerct

195 4406 244 4453 aut
260 4402 437 4468 adrogatione
454 4418 524 4468 opus
537 4408 604 4468 erat
621 4407 669 4454 aut
680 4417 778 4454 causae
790 4403 951 4467 probatione
968 4407 1006 4470 (v.
1023 4402 1107 4468 supra
1118 4408 1174 4455 not.
1187 4403 1231 4471 d),
1249 4407 1297 4454 aut
1312 4393 1428 4456 resoripio

195 4484 340 4552 principis
359 4489 420 4553 cuj.
438 4488 459 4539 1.
477 4489 498 4555 s.
516 4493 558 4540 aa.
577 4493 618 4542 ss.
638 4488 858 4540 seua-nonu.
878 4490 894 4541 1.
913 4491 931 4541 ι.
951 4505 978 4555 p.
998 4492 1039 4542 19.
1058 4505 1084 4554 p.
1103 4493 1144 4543 aa.
1163 4503 1223 4558 sqq.
1236 4519 1270 4530 -
1282 4483 1343 4539 vu.
1361 4484 1385 4531 et
1402 4473 1430 4523 u

196 4571 338 4624 Bucbbolz
351 4571 408 4638 jur.
427 4573 561 4627 Abhandl.
579 4573 627 4630 Nu.
646 4573 728 4631 xlu.
756 4570 845 4626 llsu'lsl.
1237 4571 1242 4580 “
