3080 5154
206 366 255 432 m
679 327 984 426 mamm

205 536 277 619 ipse
293 535 413 598 iterum
428 533 480 597 illi
496 532 628 616 eripuit
641 533 736 596 Idem
751 533 854 596 11120.
869 535 923 596 Ex
938 555 980 598 eo
996 543 1147 619 tempore
1163 532 1266 596 rarius
1281 529 1337 608 vel
1355 531 1466 616 magi-

205 651 325 706 stratus
348 642 463 724 creati,
480 640 536 705 vel
557 639 653 725 leges
674 640 764 705 latae
787 641 904 725 popuii
921 642 1101 726 suffragiis:
1130 648 1165 704 at
1189 661 1231 704 eo
1255 639 1465 724 frequentius

179 743 402 836 'prodierrmt
432 765 783 830 snnsrusconsunrn‚
817 751 936 834 quibus
961 751 1158 836 plerumque
1186 749 1466 834 praemittebatur

204 867 306 923 oratio
317 861 484 941 Principia,
494 880 563 922 non
578 858 712 942 quidem
726 878 856 942 semper
875 862 917 922 ab
933 859 1007 942 ipso
1021 859 1190 942 Principe,
1207 857 1264 922 sed
1280 857 1414 940 saepius
1429 857 1461 936 ¹)

204 991 225 1030 a
242 969 476 1044 Quaeramus,
505 967 563 1051 qui
583 968 749 1028 candidati
773 969 986 1049 vocabantur,
1009 967 1167 1030 recitata:
1194 964 1339 1028 Brisson.
1352 967 1464 1046 Antiq.

161 1101 167 1120 ν
204 1076 335 1137 Bonnl.
354 1075 404 1137 17.
414 1097 449 1158 p.
463 1074 514 1136 19.
535 1075 636 1138 Unde
651 1079 792 1136 oratione
808 1075 966 1156 Pnitciprb
986 1084 1116 1136 cautum
1133 1073 1264 1153 dicitur,
1281 1072 1373 1157 quod
1390 1081 1466 1136 erat

206 1181 500 1247 Senatusconsulto
524 1183 747 1246 constitutum.
768 1183 807 1244 L.
815 1203 895 1264 pen.
909 1183 950 1244 D.
970 1184 1015 1244 ud
1029 1181 1090 1244 So,
1114 1181 1241 1244 tertull.
1262 1181 1301 1242 L.
1315 1180 1345 1242 8.
1358 1201 1412 1262 pr.
1423 1182 1464 1241 D.

203 1292 243 1352 ds
262 1291 476 1352 mansuetos.
501 1291 539 1353 L.
554 1290 606 1352 52.
630 1291 658 1372 §.
675 1290 725 1351 10.
742 1292 783 1350 D.
797 1289 865 1351 Pro
888 1309 949 1352 soc.
969 1290 1008 1351 L.
1027 1290 1079 1352 60.
1090 1309 1144 1373 pr.
1160 1290 1201 1349 D.
1219 1289 1259 1350 dc
1276 1287 1355 1350 neu
1372 1297 1465 1369 nupt.

202 1397 241 1458 L.
258 1396 310 1459 32.
315 1418 369 1479 pr.
383 1399 412 1480 §.
429 1397 460 1459 1.
476 1419 521 1480 sq.
537 1399 579 1458 D.
591 1399 631 1460 de
651 1399 733 1460 Bon.
748 1402 804 1460 titt.
818 1401 876 1459 vir.
898 1407 932 1459 et
953 1419 1007 1461 us.
1027 1398 1065 1459 L.
1086 1397 1116 1461 1.
1137 1398 1175 1459 L.
1192 1397 1223 1459 7.
1241 1397 1274 1459 0.
1287 1395 1326 1458 de
1340 1396 1464 1458 Pracd.

202 1510 275 1567 mia
297 1527 360 1568 non
377 1507 418 1566 ul.

276 1763 301 1830 1)
321 1763 354 1814 In
371 1759 553 1814 marmoribus
576 1773 657 1824 saepe
679 1755 794 1824 legimns
815 1771 955 1814 eosmron
972 1732 1163 1821 morsurus,
1177 1756 1287 1811 Reines.
1311 1757 1401 1810 Inscr.
1421 1758 1463 1810 ΙΙ.

104 1850 106 1854 ’
204 1851 247 1901 26.
268 1847 350 1900 714.
368 1845 525 1897 ΤΑΜΙΑΣ
540 1843 732 1895 ΗΑΝΔΙΔΑ
737 1845 760 1894 Y
762 1843 824 1906 ΟΣ,
837 1843 945 1895 Gruter.
958 1843 1083 1911 hicenpt
1098 1861 1126 1912 p.
1136 1847 1302 1896 ccccxxm.
1315 1843 1465 1895 Vocaban-

203 1938 247 1984 tur
264 1930 310 1995 ita,
324 1929 373 1998 qui
383 1931 469 1995 libris,
481 1929 604 1996 epistolis
616 1932 644 1980 et
660 1925 830 1979 orationibus
847 1928 1006 1994 Principum
1021 1927 1051 1979 in
1063 1929 1166 1980 Senatu
1177 1927 1364 1994 praelegendis
1381 1943 1464 1994 prae-

202 2023 294 2072 erant:
311 2018 345 2070 L.
364 2022 387 2070 l.
405 2016 442 2068 D.
460 2016 492 2068 de
514 2013 594 2082 Osfir.
616 2014 725 2072 Quaen.
741 2013 797 2066 Dio
812 2013 891 2066 Cass.
902 2014 968 2066 LX
981 2017 1007 2065 2
1025 2013 1111 2066 Tacit.
1128 2013 1228 2066 Amal.
1242 2014 1325 2066 XVI.
1337 2017 1381 2068 77.
1399 2029 1464 2066 eos·

171 2101 176 2112 ³
202 2121 256 2172 quc
270 2103 330 2170 jam
346 2102 382 2154 ab
399 2103 525 2168 Augusto
542 2098 679 2150 adhibitos
697 2103 804 2149 constat
821 2115 857 2150 ex
874 2099 966 2152 Dione
980 2099 1057 2150 Cass
1068 2098 1146 2150 LIV.
1161 2103 1205 2151 25.
1216 2105 1244 2151 et
1261 2100 1373 2152 Sueton.
1391 2100 1464 2167 Aug.

201 2209 224 2242 o.
242 2194 284 2242 65.
302 2189 369 2240 Ideo
386 2201 451 2239 vero
470 2184 535 2237 dicti
551 2183 677 2236 videntur
695 2183 842 2246 candidati,
855 2183 921 2252 quia
932 2189 996 2251 post
1008 2185 1190 2247 Quaesturam
1208 2183 1299 2237 statim
1314 2185 1463 2237 Praetores

201 2274 309 2336 fiebant,
329 2278 357 2325 et
373 2271 437 2324 inde
452 2271 580 2336 regebant
596 2268 759 2336 provincias.
777 2269 917 2336 Lamprid.
935 2273 978 2324 sit.
995 2271 1074 2322 Alex.
1091 2273 1135 2321 43.
1159 2269 1240 2320 Unde
1256 2271 1323 2321 haec
1341 2269 1463 2336 dignitas

200 2359 340 2425 ingressus
358 2361 416 2409 erat
433 2360 460 2408 et
477 2355 556 2424 quasi
568 2354 748 2421 primordium
764 2355 945 2420 gerendorum
956 2355 1101 2418 bonorum,
1112 2359 1140 2405 et
1158 2355 1307 2407 sententiae
1322 2353 1463 2407 instruatu

201 2445 339 2497 dicendae.
365 2445 425 2494 Imo
443 2441 592 2493 recentiore
609 2456 677 2492 aevo
695 2455 776 2504 saepe
793 2455 856 2492 cum
880 2441 941 2492 atiis
959 2439 1137 2506 dignitatibus
1159 2440 1376 2506 conjungebatur
1395 2441 1463 2492 baec

201 2533 363 2595 Quaestura.
393 2528 465 2578 Sane
482 2525 595 2579 Anicius
613 2524 770 2596 Aucbenius
787 2526 893 2578 Bassus
917 2524 947 2576 in
963 2539 1100 2578 marmore
1121 2527 1247 2578 Romano
1265 2531 1372 2592 practer
1390 2527 1463 2578 banc

201 2617 384 2679 Quaesturam
402 2610 484 2662 etiam
501 2611 571 2662 alios
588 2608 706 2676 gessisse
722 2611 842 2662 honores
861 2609 968 2662 dicitur.
985 2609 1094 2664 Reines.
1112 2610 1250 2680 Imcnptt.
1271 2610 1354 2663 Closs.
1375 2611 1420 2664 VI.
1434 2618 1462 2666 4.

397 2725 497 2764 aurcro.
515 2723 660 2764 aucnsuro.
678 2725 766 2763 sisso.
785 2726 811 2761 v.
829 2725 852 2764 c.
870 2725 941 2766 eurr

594 2809 680 2848 sroar.
697 2810 854 2848 osunrnsro
1002 2781 1004 2790 '

397 2894 462 2936 uno.
480 2895 625 2938 monacus
642 2895 766 2935 rannone
784 2895 913 2936 rararom

594 2980 734 3020 rurmsar.
752 2981 917 3020 Proconsum

397 3067 556 3106 causantur.
573 3066 733 3105 smarnmo.
754 3066 824 3104 usar.
842 3065 916 3104 rrum

594 3149 779 3190 usorsrmros

398 3238 525 3280 rnstettls.
543 3229 753 3277 annonariam
770 3233 909 3274 usrmmu

332 3323 335 3332 ’
397 3327 528 3367 srscrosr.
546 3325 621 3364 noca.
641 3321 774 3362 vrnrorrs.
791 3321 919 3360 cassum.

202 3415 276 3468 Talis
295 3413 377 3468 edam
395 3418 438 3466 est
455 3411 601 3480 Inscriptio
617 3409 721 3476 posita:

594 3511 622 3548 u.
640 3508 749 3546 uoumo
767 3506 867 3548 ansino
885 3508 911 3546 v.
928 3508 953 3546 c.

595 3594 743 3636 eoamroar
761 3593 918 3632 canoroaro

596 3679 724 3717 amaron
744 3677 849 3716 ursino
866 3678 959 3716 cornu

595 3765 746 3803 noumrroo
765 3762 875 3802 onurnrs
893 3761 967 3799 carru
986 3761 1018 3800 er

595 3850 708 3888 corson
725 3847 876 3888 oaoruuuo
892 3847 992 3886 irarum

596 3935 724 3974 nunnius
741 3932 879 3972 secuunos
897 3932 959 3970 rsus
977 3932 1000 3970 r.

177 4043 180 4068 ι
203 4021 311 4075 Rcines.
330 4023 467 4092 Imen'ptt.
489 4023 571 4076 Closs.
596 4023 641 4076 Vl.
661 4025 719 4075 1³2.
741 4019 886 4084 Legendns
903 4020 938 4072 de
955 4021 1008 4072 hac
1024 4017 1155 4086 dignitate
1171 4018 1245 4074 idem
1263 4024 1373 4078 Reines.
1398 4027 1461 4082 Ver.

202 4108 264 4161 ΙΙΙ.
283 4111 322 4160 16.
337 4125 366 4176 p.
384 4111 443 4162 600.
467 4109 548 4162 Heia
576 4107 660 4178 [¹⁸De
683 4103 835 4156 candidatis
859 4103 1013 4172 principum
1037 4111 1128 4158 exstat
1149 4105 1295 4174 singutaris
1313 4109 1390 4164 Diss.
1413 4113 1459 4165 Jo.

142 4193 144 4204 '
202 4194 277 4246 Fuid.
295 4192 403 4259 Mageri
420 4194 494 4261 Lips.
511 4197 586 4248 1733.
604 4206 721 4260 quacum
740 4189 819 4256 jung.
836 4190 945 4242 'l'rekell
967 4191 1003 4242 ad
1020 4190 1109 4244 Bam.
1127 4192 1265 4246 Bn'rsoaii
1286 4195 1417 4264 suamc.
1436 4197 1459 4250 1.

205 4283 245 4332 17.
260 4279 289 4332 iu
307 4279 401 4345 Hujus
420 4298 480 4349 opp.
491 4281 554 4332 mia
566 4294 593 4344 p.
604 4281 648 4329 26.
660 4273 719 4344 sq.]
739 4275 783 4326 De
801 4290 921 4349 quonam
935 4282 1027 4328 autem
1044 4281 1167 4342 tempore
1184 4278 1343 4344 cogitaverit
1361 4283 1459 4349 Gajus,

203 4365 242 4418 ita
259 4365 341 4416 verba
358 4364 471 4419 faciens:
487 4401 504 4428 „
510 4363 594 4429 idque
610 4360 742 4428 (sctum)
763 4360 829 4427 legis
848 4361 934 4414 vicem
952 4362 1065 4426 obtinet,
1083 4365 1201 4432 qumvis
1209 4365 1271 4434 ficit
1287 4367 1459 4434 φιιιείὴιηι”

206 4451 300 4516 (1.4),
318 4451 441 4502 nondum
458 4449 586 4502 convenit
608 4445 677 4498 inter
695 4446 826 4498 eruditos.
851 4448 885 4499 V.
903 4449 986 4514 Hugo
1004 4448 1039 4502 R.
1057 4448 1091 4500 G.
1108 4465 1135 4516 p.
1154 4453 1214 4504 414.
1239 4449 1360 4504 Dirksen
1380 4453 1460 4506 Vers.

205 4553 230 4601 p.
248 4540 307 4587 219.
327 4535 463 4586 Zimmern
481 4533 515 4584 R.
534 4533 567 4584 G.
585 4532 606 4597 ἓ.
624 4536 667 4584 22.
684 4537 741 4584 not.
762 4537 783 4585 l.
802 4530 889 4585 Mitti.
