3040 5164
203 446 213 498 1
302 395 357 483 un
383 395 490 468 'lbra
516 395 643 466 Onmr.
661 350 782 468 'Turn-¹
801 399 924 470 Mun.
951 397 1062 474 etos
1213 409 1285 478 41⁷

36 573 140 638 altero
158 587 197 634 ru
215 586 318 656 rnen,
337 554 493 665 alteroin
509 589 699 640 rnocrucru
713 576 763 638 usi
778 583 873 658 sunt,
888 584 979 640 recte
996 577 1109 642 docuit
1124 579 1285 645 Justinia-

35 702 104 744 nus:
121 680 153 759 §.
170 680 201 740 l.
213 679 292 742 last.
304 682 343 742 de
356 683 487 744 Tectam.
502 682 601 743 ardrie.
618 684 764 765 quamvis
780 685 856 748 satis
872 684 1080 749 incommode
1096 688 1166 770 ipsa
1182 695 1285 753 testa-

37 795 142 850 menta
158 785 244 848 haec
256 792 417 868 proabrrta
429 796 538 870 vocat,
555 809 641 872 quae
657 797 787 854 veteres
806 792 925 876 etipse
941 792 1148 877 Theophilus
1163 796 1285 859 rectius

37 913 68 958 nr
78 910 284 976 racemosa,
298 895 365 978 vel,
381 898 430 960 nti
445 896 479 958 in
493 903 609 958 vetere
625 895 743 962 Glossa
761 907 820 978 est,
839 915 930 964 enno
948 917 1149 983 rnoorunrn,
1169 903 1285 985 adpel-

14 999 19 1004 ’
37 1003 127 1066 litant
142 1003 192 1082 ¹¹).
214 1001 365 1086 Utraque
380 1011 456 1067 sunt
471 1004 714 1088 antiquissima,
729 1015 764 1068 et
779 1007 850 1090 ja'm
867 1015 944 1070 ante
959 1007 1053 1092 leges
1067 1007 1142 1072 ΧΠ
1155 1007 1292 1072 tabula-v

38 1131 97 1174 rum
112 1109 248 1172 Romae
267 1108 486 1174 invaluerant.
509 1111 596 1176 Sane
616 1118 812 1177 testamenta
833 1131 870 1178 1n
890 1131 1080 1178 rnocruc‘ru
1100 1117 1189 1180 facta
1211 1125 1286 1180 sunt

35 1220 92 1302 jam
119 1226 276 1300 tempore
299 1217 346 1280 M.
368 1216 555 1300 Coriolani,
577 1219 731 1302 quiante
753 1219 970 1284 Decemviros
992 1222 1092 1287 vixit:
1114 1222 1286 1286 Plutarchi

43 1325 189 1386 torena.
204 1345 230 1385 o.
248 1324 279 1386 9.
301 1325 510 1399 Testamenti
525 1343 605 1388 vero
627 1325 661 1388 in
678 1347 759 1409 pace
776 1327 847 1411 jam
862 1326 922 1390 sub
942 1327 1078 1411 regibus
1095 1331 1176 1394 facti
1196 1329 1285 1394 idem

41 1431 220 1494 meminisse
246 1432 379 1510 videtur
400 1433 595 1498 Plutarchus
618 1433 652 1495 in
675 1433 809 1496 Romulo
829 1455 855 1495 e.
876 1435 906 1496 5.
925 1436 982 1498 ubi
1005 1437 1177 1502 Tarrutius
1200 1437 1287 1502 Anci

42 1540 134 1602 Marci
158 1539 365 1623 temporibus
387 1541 599 1604 Laurentiam
628 1538 749 1604 dicitur
768 1537 958 1624 τελευτήσας
982 1542 1153 1627 ἀπολείψω
1176 1553 1286 1631 κληρο-

46 1646 135 1727 νόμον,
156 1667 244 1730 quae
267 1646 392 1730 phrasis
413 1646 495 1712 alias
515 1647 735 1711 hereditatem
754 1655 954 1714 testamento
977 1650 1121 1716 delatam
1138 1653 1287 1717 denotat.

45 1754 111 1816 Vid.
127 1754 289 1818 Perizon.
306 1756 350 1816 ad
370 1755 450 1838 Lag.
472 1755 582 1816 Vocon.
600 1776 633 1835 p.
650 1754 722 1818 134.
743 1754 885 1818 Fallitur
906 1777 987 1840 ergo
1007 1757 1123 1822 Desid.
1146 1759 1288 1823 Herald.

45 1863 109 1923 Iter.
127 1863 286 1944 quotide.
307 1863 362 1924 ult.
378 1863 407 1942 §.
422 1863 453 1922 4.
469 1868 503 1924 et
517 1862 547 1924 9.
571 1861 731 1925 falluntur
751 1869 787 1924 et
806 1861 865 1926 alii
886 1863 1103 1948 interpretes,
1124 1867 1181 1950 qui
1203 1865 1288 1930 haec

45 1957 443 2052 testamentorum'genera
458 1968 587 2032 demum
606 1968 640 2031 in
655 1969 731 2032 XII
750 1969 890 2034 Tabulis
907 1970 1062 2056 exemplo
1081 1974 1165 2059 juris
1180 1973 1287 2040 Attici
1384 1968 1400 1990 ⁴

46 2084 168 2160 recepta
183 2076 284 2138 fuisse
299 2084 427 2160 putant.

624 2195 653 2276 §-
674 2191 705 2255 a.

388 2311 556 2363 Testamenta
572 2311 600 2362 in
618 2309 728 2362 comitiis
746 2309 839 2364 calatis
847 2309 937 2377 saeta.

121 2411 336 2481 Testamenta
351 2429 388 2474 rx
406 2428 491 2474 rnen
506 2409 632 2473 fiebant
647 2410 680 2472 in
695 2409 836 2473 comitiis
851 2410 976 2494 calatis,
993 2409 1027 2473 id
1045 2418 1105 2494 est,
1123 2432 1208 2496 quae
1226 2432 1287 2497 pro

45 2517 185 2602 collegio
203 2517 411 2598 Pontificum,
427 2526 482 2581 aut
498 2517 603 2602 Regis
620 2513 827 2603 [sacrorum]
842 2516 1073 2581 Flaminumve
1088 2497 1289 2602 inauguran-

47 2626 151 2688 dorum
174 2646 288 2687 caussa
304 2623 528 2706 habebantur,
554 2631 589 2686 et
607 2601 841 2688 dividebantur
859 2625 893 2687 in
915 2631 1040 2710 curiata
1062 2646 1122 2709 per
1137 2625 1289 2689 lictorem

51 2733 186 2796 curiatim
211 2730 335 2812 calata,
362 2739 397 2792 et
423 2735 618 2804 centuriata,
642 2753 702 2814 per
725 2719 940 2795 cornicinem:
967 2731 1060 2796 Lael.
1082 2731 1181 2794 Felix
1199 2731 1289 2818 'apud

56 2837 182 2902 Gellium
194 2839 300 2900 Noctt.
315 2842 373 2899 An
383 2839 430 2899 ,Χ
431 2839 469 2899 V.
477 2837 529 2899 27.
544 2841 586 2919 ⁰).
607 2838 645 2900 ln
661 2837 711 2901 his
727 2861 807 2924 ergo
826 2848 861 2903 et
876 2847 1075 2902 testamenta
1089 2839 1214 2903 fiebant
1231 2861 1292 2923 per

51 2947 167 3010 modum
183 2934 282 3029 legis,
298 2952 333 3008 et
348 2946 525 3030 praemissa
540 2945 656 3029 procul
673 2945 774 3008 dubio
791 2946 944 3009 sollemni
958 2946 1144 3029 rogatione,
1158 2945 1290 3029 qualem

49 3052 76 3114 in
97 3053 314 3136 adrogatione
336 3053 454 3116 factam
476 3052 633 3115 observat
649 3051 736 3116 Gell.
752 3053 857 3116 Noctt.
871 3055 938 3113 An.
961 3052 995 3114 V.
1008 3052 1057 3113 19.
1077 3045 1217 3116 v'nuffls.
1235 3069 1291 3116 Ju-

50 3177 166 3226 amns.
191 3176 360 3236 Qurnrras.
382 3175 448 3224 um.
468 3177 498 3222 1..
526 3175 701 3224 nubamus.
723 3178 754 3223 ι..
779 3178 881 3223 rimo.
907 3174 989 3220 mu.
1011 3175 1104 3222 sunu.
1126 3163 1291 3234 nnenoun'.

50 3284 157 3332 nutus.
179 3283 253 3331 suu.
279 3283 364 3332 sinn.
396 3282 501 3342 Quuu.
523 3282 563 3330 sn
589 3283 644 3330 nx.
671 3285 724 3330 κο.
754 3283 874 3330 runnu.
901 3280 1096 3342 unrnnouu.
1122 3281 1293 3330 renierus,

51 3391 129 3439 urus.
146 3389 260 3438 nurus
279 3389 391 3436 ussum
409 3389 546 3449 urrann.
564 3388 608 3435 ΕΙ.
621 3389 736 3456 vrrsu.
757 3389 933 3449 NEOISQUE.
948 3389 993 3437 ru.
1015 3387 1095 3435 nun.
1112 3387 1292 3436 rornsrns.

51 3495 126 3542 sur.
150 3497 218 3543 ur1.
242 3496 477 3543 rauranum.
501 3489 605 3542 r1u10.'
623 3494 694 3543 nsr.
717 3498 815 3544 nuno.
838 3496 905 3543 ΠΛ.
933 3496 1000 3557 urs.
1025 3496 1109 3542 mxl.
1134 3495 1202 3544 run.
1221 3495 1293 3544 vos.

54 3605 209 3660 Quartus.
234 3604 332 3650 Roeo.
363 3577 462 3650 Unde
485 3594 575 3649 recte
599 3586 788 3650 observavit
809 3587 944 3650 illustris
966 3587 1121 3650 Thomas.
1141 3589 1226 3648 Dies.
1254 3587 1294 3648 de

50 3699 131 3773 prim.
145 3698 211 3756 im‘t.
227 3715 360 3756 success.
376 3704 496 3757 testem.
512 3695 540 3775 §.
555 3693 605 3756 12.
626 3693 767 3758 heredes
787 3694 852 3756 hoc
866 3692 966 3755 modo
988 3693 1155 3770 institutos
1178 3692 1295 3775 legiti-

55 3802 141 3865 timos
155 3802 265 3886 potius
286 3801 397 3882 fuisse,
415 3823 511 3885 quam
527 3802 800 3869 testamentarius.
822 3801 958 3863 Scilicet
976 3800 1208 3862 existimabant
1222 3784 1295 3860 Ro-

55 3910 142 3990 mani,
154 3909 264 3994 legem
280 3909 411 3971 nonnisi
423 3930 511 3972 nova
525 3909 603 3994 lege
619 3909 694 3972 tolli
708 3929 816 3995 posse,
832 3908 984 3992 adeoque
1004 3915 1037 3970 et
1053 3906 1175 3970 nemini
1191 3905 1294 3969 licere

54 4012 138 4098 leges
147 4017 194 4080 de
210 4014 450 4079 hereditatibus
466 4017 693 4082 intestatorum
705 4017 857 4101 migrare,
869 4015 1036 4100 aliumque
1047 4009 1296 4076 instituerehe-

115 4229 147 4296 a)
167 4230 230 4283 vsa.
248 4230 310 4298 oaj.
328 4232 365 4286 11.
382 4231 404 4297 s.
424 4235 481 4284 101.
501 4229 589 4284 nunt.

116 4317 145 4381 e)
165 4315 311 4378 Quomodo
329 4313 503 4380 intelligenda
527 4317 583 4370 sint
598 4317 696 4377 rerba,
714 4313 785 4383 quae
803 4314 912 4367 Laelius
930 4313 1009 4366 Felix
1033 4315 1107 4380 apud
1126 4313 1242 4366 Gellium
1260 4327 1296 4362 ex
1413 4317 1414 4320 ’

56 4396 174 4450 Labeone
190 4397 273 4450 retent
289 4399 392 4465 (calata
407 4399 518 4452 comitia
535 4416 608 4464 esse,
627 4417 694 4468 quae
709 4417 762 4468 pro
780 4400 888 4468 collecta
901 4399 1056 4466 pontbt'cum
1074 4401 1206 4450 habentur
1219 4397 1296 4462 rel.)t

57 4495 106 4531 non
122 4499 174 4534 nna
191 4488 234 4534 est
252 4483 421 4536 eruditorum
439 4483 580 4537 sententia.
598 4485 640 4538 Cf.
658 4483 822 4537 Heineccins
842 4485 911 4535 Dirs.
924 4481 1001 4550 olley.
1018 4483 1039 4548 t.
1060 4487 1100 4535 13.
1119 4482 1225 4532 Trekelt
1246 4482 1262 4532 l:
1279 4479 1296 4530 t.

57 4579 78 4612 e.
94 4565 124 4616 ll.
142 4567 162 4632 ξ.
183 4571 223 4620 lo.
241 4581 268 4631 p.
286 4571 321 4620 ³³
331 4597 361 4610 ·—
370 4572 412 4622 ³6.
431 4569 562 4622 Huschke
580 4569 617 4622 im
637 4568 735 4620 Ittein.
756 4569 826 4620 Mus.
844 4569 875 4620 T.
896 4567 942 4616 Vl.
961 4580 988 4629 p.
1006 4569 1066 4616 290.
1085 4563 1172 4616 Mtitt.

1059 4649 1101 4709 27
