3056 5154
228 373 302 440 rsa
622 335 632 344 “
679 363 754 432 ιιι.
779 361 838 432 1u.
864 363 1041 434 ram:

228 518 347 608 Jacob.
362 538 555 606 Raevardus
570 541 785 602 Prctrr‘benal.
803 561 829 602 o.
844 537 877 601 8.
888 559 923 621 p.
940 537 1011 602 864.
1028 553 1074 618 sq.
1092 537 1183 603 ldem
1201 557 1283 602 vero
1298 537 1447 603 institutum

229 649 272 713 ad
294 649 443 728 vineam,
467 646 638 726 balneum,
662 646 824 710 theutrum
847 664 914 708 non
936 645 1180 731 porrigebatur,
1204 644 1347 730 quamvis
1366 653 1395 708 et
1409 645 1448 708 hir
1493 666 1494 671 ¹

229 757 288 821 Dii
304 763 414 836 erant,
430 754 536 818 veluti
550 756 585 817 in
600 753 705 816 bortis
721 753 874 837 Priapus:
888 753 926 816 L.
940 753 992 816 20.
1007 754 1072 816 sod.
1088 810 1091 818 .

804 927 834 1008 g.
856 925 907 987 17.

462 1042 558 1094 Morbo
577 1051 603 1094 et
619 1043 691 1094 renio
708 1043 843 1110 confector
859 1045 887 1094 in
895 1045 946 1112 jur
963 1061 1060 1112 repere
1078 1060 1131 1095 non
1149 1040 1254 1096 licebat.

312 1146 384 1209 Imo
401 1152 435 1206 et
456 1139 739 1216 inhumanissimus
755 1142 813 1205 ille
831 1163 914 1228 mos,
930 1165 1005 1206 reos
1027 1143 1143 1207 morbo
1162 1131 1219 1206 vel
1238 1140 1329 1205 senio
1348 1141 1448 1226 langui·

232 1254 343 1318 diores
355 1251 514 1338 jumentis
533 1249 704 1333 impositos
719 1250 761 1314 ad
772 1250 942 1314 Praetoris
957 1251 1098 1319 tribuual
1116 1250 1282 1333 trahendi,
1291 1250 1447 1336 jamdudum

230 1357 442 1426 obsoleverat
461 1366 611 1441 tempore
627 1356 749 1444 Gellii,
766 1367 801 1422 ut
817 1379 860 1420 ex
882 1357 959 1422 looo
984 1359 1054 1444 ejus
1069 1379 1166 1443 supra
1183 1359 1321 1424 laudato
1336 1357 1448 1441 adparet

231 1467 375 1546 Quando
387 1487 467 1530 vero
477 1473 548 1529 tota
560 1465 617 1536 illa
630 1465 664 1528 in
676 1468 729 1550 jus
740 1467 873 1530 vocatio
885 1466 998 1530 abusu
1010 1467 1194 1549 recesserit,
1208 1467 1350 1548 nondum
1360 1465 1447 1548 liquet.

230 1575 334 1644 Plinii
350 1580 460 1639 aetate
476 1572 567 1636 illam
584 1571 691 1636 adhue
715 1573 958 1658 frequentatam
977 1596 1058 1657 esse,
1074 1582 1167 1659 patet
1183 1595 1229 1638 ex
1250 1575 1320 1660 ejus
1334 1573 1447 1652 Panegy-

231 1687 293 1746 rico
309 1705 334 1743 e.
349 1681 401 1746 36.
422 1681 468 1744 At
484 1680 582 1744 Pauli
599 1689 633 1743 et
649 1681 786 1765 Ulpiani
802 1689 913 1745 aetate
929 1680 1019 1754 illam
1025 1683 1095 1766 jam
1111 1681 1317 1746 obsolevisse
1331 1676 1447 1742 nonnulli

231 1788 394 1873 colligunt
418 1809 461 1852 ex
475 1789 514 1852 L.
527 1788 557 1850 2.
573 1789 602 1869 §.
617 1787 647 1850 1.
661 1790 703 1850 D.
726 1789 765 1852 Si
777 1794 846 1872 quia
868 1810 938 1865 voe.
948 1811 1011 1851 non
1027 1793 1109 1852 iert't.
1127 1798 1161 1854 et
1176 1791 1216 1852 L.
1234 1791 1264 1852 5.
1279 1791 1320 1850 D.
1332 1789 1365 1850 de
1375 1786 1444 1848 tuat.

232 1898 300 1962 Sed
314 1899 349 1961 in
365 1896 414 1960 his
430 1895 560 1977 legibus
576 1895 659 1958 nihil
681 1893 749 1959 tale
768 1881 926 1978 occurrit,
937 1897 1089 1980 quamvis
1110 1897 1229 1980 negari
1245 1893 1446 1984 nequeat,jsm

230 2016 300 2072 tum
314 2004 349 2067 in
367 2003 422 2087 jus
444 2003 654 2068 vocationem
678 2024 745 2066 uon
769 2004 907 2088 amplius
934 2005 1062 2088 privata
1080 2005 1296 2084 auctoritate,
1318 1993 1369 2064 sed
1382 2001 1446 2084 jussu

232 2111 402 2177 Praetoris
428 2101 548 2174 factam
576 2131 656 2173 esse.
685 2109 886 2174 Verosimile
911 2132 992 2196 ergo
1020 2120 1087 2192 est,
1114 2111 1324 2175 Constantini
1352 2107 1446 2169 demun

232 2218 435 2303 temporibus
458 2218 635 2282 invaluisse
651 2218 858 2282 vocationem
879 2241 940 2302 per
956 2227 1193 2302 exsequutores
1210 2219 1343 2300 factam,
1357 2216 1391 2278 de
1403 2233 1447 2298 qua

231 2328 268 2392 L.
296 2326 326 2388 3.
349 2335 384 2390 et
405 2328 441 2388 L.
469 2325 499 2387 7.
529 2327 562 2386 0.
589 2327 628 2387 de
649 2329 765 2388 Annal.
792 2337 909 2408 except.
935 2327 1055 2389 Neocli.
1079 2325 1167 2388 LIII.
1195 2325 1228 2388 3.
1252 2324 1364 2388 LXIII.
1382 2322 1405 2384 l.
1424 2325 1446 2380 et

236 2433 336 2496 ΟΧΙΙ.
349 2433 550 2526 23Huberus
566 2436 736 2498 Praeleett.
747 2427 796 2496 'ud
808 2434 883 2516 Dig.
898 2435 964 2496 Lib.
979 2433 1021 2496 II.
1040 2435 1097 2496 stt.
1112 2433 1169 2495 IV.
1188 2433 1218 2514 §.
1234 2433 1264 2495 1.
1278 2435 1319 2514 ⁰).

302 2673 332 2738 c)
353 2671 424 2752 Vide
442 2677 470 2722 et
487 2671 625 2736 Idsingam
643 2670 672 2722 in
695 2671 781 2724 Variis
799 2669 863 2741 [*c.
874 2677 899 2725 u
913 2690 943 2741 p.
955 2677 999 2726 49.
1014 2669 1066 2742 ιφ]
1087 2671 1170 2724 Um.
1186 2672 1253 2736 Quo
1270 2681 1380 2735 tenpore
1391 2668 1445 2715 11111

232 2757 261 2811 in
282 2757 330 2825 jus
347 2756 455 2808 vocatio
473 2756 635 2820 exoleverit,
653 2761 726 2808 certo
745 2772 805 2808 non
824 2762 945 2820 constan
970 2764 998 2810 et
1014 2757 1152 2810 continent
1174 2757 1273 2826 utique
1289 2762 1341 2808 nm
1355 2751 1444 2816 uigere

233 2839 317 2910 qua'nr
331 2841 399 2894 Cod.
419 2841 491 2894 Just.
508 2841 597 2892 adhuc
614 2841 709 2894 titulos
728 2843 759 2893 de
777 2843 806 2894 ia
819 2843 869 2912 jur
887 2844 1013 2896 vocando.
1031 2841 1130 2895 Dicere
1146 2848 1239 2896 tamen
1252 2844 1348 2896 Auctor
1362 2835 1445 2889 debebat

148 2963 150 2969 ·
234 2929 269 2980 de
287 2927 343 2980 titis
361 2925 582 2988 denunciatione,
600 2926 725 2980 sollemni
742 2927 797 2981 titis
815 2927 938 2991 exordio,
957 2929 1110 2981 secundum
1127 2930 1192 2982 Sex.
1209 2932 1278 2982 Aur.
1295 2917 1444 2979 victorente

236 3013 344 3064 Caesar.
362 3029 386 3064 o.
406 3017 446 3064 16.
464 3012 498 3062 ab
516 3013 586 3076 Imp.
605 3012 646 3065 M.
663 3016 730 3066 Aur.
748 3012 888 3065 Antonino
911 3012 1080 3079 introducto,
1097 3015 1204 3083 dequo
1222 2999 1288 3080 post
1302 3013 1356 3064 lac.
1370 3005 1445 3057 cotto

216 3155 217 3160 ἵ
233 3097 340 3150 fredum
357 3097 393 3149 ad
413 3097 475 3149 Cod.
497 3097 545 3150 ΤΙι.
564 3098 594 3149 Τ.
614 3097 635 3149 Ι.
654 3115 680 3164 p.
700 3102 853 3152 llo-122.
866 3102 894 3148 et
910 3110 936 3164 p.
951 3103 1107 3154 124-149.
1124 3103 1166 3154 ed.
1183 3099 1262 3166 Lips.
1278 3113 1325 3150 nec
1340 3108 1387 3146 non
1399 3090 1444 3141 Bu·

233 3182 374 3236 Voordom
392 3179 425 3234 in
450 3183 510 3236 dira
528 3183 602 3235 inire
616 3184 637 3250 §-
655 3185 698 3236 20.
716 3183 741 3235 Ιι.
760 3191 777 3234 1.
799 3181 926 3235 laudatae
948 3199 972 3234 e.
990 3189 1016 3236 5.
1037 3186 1097 3251 (ap.
1120 3183 1335 3250 Felleubergium
1358 3174 1444 3240 Jnrispr.

234 3275 288 3320 aut.
306 3268 337 3319 T.
355 3267 391 3318 ΙΙ.
410 3267 440 3334 p.
456 3271 487 3320 61
502 3268 597 3335 -68.)
614 3267 744 3334 exposuit
761 3265 908 3319 novissime
929 3267 1130 3322 Mtthlenbruclr
1147 3269 1176 3322 in
1194 3270 1244 3322 der
1262 3266 1346 3320 Lebre
1361 3276 1401 3312 eoa
1412 3255 1442 3305 br

149 3421 153 3426 A
238 3350 344 3404 Corsica
361 3353 410 3403 der
427 3353 688 3420 Forderurrprreebte
710 3351 849 3419 (Greifsw.
864 3356 939 3406 1817.
952 3353 992 3419 8.)
1013 3354 1033 3420 ξ.
1051 3358 1076 3407 8.
1093 3369 1121 3419 p.
1140 3359 1176 3406 55
1188 3381 1214 3392 -
1227 3358 1271 3408 ⁵⁷.
1290 3350 1344 3420 (ed.
1356 3351 1377 3400 3·
1390 3360 1408 3408 l·
1419 3341 1439 3390 ⁸¹

233 3437 331 3502 -sa)
353 3435 442 3488 nasu.
468 3438 540 3489 rao.
556 3439 587 3490 r.
606 3438 645 3489 x.
663 3439 768 3503 zanger
792 3435 858 3488 uter
877 3437 925 3488 aa.
950 3437 1131 3492 Varnenum
1153 3439 1202 3490 or
1224 3438 1325 3491 nemer
1343 3423 1442 3500 (mun

235 3521 326 3586 1826.)
346 3519 369 3585 ς.
385 3523 428 3572 35.
445 3536 472 3586 p.
490 3526 614 3575 91-94.
633 3521 769 3574 Zimmern
789 3522 806 3574 t.
822 3521 839 3574 l.
857 3523 879 3588 ξ.
899 3526 956 3575 143.
975 3527 1032 3576 144.
1060 3525 1186 3589 Holtweg
1205 3515 1444 3584 umctmefams

234 3608 284 3654 etc.
297 3603 318 3670 ξ.
329 3608 372 3656 21.
389 3604 508 3672 Antiqua
522 3606 569 3659 illa
583 3606 611 3658 in
625 3607 672 3673 jus
690 3607 806 3670 vocatio,
825 3607 964 3675 quomodo
983 3607 1083 3662 sensim
1095 3614 1123 3660 et
1136 3607 1305 3675 pedetentim
1317 3619 1349 3656 ex
1358 3613 1400 3652 utu
1412 3591 1444 3644 ’ὶ-

234 3686 304 3750 ierit,
321 3686 469 3742 videamus.
485 3717 517 3730 --
531 3692 568 3743 Et
585 3691 675 3756 primo
692 3691 804 3760 quidem
822 3693 936 3744 Praetor
953 3696 1097 3758 poenatem
1120 3693 1256 3746 actionem
1273 3692 1389 3743 adversus
1401 3691 1444 3732 eum
1492 3679 1493 3692 ¹

233 3771 392 3837 proposuit,
411 3773 472 3840 qni,
490 3791 575 3842 quum
597 3775 626 3826 iu
645 3777 692 3843 jus
716 3782 829 3828 vocatus
847 3782 934 3842 esset,
953 3791 1042 3846 neque
1064 3779 1237 3846 sequebatur,
1259 3789 1344 3843 neque
1362 3758 1444 3821 tblfflffi

234 3869 265 3907 se
279 3871 362 3908 causa
379 3858 553 3924 fidejussores
572 3861 654 3913 dabat
674 3861 720 3928 (L.
738 3866 764 3914 2.
783 3863 804 3928 ξ.
824 3867 848 3914 1.
861 3861 897 3914 D.
914 3861 938 3912 ,π’
956 3863 1014 3931 quir
1030 3864 1058 3914 tn
1067 3865 1118 3934 jus
1134 3872 1240 3916 erratus
1257 3877 1308 3914 non
1321 3856 1379 3908 ierit.
1392 3847 1444 3902 L&

234 3941 333 3993 eod.—
345 3943 405 4009 Dry.
421 3942 569 4013 111.εήρω
586 3948 671 3998 vocati
686 3955 717 3998 ut
733 3955 794 3999 eant
808 3955 854 4000 eet
864 3947 983 4000 cauam!
1000 3950 1145 4001 cobbonem
1157 3950 1226 4001 dent.
1240 3947 1293 3999 vid.
1306 3939 1444 3997 intrante.
1492 3955 1493 3962 ¹

234 4026 270 4077 ad
286 4027 307 4093 ς.
323 4027 391 4094 sq).
410 4027 472 4089 Quo
486 4028 550 4094 jure
567 4031 723 4096 constituto,
742 4038 818 4084 actor
834 4031 914 4083 facile
931 4031 1084 4084 abstinebat
1102 4049 1119 4085 a
1136 4033 1163 4086 ui
1180 4037 1290 4100 propter
1306 4023 1403 4094 poenale
1413 4016 1445 4083 ll·
1492 4019 1493 4024 ¹

234 4109 347 4173 dicium,
366 4111 484 4179 itemque
506 4129 570 4166 rens
599 4115 744 4181 proclivior
762 4119 833 4180 erat,
851 4121 899 4168 aut
922 4118 1138 4170 adveniendum
1163 4119 1235 4170 ultro
1257 4117 1284 4168 iu
1301 4114 1356 4181 jus,
1371 4095 1443 4158 autad

233 4194 419 4248 vadimonium
437 4197 602 4263 sistendum,
619 4200 756 4266 nimirum,
775 4208 805 4254 ut
823 4217 940 4268 poenam
959 4199 1079 4256 evitaret
1097 4206 1174 4266 Post,
1193 4203 1242 4254 sub
1261 4189 1443 4264 lmperatoribut

149 4319 155 4330 .
225 4280 404 4332 commemor
421 4281 503 4334 etiam
527 4283 614 4336 litium
638 4285 864 4339 instituendarum
891 4285 1007 4338 obtinuit
1029 4287 1075 4340 via
1093 4303 1125 4340 ac
1142 4287 1220 4340 ratio.
1248 4287 1316 4338 Nam
1333 4277 1374 4348 qui
1387 4275 1442 4324 mlo

234 4362 262 4413 iu
280 4361 361 4414 unios
379 4365 446 4430 tegis
464 4367 578 4420 actionis
595 4370 695 4422 tinibus
713 4376 824 4422 steterat
841 4371 1020 4424 denuntiandi
1037 4372 1105 4426 ritus
1123 4374 1158 4442 (ξ.
1171 4373 1239 4439 2³),
1253 4375 1380 4434 1⁸qu
1391 4366 1443 4406 Μ’

235 4461 318 4498 mune
335 4447 423 4501 litium
442 4450 653 4506 immundarum
678 4455 887 4508 instrumentum
904 4456 1028 4509 adbiberi
1045 4458 1142 4524 eoepit.
1169 4458 1255 4525 quue
1271 4451 1376 4518 primum
1391 4433 1442 4492 tls·

170 4566 173 4574 .
234 4528 347 4584 Aurelio
364 4531 548 4590 introductum
571 4553 632 4590 esse
650 4539 725 4592 Sext.
743 4540 872 4594 Aurelius
884 4541 987 4596 ,Victor
1005 4543 1087 4594 retert
1106 4543 1153 4610 (de
1174 4540 1278 4594 Caesar.
1294 4553 1315 4588 c.
1334 4531 1394 4598 lblt
1408 4517 1442 4574 ’Μ
