3030 5160
262 391 316 460 Da
341 392 558 463 Frnmeosnr.
585 393 753 467 Uannius.
778 395 834 466 Es
858 397 1001 470 Srsaun.
1027 411 1093 472 etc.
1236 412 1308 480 sor

43 575 81 631 ut
96 577 195 632 recte
210 559 675 635 animadvertrmt'Buclovlus
688 569 789 636 aaut.
801 575 878 684 Inep.
894 576 934 638 de
944 574 1183 643 Fldeeeommtss.
1199 583 1304 646 iered.

42 676 72 757 5.
89 679 151 738 ult
170 685 204 738 et
217 677 425 740 Boehmarus
446 677 531 740 aas.
552 682 659 742 eodem
680 702 706 742 c.
721 680 751 744 1.
766 679 795 762 §-
810 682 861 747 10.
884 683 972 748 Sane
993 686 1026 748 in
1042 685 1192 772 Digestis
1213 709 1307 754 num-

41 805 149 868 quam
171 785 352 868 exiguntur
370 793 490 867 testes,
505 786 571 849 imo
595 787 660 850 alia
675 791 787 854 omnia
809 786 944 857 elucent
962 813 1006 856 ex
1021 793 1059 856 L.
1074 793 1104 857 8.
1120 797 1149 877 §.
1164 795 1194 858 2.
1209 800 1250 859 D.
1267 801 1306 862 ds

41 893 128 952 Jure
149 894 280 955 audiuit
301 901 336 955 et
350 891 388 954 L.
402 890 452 955 89.
468 913 520 975 pr.
536 895 578 957 D.
594 895 633 956 ds
646 900 756 978 Legat.
771 899 813 959 IL
836 899 925 977 Quin
947 919 1009 964 nec
1032 902 1065 963 in
1083 901 1246 966 codicillis
1263 905 1304 967 ab

41 998 210 1063 intestato
225 1001 428 1065 necessarios
444 999 531 1064 visos
546 1021 617 1064 ease
632 1010 745 1089 testes,
769 1007 898 1072 erudite
921 1008 1043 1092 probat
1064 1007 1306 1076 laudatissimus

40 1107 256 1170 Boehmerus
271 1113 357 1173 Dies.
372 1111 441 1172 aad.
456 1131 482 1172 e.
497 1108 526 1171 l.
541 1110 569 1190 δ.
584 1109 636 1173 23.
646 1133 680 1192 p.
695 1111 746 1174 22.

547 1372 551 1378 ,
628 1301 658 1381 s.
678 1299 731 1366 16.

442 1423 495 1476 Jua
510 1439 607 1477 mcum
623 1427 718 1478 mum
735 1427 922 1484 introducturus.

134 1539 204 1604 Sed
234 1549 269 1605 et
287 1541 372 1606 hanc
397 1541 525 1628 antiqui
544 1541 629 1628 juris
654 1543 898 1630 simplicitatem
924 1548 1043 1612 sensim
1068 1547 1230 1634 pervertit
1255 1573 1308 1616 ae-

45 1650 224 1734 quantiam
233 1651 474 1734 Imperatorum
489 1655 669 1733 νομοθεσία.
683 1652 759 1718 Hac
773 1655 975 1740 permissum,
990 1666 1027 1722 ut
1042 1658 1191 1723 codicilli
1207 1659 1307 1723 etiam
1349 1733 1354 1742 ,

45 1758 318 1842 nuncupatione,
334 1757 405 1820 sine
420 1756 488 1820 ulla
504 1757 672 1842 scriptura,
687 1761 819 1826 fierent:
834 1763 872 1827 L.
887 1761 937 1828 13.
957 1766 988 1826 0.
1004 1767 1043 1828 de
1059 1766 1118 1828 SS.
1133 1769 1253 1829 Eccles.
1269 1767 1307 1832 L.
1381 1781 1385 1790 ·

49 1865 79 1927 3.
88 1887 147 1948 pr.
166 1866 199 1926 0.
216 1861 460 1930 dolivaldus.
482 1862 524 1929 Id
540 1866 630 1952 quod
647 1875 757 1932 tamen
773 1871 1002 1935 codicillorum
1019 1874 1061 1937 ab
1078 1871 1191 1937 indole
1208 1873 1308 1958 plane

48 1974 270 2054 abhorret⁸).
299 1973 389 2036 Hinc
413 1994 456 2035 ex
483 1994 524 2036 eo
546 1982 697 2059 tempore
721 1978 820 2043 etiam
846 1980 984 2057 testibus
1009 2001 1091 2065 opus
1118 1983 1219 2046 visum
1246 1989 1307 2063 est,

48 2103 136 2165 quos
159 2081 193 2142 in
210 2078 372 2142 codicillis
393 2082 434 2143 ab
453 2081 610 2146 intestato
632 2083 770 2166 primum
794 2088 910 2169 exegit
926 2087 1159 2152 Constantinus
1175 2089 1221 2152 M.
1241 2089 1308 2169 vel,

47 2198 88 2251 ut
117 2187 175 2251 alii
199 2187 343 2270 malunt,
366 2187 644 2271 Constantium:
672 2194 706 2251 L.
725 2191 755 2252 1.
779 2193 811 2253 0.
832 2193 943 2255 Theoti.
966 2196 1005 2256 de
1023 2197 1155 2258 lustum.
1174 2205 1206 2258 et
1226 2198 1309 2259 codi-

48 2299 113 2357 cill.
136 2295 265 2357 Posteax
279 2294 488 2358 Theodosius
511 2296 612 2380 vulgo
635 2296 755 2360 dicitur
777 2300 961 2382 generatim
982 2301 1015 2362 in
1039 2301 1190 2364 omnibus
1215 2301 1308 2364 codi-

51 2403 138 2465 cillis
159 2410 261 2466 testes
282 2397 485 2467 desiderasse
509 2403 552 2466 ob
574 2409 608 2465 L.
625 2406 681 2466 ult.
698 2408 727 2489 5.
747 2409 803 2468 ult.
825 2407 858 2468 G.
877 2408 916 2471 de
937 2407 1069 2470 Godae'cs‘ll.
1084 2412 1130 2487 ιι).
1153 2406 1221 2470 Sed
1238 2409 1308 2492 jam

50 2513 201 2576 Jacobus
220 2508 447 2575 Gothofredus
463 2511 707 2595 animadvertit,
728 2535 853 2578 comma
871 2513 1020 2578 ultimum
1037 2513 1125 2579 illius
1140 2514 1226 2598 legis
1240 2497 1308 2579 non

52 2640 124 2683 esse
143 2618 342 2700 Theodosii,
359 2638 472 2682 verum
495 2641 514 2682 a
533 2619 740 2685 Triboniano
760 2623 921 2702 adsutum,
941 2622 1031 2709 quod
1053 2623 1152 2688 etiam
1168 2645 1211 2686 ex
1227 2624 1265 2687 L.
1278 2624 1308 2687 7.

121 2883 152 2949 s)
173 2879 317 2933 Caeterum
331 2881 390 2948 jam
408 2879 543 2947 Ulpianus
567 2883 690 2936 meminit
701 2885 903 2952 fideicommissi
916 2887 971 2938 sius
987 2886 1121 2953 scripturo
1136 2885 1310 2953 pronuntiati,

50 2969 85 3019 L.
105 2971 131 3018 5.
151 2966 173 3032 §.
193 2971 216 3017 1.
237 2966 272 3018 D.
291 2967 323 3017 de
339 2984 370 3017 re
378 2966 442 3033 jud.
468 2965 559 3028 Quid?
578 2966 653 3034 quod
669 2977 735 3020 nutu
752 2969 833 3020 etiam
861 2968 977 3037 relinqui
995 2974 1101 3034 poterut
1119 2969 1309 3022 fideicommis-

51 3067 124 3111 sum,
143 3051 177 3101 L.
195 3055 237 3103 21.
252 3067 297 3118 pr.
315 3051 347 3101 de
365 3049 414 3118 leq.
432 3050 482 3103 ΙΙΙ.
513 3053 708 3104 Verumtamen
731 3053 800 3105 nihil
822 3053 950 3118 impedit,
970 3053 1132 3122 quominus
1155 3061 1309 3123 utrumque,

52 3143 80 3188 et
98 3135 203 3186 dietum
221 3139 249 3185 et
267 3136 377 3199 factum,
395 3137 424 3188 in
442 3135 504 3202 ipso
521 3135 639 3187 testandi
657 3143 719 3190 actu
731 3138 922 3204 explicandum
940 3137 1024 3190 tuisse
1042 3138 1173 3191 dicamus.
1190 3141 1223 3191 Id
1235 3140 1310 3207 quod

51 3220 169 3273 innuere
194 3219 301 3272 videtur
318 3221 506 3274 Diocletianus
531 3221 596 3286 imp.
618 3222 656 3274 itu
673 3217 756 3276 uerba
779 3223 894 3276 faciens:
921 3224 983 3289 „nt
996 3251 1024 3261 -
1042 3220 1150 3274 -sinc
1167 3212 1310 3286 scriptula,

51 3305 140 3358 immo
159 3303 241 3357 etiam
259 3293 328 3358 nutu
345 3304 586 3359 fideicommissum
605 3305 721 3377 relinqui
738 3324 821 3374 posse
838 3306 959 3361 adhibitis
978 3305 1091 3371 testibus,
1109 3307 1183 3359 nulla
1201 3307 1310 3359 dubita-

52 3392 91 3443 tio
109 3389 192 3453 est;''
209 3391 243 3442 L.
255 3394 297 3442 22.
313 3389 342 3442 0.
361 3391 393 3442 de
401 3391 493 3458 fidele.
512 3391 601 3454 Quem
621 3395 730 3462 quidem
745 3394 836 3446 locum
854 3392 899 3444 alii
918 3393 994 3445 aliter
1011 3393 1230 3457 interpretentur.
1246 3389 1310 3444 Vid.

53 3477 200 3528 Boehmer.
218 3482 272 3526 not.
290 3491 343 3543 seq.
362 3475 440 3545 allep.
459 3481 487 3526 et
503 3477 585 3529 Danu
601 3478 633 3529 de
651 3486 702 3529 ext.
720 3479 776 3530 cod.
786 3478 883 3545 forum
901 3494 928 3543 p.
950 3485 990 3533 15.
1009 3494 1050 3548 sq.
1071 3476 1154 3529 Mutat.

125 3561 152 3628 t)
174 3561 266 3626 Vulgo
281 3561 340 3626 jam
357 3560 522 3614 Diocletiani
541 3567 662 3628 tempore
679 3567 761 3614 testes
781 3563 949 3616 adhibendos
968 3561 1053 3617 fuisse
1071 3561 1212 3624 codicillis,
1236 3561 1311 3614 eolli-

53 3650 124 3711 gunt
144 3661 179 3696 ex
198 3647 231 3697 L.
249 3649 292 3698 22.
310 3646 338 3698 0.
352 3646 384 3696 de
402 3645 571 3698 Lideicomm.
591 3646 645 3698 Sed
663 3650 817 3701 conseretur
834 3649 1003 3700 Boehmcrus
1016 3647 1085 3698 Dias.
1099 3648 1155 3701 ead.
1168 3666 1190 3700 c.
1206 3653 1227 3699 1.
1240 3648 1312 3715 5³2⁵·

52 3748 80 3798 p.
97 3733 143 3782 24.
165 3730 208 3796 (et
225 3735 289 3781 nota
307 3729 433 3795 proxime
451 3730 576 3796 superior
594 3732 630 3798 s.)
652 3732 731 3785 Helu.

125 3814 162 3882 u)
181 3816 251 3867 Rem
264 3814 304 3866 slc
318 3814 424 3867 habeto.
443 3816 567 3868 Primum
582 3816 778 3869 Constantinus
791 3817 860 3883 (non
870 3815 1062 3883 Constantius)
1077 3813 1232 3875 Codicillos,
1248 3831 1312 3884 quos

56 3900 161 3967 quidem
181 3906 361 3951 testamentum
380 3915 433 3950 nou
447 3903 632 3967 praecesserit,
650 3903 727 3954 aliter
745 3901 803 3953 fieri
821 3901 989 3964 noluit‚.nisi
1000 3906 1111 3966 septem
1128 3900 1171 3951 vel
1190 3897 1311 3965 quinque

56 3989 140 4034 testes
166 3982 375 4047 intervenerint,
398 3984 416 4037 i.
435 4000 459 4036 e.
476 3984 528 4036 nisi
554 3991 602 4037 aut
623 3987 751 4052 praetorii
779 3991 827 4039 unt
850 3984 937 4039 civilis
956 3983 1109 4038 testamenti
1134 3985 1222 4036 sormtt
1242 3981 1311 4049 (vid.

56 4083 141 4134 supra
160 4068 215 4120 Tit
233 4069 272 4119 X.
286 4069 316 4135 t.
328 4069 382 4135 1³.)
403 4067 532 4122 adhibita.
559 4071 622 4134 Quo
641 4073 679 4125 itu
696 4071 861 4136 constituto.
872 4070 942 4123 inter
960 4067 1115 4131 codicillos,
1134 4077 1204 4136 quo's
1222 4067 1250 4118 in
1268 4067 1311 4117 su·

58 4158 150 4204 turum
178 4168 234 4204 non
255 4155 461 4206 confirmaverat
481 4160 612 4221 testator,
638 4164 665 4209 et
682 4159 794 4210 solenne
817 4160 1021 4221 testamentum,
1039 4152 1106 4204 nihil
1129 4151 1239 4220 quidem
1257 4166 1312 4218 qua

56 4247 195 4290 externam
208 4239 333 4306 sormam
351 4239 485 4305 superfuit
502 4241 683 4304 differentiae;
708 4243 737 4293 at
753 4242 918 4293 internorum
941 4239 1045 4292 ratione
1063 4242 1140 4290 uetus
1154 4239 1201 4300 jus
1219 4242 1246 4286 et
1262 4234 1312 4286 ati-

58 4328 163 4390 quanto
182 4326 246 4387 post
262 4330 396 4376 retentum
414 4331 464 4389 cst,
483 4327 534 4378 hoc
551 4333 640 4392 paeto,
653 4333 683 4378 ut
700 4327 729 4379 in
747 4326 878 4378 codicillis
897 4343 947 4380 nec
964 4323 1052 4376 verbis
1071 4321 1195 4375 civilibus
1207 4336 1229 4372 s.
1242 4320 1312 4372 dirc-

57 4406 107 4459 ctis
126 4421 198 4473 opus
217 4413 296 4472 esset,
310 4425 360 4460 nec
371 4409 478 4462 heredis
491 4411 670 4477 institutione,
688 4427 758 4480 quae
776 4409 853 4463 aliter
871 4410 924 4463 nisi
943 4409 1031 4461 verbis
1050 4405 1218 4467 solennibus,
1230 4404 1313 4456 adeo·

59 4507 111 4558 que
132 4490 268 4545 codicillis
287 4489 344 4546 tisri
362 4496 442 4560 plane
455 4495 587 4562 nequivit,
605 4510 659 4549 non
674 4495 770 4562 magis,
786 4512 867 4564 quarn
879 4493 1054 4547 exheredatio
1066 4492 1142 4559 (Gaj.
1152 4492 1186 4542 11.
1201 4490 1220 4557 ξ.
1238 4491 1311 4556 173).

59 4579 102 4629 Ex
122 4592 179 4644 quo
199 4583 288 4628 autem
306 4578 418 4635 omnino
436 4579 466 4633 in
483 4580 585 4633 ultimis
604 4580 789 4632 voluntatibus
804 4581 948 4632 verborum
966 4580 1198 4642 formularumqne
1220 4574 1313 4625 obser-

1053 4659 1114 4722 30³²
