<?xml version="1.0" encoding="UTF-8"?>
<!DOCTYPE html PUBLIC "-//W3C//DTD XHTML 1.0 Transitional//EN"
    "http://www.w3.org/TR/xhtml1/DTD/xhtml1-transitional.dtd">
<html xmlns="http://www.w3.org/1999/xhtml" xml:lang="en" lang="en">
 <head>
  <title>
</title>
<meta http-equiv="Content-Type" content="text/html;charset=utf-8" />
  <meta name='ocr-system' content='tesseract 3.04.00' />
  <meta name='ocr-capabilities' content='ocr_page ocr_carea ocr_par ocr_line ocrx_word'/>
</head>
<body>
  <div class='ocr_page' id='page_1' title='image "./jogottliebheine00haubgoog_0281.png"; bbox 0 0 3062 5156; ppageno 0'>
   <div class='ocr_carea' id='block_1_1' title="bbox 145 383 1085 475">
    <p class='ocr_par' dir='ltr' id='par_1_1' title="bbox 145 383 1085 475">
     <span class='ocr_line' id='line_1_1' title="bbox 145 383 1085 475; baseline -0.002 -21"><span class='ocrx_word' id='word_1_1' title='bbox 145 470 147 475; x_wconf 23' lang='grc' dir='ltr'>Ι</span> <span class='ocrx_word' id='word_1_2' title='bbox 211 387 285 454; x_wconf 78' lang='lat' dir='ltr'><strong>alo</strong></span> <span class='ocrx_word' id='word_1_3' title='bbox 583 384 764 452; x_wconf 80' lang='lat' dir='ltr'><strong>Aursnour</strong></span> <span class='ocrx_word' id='word_1_4' title='bbox 788 384 866 453; x_wconf 82' lang='lat' dir='ltr'><strong>Lm</strong></span> <span class='ocrx_word' id='word_1_5' title='bbox 890 385 918 454; x_wconf 91' lang='lat'><strong>1.</strong></span> <span class='ocrx_word' id='word_1_6' title='bbox 945 383 1033 455; x_wconf 78' lang='lat' dir='ltr'><strong>Gur.</strong></span> <span class='ocrx_word' id='word_1_7' title='bbox 1056 385 1085 454; x_wconf 94' lang='grc'>1.</span> 
     </span>
    </p>
   </div>
   <div class='ocr_carea' id='block_1_2' title="bbox 93 560 1522 1182">
    <p class='ocr_par' dir='ltr' id='par_1_2' title="bbox 93 503 1522 1284">
     <span class='ocr_line' id='line_1_2' title="bbox 1010 560 1457 626; baseline 0.004 -2"><span class='ocrx_word' id='word_1_8' title='bbox 1010 583 1136 625; x_wconf 88' lang='lat' dir='ltr'><strong>sacrum</strong></span> <span class='ocrx_word' id='word_1_9' title='bbox 1152 560 1349 626; x_wconf 85' lang='lat' dir='ltr'><strong>secessisset.</strong></span> <span class='ocrx_word' id='word_1_10' title='bbox 1370 561 1457 626; x_wconf 82' lang='lat' dir='ltr'>Pace</span> 
     </span>
     <span class='ocr_line' id='line_1_3' title="bbox 210 664 1456 753; baseline 0.002 -24"><span class='ocrx_word' id='word_1_11' title='bbox 210 667 298 730; x_wconf 90' lang='lat' dir='ltr'><strong>enim</strong></span> <span class='ocrx_word' id='word_1_12' title='bbox 314 666 403 728; x_wconf 88' lang='lat' dir='ltr'><strong>facta</strong></span> <span class='ocrx_word' id='word_1_13' title='bbox 420 664 480 727; x_wconf 89' lang='lat' dir='ltr'><strong>hac</strong></span> <span class='ocrx_word' id='word_1_14' title='bbox 496 665 591 749; x_wconf 86' lang='lat' dir='ltr'><strong>lege,</strong></span> <span class='ocrx_word' id='word_1_15' title='bbox 608 674 644 728; x_wconf 91' lang='lat' dir='ltr'><strong>ut</strong></span> <span class='ocrx_word' id='word_1_16' title='bbox 665 665 758 749; x_wconf 92' lang='lat' dir='ltr'><strong>plebi</strong></span> <span class='ocrx_word' id='word_1_17' title='bbox 777 667 826 728; x_wconf 86' lang='lat' dir='ltr'><strong>sui</strong></span> <span class='ocrx_word' id='word_1_18' title='bbox 842 675 951 731; x_wconf 88' lang='lat' dir='ltr'><strong>esseut</strong></span> <span class='ocrx_word' id='word_1_19' title='bbox 966 671 1190 752; x_wconf 77' lang='lat' dir='ltr'><strong>magistratus,</strong></span> <span class='ocrx_word' id='word_1_20' title='bbox 1209 670 1328 753; x_wconf 90' lang='lat' dir='ltr'><strong>quibus</strong></span> <span class='ocrx_word' id='word_1_21' title='bbox 1344 670 1456 734; x_wconf 80' lang='lat' dir='ltr'>auxilii</span> 
     </span>
     <span class='ocr_line' id='line_1_4' title="bbox 93 772 1457 862; baseline 0.003 -25"><span class='ocrx_word' id='word_1_22' title='bbox 93 800 104 816; x_wconf 67' lang='lat'><strong><em>¹</em></strong></span> <span class='ocrx_word' id='word_1_23' title='bbox 208 773 292 838; x_wconf 87' lang='lat' dir='ltr'><strong>latio</strong></span> <span class='ocrx_word' id='word_1_24' title='bbox 311 772 465 837; x_wconf 87' lang='lat' dir='ltr'><strong>adversus</strong></span> <span class='ocrx_word' id='word_1_25' title='bbox 486 772 645 836; x_wconf 85' lang='lat' dir='ltr'><strong>Consules</strong></span> <span class='ocrx_word' id='word_1_26' title='bbox 668 782 769 848; x_wconf 82' lang='lat' dir='ltr'><strong>esset3</strong></span> <span class='ocrx_word' id='word_1_27' title='bbox 785 795 870 836; x_wconf 89' lang='lat' dir='ltr'><strong>neve</strong></span> <span class='ocrx_word' id='word_1_28' title='bbox 889 775 942 836; x_wconf 91' lang='lat' dir='ltr'><strong>cui</strong></span> <span class='ocrx_word' id='word_1_29' title='bbox 963 775 1097 840; x_wconf 88' lang='lat' dir='ltr'><strong>Patrum</strong></span> <span class='ocrx_word' id='word_1_30' title='bbox 1121 797 1241 859; x_wconf 89' lang='lat' dir='ltr'><strong>capere</strong></span> <span class='ocrx_word' id='word_1_31' title='bbox 1266 799 1339 841; x_wconf 87' lang='lat' dir='ltr'><strong>eum</strong></span> <span class='ocrx_word' id='word_1_32' title='bbox 1355 779 1457 862; x_wconf 85' lang='lat' dir='ltr'><strong>magi-</strong></span> 
     </span>
     <span class='ocr_line' id='line_1_5' title="bbox 208 879 1522 974; baseline 0.002 -29"><span class='ocrx_word' id='word_1_33' title='bbox 208 889 342 945; x_wconf 86' lang='lat' dir='ltr'><strong>stratum</strong></span> <span class='ocrx_word' id='word_1_34' title='bbox 364 880 496 944; x_wconf 88' lang='lat' dir='ltr'><strong>liceret.</strong></span> <span class='ocrx_word' id='word_1_35' title='bbox 521 881 593 943; x_wconf 92' lang='lat' dir='ltr'><strong>Liv</strong></span> <span class='ocrx_word' id='word_1_36' title='bbox 608 881 652 940; x_wconf 89' lang='grc' dir='ltr'><strong>ΙΙ</strong></span> <span class='ocrx_word' id='word_1_37' title='bbox 669 879 720 942; x_wconf 84' lang='grc'><strong>33.</strong></span> <span class='ocrx_word' id='word_1_38' title='bbox 740 880 878 960; x_wconf 89' lang='lat' dir='ltr'><strong>Brutus,</strong></span> <span class='ocrx_word' id='word_1_39' title='bbox 897 882 1018 964; x_wconf 86' lang='lat' dir='ltr'><strong>primus</strong></span> <span class='ocrx_word' id='word_1_40' title='bbox 1036 884 1202 947; x_wconf 81' lang='lat' dir='ltr'><strong>Tribunus</strong></span> <span class='ocrx_word' id='word_1_41' title='bbox 1220 884 1347 967; x_wconf 90' lang='lat' dir='ltr'><strong>plebis,</strong></span> <span class='ocrx_word' id='word_1_42' title='bbox 1365 885 1456 969; x_wconf 82' lang='lat' dir='ltr'><strong>leges</strong></span> <span class='ocrx_word' id='word_1_43' title='bbox 1521 887 1522 974; x_wconf 77' lang='lat' dir='ltr'><strong>l</strong></span> 
     </span>
     <span class='ocr_line' id='line_1_6' title="bbox 208 979 1522 1100; baseline 0.004 -48"><span class='ocrx_word' id='word_1_44' title='bbox 208 989 295 1069; x_wconf 89' lang='lat' dir='ltr'><strong>tulit,</strong></span> <span class='ocrx_word' id='word_1_45' title='bbox 313 989 419 1072; x_wconf 82' lang='lat' dir='ltr'><strong>primo</strong></span> <span class='ocrx_word' id='word_1_46' title='bbox 438 995 475 1049; x_wconf 95' lang='lat' dir='ltr'><strong>ut</strong></span> <span class='ocrx_word' id='word_1_47' title='bbox 492 1008 534 1050; x_wconf 92' lang='lat' dir='ltr'><strong>ne</strong></span> <span class='ocrx_word' id='word_1_48' title='bbox 549 986 714 1070; x_wconf 85' lang='lat' dir='ltr'><strong>parricida</strong></span> <span class='ocrx_word' id='word_1_49' title='bbox 733 997 835 1066; x_wconf 88' lang='lat' dir='ltr'><strong>esset,</strong></span> <span class='ocrx_word' id='word_1_50' title='bbox 854 990 910 1071; x_wconf 93' lang='lat' dir='ltr'><strong>qui</strong></span> <span class='ocrx_word' id='word_1_51' title='bbox 929 1010 1014 1071; x_wconf 89' lang='lat' dir='ltr'><strong>eum,</strong></span> <span class='ocrx_word' id='word_1_52' title='bbox 1028 1011 1085 1073; x_wconf 84' lang='lat' dir='ltr'><strong>qur</strong></span> <span class='ocrx_word' id='word_1_53' title='bbox 1077 990 1279 1074; x_wconf 87' lang='lat' dir='ltr'><strong>&#39;plebiscito</strong></span> <span class='ocrx_word' id='word_1_54' title='bbox 1296 1014 1390 1056; x_wconf 87' lang='lat' dir='ltr'><strong>sacer</strong></span> <span class='ocrx_word' id='word_1_55' title='bbox 1408 995 1522 1100; x_wconf 57' lang='lat' dir='ltr'><strong>sit,</strong></span> <span class='ocrx_word' id='word_1_56' title='bbox 1521 979 1522 1040; x_wconf 76' lang='lat' dir='ltr'><strong>l</strong></span> 
     </span>
     <span class='ocr_line' id='line_1_7' title="bbox 208 1092 1456 1182; baseline 0.005 -24"><span class='ocrx_word' id='word_1_57' title='bbox 208 1095 385 1158; x_wconf 88' lang='lat' dir='ltr'><strong>occiderit·</strong></span> <span class='ocrx_word' id='word_1_58' title='bbox 410 1095 548 1177; x_wconf 87' lang='lat' dir='ltr'><strong>Dionys.</strong></span> <span class='ocrx_word' id='word_1_59' title='bbox 570 1092 680 1157; x_wconf 87' lang='lat' dir='ltr'><strong>Halic.</strong></span> <span class='ocrx_word' id='word_1_60' title='bbox 703 1094 755 1155; x_wconf 91' lang='lat' dir='ltr'><strong>VI.</strong></span> <span class='ocrx_word' id='word_1_61' title='bbox 769 1094 820 1156; x_wconf 87' lang='grc'><strong>89.</strong></span> <span class='ocrx_word' id='word_1_62' title='bbox 839 1095 979 1178; x_wconf 89' lang='lat' dir='ltr'><strong>deiude,</strong></span> <span class='ocrx_word' id='word_1_63' title='bbox 1001 1105 1037 1160; x_wconf 92' lang='lat' dir='ltr'><strong>ut</strong></span> <span class='ocrx_word' id='word_1_64' title='bbox 1051 1097 1192 1161; x_wconf 80' lang='lat' dir='ltr'><strong>Tribuni</strong></span> <span class='ocrx_word' id='word_1_65' title='bbox 1217 1099 1327 1182; x_wconf 87' lang='lat' dir='ltr'><strong>plebis</strong></span> <span class='ocrx_word' id='word_1_66' title='bbox 1348 1122 1456 1164; x_wconf 84' lang='lat' dir='ltr'><strong>sacro·</strong></span> 
     </span>
    </p>
   </div>
   <div class='ocr_carea' id='block_1_3' title="bbox 158 1201 1522 2574">
    <p class='ocr_par' dir='ltr' id='par_1_3' title="bbox 196 1201 1522 2146">
     <span class='ocr_line' id='line_1_8' title="bbox 208 1201 1456 1285; baseline 0.002 -18"><span class='ocrx_word' id='word_1_67' title='bbox 208 1204 312 1267; x_wconf 85' lang='lat' dir='ltr'><strong>sancti</strong></span> <span class='ocrx_word' id='word_1_68' title='bbox 328 1203 539 1281; x_wconf 80' lang='lat' dir='ltr'><strong>haberentur,</strong></span> <span class='ocrx_word' id='word_1_69' title='bbox 553 1221 676 1285; x_wconf 87' lang='lat' dir='ltr'><strong>eosque</strong></span> <span class='ocrx_word' id='word_1_70' title='bbox 694 1222 750 1284; x_wconf 84' lang='lat' dir='ltr'><strong>qur</strong></span> <span class='ocrx_word' id='word_1_71' title='bbox 741 1201 933 1284; x_wconf 82' lang='lat' dir='ltr'><strong>violarint,</strong></span> <span class='ocrx_word' id='word_1_72' title='bbox 948 1204 1031 1266; x_wconf 87' lang='lat' dir='ltr'><strong>sacri</strong></span> <span class='ocrx_word' id='word_1_73' title='bbox 1048 1214 1175 1269; x_wconf 89' lang='lat' dir='ltr'><strong>essent.</strong></span> <span class='ocrx_word' id='word_1_74' title='bbox 1167 1207 1239 1268; x_wconf 91' lang='lat' dir='ltr'><strong>·Id.</strong></span> <span class='ocrx_word' id='word_1_75' title='bbox 1253 1209 1324 1270; x_wconf 75' lang='lat' dir='ltr'><strong>·ttd.</strong></span> <span class='ocrx_word' id='word_1_76' title='bbox 1340 1207 1456 1270; x_wconf 83' lang='lat' dir='ltr'><strong>Tertia</strong></span> 
     </span>
     <span class='ocr_line' id='line_1_9' title="bbox 206 1287 1522 1434; baseline 0.002 -60"><span class='ocrx_word' id='word_1_77' title='bbox 206 1312 264 1374; x_wconf 89' lang='lat' dir='ltr'><strong>lex</strong></span> <span class='ocrx_word' id='word_1_78' title='bbox 279 1309 377 1394; x_wconf 87' lang='lat' dir='ltr'><strong>jussit</strong></span> <span class='ocrx_word' id='word_1_79' title='bbox 399 1309 565 1372; x_wconf 84' lang='lat' dir='ltr'><strong>Tribunos</strong></span> <span class='ocrx_word' id='word_1_80' title='bbox 590 1307 697 1391; x_wconf 78' lang='lat' dir='ltr'><strong>plebis</strong></span> <span class='ocrx_word' id='word_1_81' title='bbox 722 1309 853 1372; x_wconf 90' lang='lat' dir='ltr'><strong>nonnisi</strong></span> <span class='ocrx_word' id='word_1_82' title='bbox 872 1331 890 1372; x_wconf 90' lang='lat' dir='ltr'><strong>e</strong></span> <span class='ocrx_word' id='word_1_83' title='bbox 906 1311 1007 1394; x_wconf 85' lang='lat' dir='ltr'><strong>plebe</strong></span> <span class='ocrx_word' id='word_1_84' title='bbox 1034 1313 1148 1374; x_wconf 85' lang='lat' dir='ltr'><strong>creari.</strong></span> <span class='ocrx_word' id='word_1_85' title='bbox 1169 1313 1356 1376; x_wconf 90' lang='lat' dir='ltr'><strong>Adcessere</strong></span> <span class='ocrx_word' id='word_1_86' title='bbox 1373 1315 1455 1378; x_wconf 86' lang='lat' dir='ltr'><strong>duae</strong></span> <span class='ocrx_word' id='word_1_87' title='bbox 1521 1287 1522 1434; x_wconf 70' lang='grc'>1</span> 
     </span>
     <span class='ocr_line' id='line_1_10' title="bbox 207 1415 1522 1505; baseline 0 -23"><span class='ocrx_word' id='word_1_88' title='bbox 207 1419 293 1482; x_wconf 84' lang='lat' dir='ltr'><strong>aliae</strong></span> <span class='ocrx_word' id='word_1_89' title='bbox 308 1418 413 1500; x_wconf 87' lang='lat' dir='ltr'><strong>leges,</strong></span> <span class='ocrx_word' id='word_1_90' title='bbox 426 1438 468 1478; x_wconf 89' lang='lat' dir='ltr'><strong>ne</strong></span> <span class='ocrx_word' id='word_1_91' title='bbox 484 1415 526 1478; x_wconf 91' lang='lat' dir='ltr'><strong>de</strong></span> <span class='ocrx_word' id='word_1_92' title='bbox 547 1416 655 1499; x_wconf 86' lang='lat' dir='ltr'><strong>capite</strong></span> <span class='ocrx_word' id='word_1_93' title='bbox 672 1415 751 1478; x_wconf 92' lang='lat' dir='ltr'><strong>civis</strong></span> <span class='ocrx_word' id='word_1_94' title='bbox 767 1416 922 1498; x_wconf 87' lang='lat' dir='ltr'><strong>Romani,</strong></span> <span class='ocrx_word' id='word_1_95' title='bbox 938 1419 1002 1481; x_wconf 90' lang='lat' dir='ltr'><strong>nisi</strong></span> <span class='ocrx_word' id='word_1_96' title='bbox 1023 1421 1164 1484; x_wconf 87' lang='lat' dir='ltr'><strong>comitiis</strong></span> <span class='ocrx_word' id='word_1_97' title='bbox 1182 1421 1385 1503; x_wconf 88' lang='lat' dir='ltr'><strong>centuriatis,</strong></span> <span class='ocrx_word' id='word_1_98' title='bbox 1405 1423 1455 1505; x_wconf 88' lang='lat' dir='ltr'><strong>agi</strong></span> <span class='ocrx_word' id='word_1_99' title='bbox 1521 1435 1522 1498; x_wconf 63' lang='lat'>1</span> 
     </span>
     <span class='ocr_line' id='line_1_11' title="bbox 205 1499 1522 1611; baseline 0.001 -22"><span class='ocrx_word' id='word_1_100' title='bbox 205 1536 328 1611; x_wconf 86' lang='lat' dir='ltr'><strong>posset,</strong></span> <span class='ocrx_word' id='word_1_101' title='bbox 344 1546 430 1588; x_wconf 88' lang='lat' dir='ltr'><strong>neve</strong></span> <span class='ocrx_word' id='word_1_102' title='bbox 442 1523 620 1607; x_wconf 83' lang='lat' dir='ltr'><strong>privilegia</strong></span> <span class='ocrx_word' id='word_1_103' title='bbox 635 1524 874 1608; x_wconf 85' lang='lat' dir='ltr'><strong>irrogarentur:</strong></span> <span class='ocrx_word' id='word_1_104' title='bbox 892 1523 964 1586; x_wconf 86' lang='lat' dir='ltr'><strong>Car.</strong></span> <span class='ocrx_word' id='word_1_105' title='bbox 978 1525 1091 1610; x_wconf 86' lang='lat' dir='ltr'><strong>Sigon.</strong></span> <span class='ocrx_word' id='word_1_106' title='bbox 1109 1529 1148 1590; x_wconf 84' lang='lat' dir='ltr'><strong>de</strong></span> <span class='ocrx_word' id='word_1_107' title='bbox 1167 1534 1293 1609; x_wconf 76' lang='lat' dir='ltr'><strong>autr&#39;quo</strong></span> <span class='ocrx_word' id='word_1_108' title='bbox 1303 1531 1384 1608; x_wconf 83' lang='lat' dir='ltr'><strong>jure</strong></span> <span class='ocrx_word' id='word_1_109' title='bbox 1403 1531 1454 1590; x_wconf 83' lang='lat' dir='ltr'><strong>cr&#39;o.</strong></span> <span class='ocrx_word' id='word_1_110' title='bbox 1521 1499 1522 1568; x_wconf 69' lang='lat' dir='ltr'><strong>l</strong></span> 
     </span>
     <span class='ocr_line' id='line_1_12' title="bbox 196 1617 1454 1714; baseline -0.005 -18"><span class='ocrx_word' id='word_1_111' title='bbox 196 1617 293 1696; x_wconf 64' lang='grc' dir='ltr'><strong>ΒΜ.</strong></span> <span class='ocrx_word' id='word_1_112' title='bbox 315 1635 341 1695; x_wconf 88' lang='grc' dir='ltr'><strong>Ι.</strong></span> <span class='ocrx_word' id='word_1_113' title='bbox 362 1632 392 1694; x_wconf 88' lang='grc'><strong>6.</strong></span> <span class='ocrx_word' id='word_1_114' title='bbox 410 1654 444 1713; x_wconf 83' lang='lat' dir='ltr'><strong>p.</strong></span> <span class='ocrx_word' id='word_1_115' title='bbox 468 1630 519 1694; x_wconf 86' lang='grc'><strong>84.</strong></span> <span class='ocrx_word' id='word_1_116' title='bbox 555 1632 693 1714; x_wconf 85' lang='lat' dir='ltr'><strong>Eaeque</strong></span> <span class='ocrx_word' id='word_1_117' title='bbox 715 1631 809 1714; x_wconf 88' lang='lat' dir='ltr'><strong>leges</strong></span> <span class='ocrx_word' id='word_1_118' title='bbox 834 1652 948 1694; x_wconf 88' lang='lat' dir='ltr'><strong>omnes</strong></span> <span class='ocrx_word' id='word_1_119' title='bbox 972 1633 1081 1697; x_wconf 84' lang='lat' dir='ltr'><strong>dictae</strong></span> <span class='ocrx_word' id='word_1_120' title='bbox 1104 1641 1178 1697; x_wconf 89' lang='lat' dir='ltr'><strong>sunt</strong></span> <span class='ocrx_word' id='word_1_121' title='bbox 1200 1643 1365 1707; x_wconf 82' lang='lat' dir='ltr'><strong>sacratae,</strong></span> <span class='ocrx_word' id='word_1_122' title='bbox 1391 1655 1454 1696; x_wconf 90' lang='lat' dir='ltr'><strong>non</strong></span> 
     </span>
     <span class='ocr_line' id='line_1_13' title="bbox 206 1737 1522 1825; baseline -0.001 -20"><span class='ocrx_word' id='word_1_123' title='bbox 206 1741 304 1804; x_wconf 89' lang='lat' dir='ltr'><strong>modo</strong></span> <span class='ocrx_word' id='word_1_124' title='bbox 330 1739 407 1825; x_wconf 89' lang='lat' dir='ltr'><strong>quia</strong></span> <span class='ocrx_word' id='word_1_125' title='bbox 431 1737 520 1800; x_wconf 85' lang='lat' dir='ltr'><strong>cives</strong></span> <span class='ocrx_word' id='word_1_126' title='bbox 544 1758 605 1821; x_wconf 90' lang='lat' dir='ltr'><strong>per</strong></span> <span class='ocrx_word' id='word_1_127' title='bbox 628 1738 738 1803; x_wconf 89' lang='lat' dir='ltr'><strong>omnia</strong></span> <span class='ocrx_word' id='word_1_128' title='bbox 760 1759 851 1801; x_wconf 86' lang='lat' dir='ltr'><strong>sacra</strong></span> <span class='ocrx_word' id='word_1_129' title='bbox 864 1741 1031 1823; x_wconf 87' lang='lat' dir='ltr'><strong>jurarant,</strong></span> <span class='ocrx_word' id='word_1_130' title='bbox 1054 1741 1169 1825; x_wconf 85' lang='lat' dir='ltr'><strong>utique</strong></span> <span class='ocrx_word' id='word_1_131' title='bbox 1198 1763 1233 1804; x_wconf 88' lang='lat' dir='ltr'><strong>se</strong></span> <span class='ocrx_word' id='word_1_132' title='bbox 1257 1741 1306 1804; x_wconf 93' lang='lat' dir='ltr'><strong>his</strong></span> <span class='ocrx_word' id='word_1_133' title='bbox 1325 1741 1454 1824; x_wconf 85' lang='lat' dir='ltr'><strong>legibus</strong></span> <span class='ocrx_word' id='word_1_134' title='bbox 1521 1757 1522 1796; x_wconf 76' lang='lat' dir='ltr'><strong>t</strong></span> 
     </span>
     <span class='ocr_line' id='line_1_14' title="bbox 206 1845 1522 1938; baseline -0.001 -26"><span class='ocrx_word' id='word_1_135' title='bbox 206 1847 411 1932; x_wconf 87' lang='lat' dir='ltr'><strong>sempiternis</strong></span> <span class='ocrx_word' id='word_1_136' title='bbox 437 1864 565 1926; x_wconf 70' lang='lat' dir='ltr'><strong>usuroS,</strong></span> <span class='ocrx_word' id='word_1_137' title='bbox 589 1845 702 1908; x_wconf 86' lang='lat' dir='ltr'><strong>addita</strong></span> <span class='ocrx_word' id='word_1_138' title='bbox 721 1847 978 1929; x_wconf 87' lang='lat' dir='ltr'><strong>imprecatione,</strong></span> <span class='ocrx_word' id='word_1_139' title='bbox 1001 1857 1037 1911; x_wconf 97' lang='lat' dir='ltr'><strong>ut</strong></span> <span class='ocrx_word' id='word_1_140' title='bbox 1057 1869 1166 1911; x_wconf 91' lang='lat' dir='ltr'><strong>earum</strong></span> <span class='ocrx_word' id='word_1_141' title='bbox 1189 1849 1454 1913; x_wconf 85' lang='lat' dir='ltr'><strong>observatoribus</strong></span> <span class='ocrx_word' id='word_1_142' title='bbox 1521 1859 1522 1938; x_wconf 55' lang='lat' dir='ltr'>J</span> 
     </span>
     <span class='ocr_line' id='line_1_15' title="bbox 205 1951 1522 2040; baseline -0.001 -20"><span class='ocrx_word' id='word_1_143' title='bbox 205 1957 316 2040; x_wconf 89' lang='lat' dir='ltr'><strong>superi</strong></span> <span class='ocrx_word' id='word_1_144' title='bbox 336 1962 371 2017; x_wconf 89' lang='lat' dir='ltr'><strong>et</strong></span> <span class='ocrx_word' id='word_1_145' title='bbox 388 1951 488 2016; x_wconf 88' lang='lat' dir='ltr'><strong>inferi</strong></span> <span class='ocrx_word' id='word_1_146' title='bbox 506 1959 615 2014; x_wconf 86' lang='lat' dir='ltr'><strong>essent</strong></span> <span class='ocrx_word' id='word_1_147' title='bbox 630 1954 777 2036; x_wconf 89' lang='lat' dir='ltr'><strong>propitii,</strong></span> <span class='ocrx_word' id='word_1_148' title='bbox 794 1956 1086 2038; x_wconf 85' lang='lat' dir='ltr'><strong>transgressoribus</strong></span> <span class='ocrx_word' id='word_1_149' title='bbox 1105 1977 1185 2018; x_wconf 90' lang='lat' dir='ltr'><strong>vero</strong></span> <span class='ocrx_word' id='word_1_150' title='bbox 1206 1956 1373 2018; x_wconf 89' lang='lat' dir='ltr'><strong>contraria</strong></span> <span class='ocrx_word' id='word_1_151' title='bbox 1388 1978 1453 2019; x_wconf 89' lang='lat' dir='ltr'><strong>om·</strong></span> <span class='ocrx_word' id='word_1_152' title='bbox 1521 1951 1522 2032; x_wconf 53' lang='grc' dir='ltr'><em>ᾗ</em></span> 
     </span>
     <span class='ocr_line' id='line_1_16' title="bbox 205 2060 1453 2146; baseline -0.002 -19"><span class='ocrx_word' id='word_1_153' title='bbox 205 2065 261 2128; x_wconf 87' lang='lat' dir='ltr'><strong>nis</strong></span> <span class='ocrx_word' id='word_1_154' title='bbox 275 2062 485 2125; x_wconf 85' lang='lat' dir='ltr'><strong>adciderent:</strong></span> <span class='ocrx_word' id='word_1_155' title='bbox 496 2060 635 2143; x_wconf 92' lang='lat' dir='ltr'><strong>Dionys.</strong></span> <span class='ocrx_word' id='word_1_156' title='bbox 648 2060 727 2123; x_wconf 86' lang='lat' dir='ltr'><strong>Hal.</strong></span> <span class='ocrx_word' id='word_1_157' title='bbox 744 2062 796 2123; x_wconf 84' lang='lat' dir='ltr'><strong>VI.</strong></span> <span class='ocrx_word' id='word_1_158' title='bbox 812 2062 862 2124; x_wconf 90' lang='grc'><strong>89.</strong></span> <span class='ocrx_word' id='word_1_159' title='bbox 876 2084 988 2125; x_wconf 90' lang='lat' dir='ltr'><strong>verum</strong></span> <span class='ocrx_word' id='word_1_160' title='bbox 1005 2063 1114 2144; x_wconf 86' lang='lat' dir='ltr'><strong>etiam,</strong></span> <span class='ocrx_word' id='word_1_161' title='bbox 1129 2062 1225 2146; x_wconf 72' lang='lat' dir='ltr'><strong>&#39;quod</strong></span> <span class='ocrx_word' id='word_1_162' title='bbox 1235 2063 1313 2126; x_wconf 88' lang='lat' dir='ltr'><strong>loeo</strong></span> <span class='ocrx_word' id='word_1_163' title='bbox 1325 2084 1453 2146; x_wconf 87' lang='lat' dir='ltr'><strong>poenae</strong></span> 
     </span>
    </p>

    <p class='ocr_par' dir='ltr' id='par_1_4' title="bbox 158 2169 1522 2574">
     <span class='ocr_line' id='line_1_17' title="bbox 158 2169 1522 2255; baseline 0.001 -22"><span class='ocrx_word' id='word_1_164' title='bbox 158 2236 160 2240; x_wconf 87' lang='lat'><strong>.</strong></span> <span class='ocrx_word' id='word_1_165' title='bbox 205 2170 368 2254; x_wconf 86' lang='lat' dir='ltr'><strong>adjectum</strong></span> <span class='ocrx_word' id='word_1_166' title='bbox 391 2176 491 2249; x_wconf 88' lang='lat' dir='ltr'><strong>esset,</strong></span> <span class='ocrx_word' id='word_1_167' title='bbox 514 2189 589 2249; x_wconf 86' lang='lat' dir='ltr'><strong>eos,</strong></span> <span class='ocrx_word' id='word_1_168' title='bbox 613 2169 671 2252; x_wconf 94' lang='lat' dir='ltr'><strong>qui</strong></span> <span class='ocrx_word' id='word_1_169' title='bbox 697 2190 788 2231; x_wconf 90' lang='lat' dir='ltr'><strong>secus</strong></span> <span class='ocrx_word' id='word_1_170' title='bbox 811 2170 982 2253; x_wconf 81' lang='lat' dir='ltr'><strong>fecissent,</strong></span> <span class='ocrx_word' id='word_1_171' title='bbox 1004 2192 1074 2232; x_wconf 89' lang='lat' dir='ltr'><strong>cum</strong></span> <span class='ocrx_word' id='word_1_172' title='bbox 1099 2170 1240 2254; x_wconf 85' lang='lat' dir='ltr'><strong>pecunia</strong></span> <span class='ocrx_word' id='word_1_173' title='bbox 1262 2171 1452 2255; x_wconf 87' lang='lat' dir='ltr'><strong>familiaque</strong></span> <span class='ocrx_word' id='word_1_174' title='bbox 1521 2187 1522 2246; x_wconf 59' lang='grc'>1</span> 
     </span>
     <span class='ocr_line' id='line_1_18' title="bbox 203 2275 1452 2356; baseline 0 -16"><span class='ocrx_word' id='word_1_175' title='bbox 203 2279 280 2340; x_wconf 92' lang='lat' dir='ltr'><strong>Deo</strong></span> <span class='ocrx_word' id='word_1_176' title='bbox 300 2277 398 2340; x_wconf 87' lang='lat' dir='ltr'><strong>alicui</strong></span> <span class='ocrx_word' id='word_1_177' title='bbox 415 2297 522 2338; x_wconf 87' lang='lat' dir='ltr'><strong>sacros</strong></span> <span class='ocrx_word' id='word_1_178' title='bbox 537 2275 663 2338; x_wconf 90' lang='lat' dir='ltr'><strong>futuros</strong></span> <span class='ocrx_word' id='word_1_179' title='bbox 677 2279 723 2356; x_wconf 71' lang='lat' dir='ltr'><strong>r):</strong></span> <span class='ocrx_word' id='word_1_180' title='bbox 740 2277 856 2340; x_wconf 89' lang='lat' dir='ltr'><strong>Festus</strong></span> <span class='ocrx_word' id='word_1_181' title='bbox 874 2280 933 2340; x_wconf 90' lang='lat' dir='ltr'><strong>sub</strong></span> <span class='ocrx_word' id='word_1_182' title='bbox 948 2298 1031 2342; x_wconf 91' lang='lat' dir='ltr'><strong>voce</strong></span> <span class='ocrx_word' id='word_1_183' title='bbox 1048 2279 1211 2340; x_wconf 74' lang='lat' dir='ltr'><strong>Socratae.</strong></span> <span class='ocrx_word' id='word_1_184' title='bbox 1229 2279 1354 2342; x_wconf 88' lang='lat' dir='ltr'><strong>Omnes</strong></span> <span class='ocrx_word' id='word_1_185' title='bbox 1370 2280 1452 2342; x_wconf 89' lang='lat' dir='ltr'><strong>enim</strong></span> 
     </span>
     <span class='ocr_line' id='line_1_19' title="bbox 187 2370 1522 2482; baseline 0 -34"><span class='ocrx_word' id='word_1_186' title='bbox 187 2370 296 2468; x_wconf 42' lang='lat' dir='ltr'><strong>&#39;leges</strong></span> <span class='ocrx_word' id='word_1_187' title='bbox 319 2384 505 2468; x_wconf 87' lang='lat' dir='ltr'><strong>hujusmodi</strong></span> <span class='ocrx_word' id='word_1_188' title='bbox 528 2385 698 2449; x_wconf 89' lang='lat' dir='ltr'><strong>sanctione</strong></span> <span class='ocrx_word' id='word_1_189' title='bbox 719 2385 855 2467; x_wconf 85' lang='lat' dir='ltr'><strong>poenali</strong></span> <span class='ocrx_word' id='word_1_190' title='bbox 874 2386 1013 2447; x_wconf 90' lang='lat' dir='ltr'><strong>munitas</strong></span> <span class='ocrx_word' id='word_1_191' title='bbox 1035 2381 1209 2450; x_wconf 64' lang='lat' dir='ltr'><strong>sacraris</strong></span> <span class='ocrx_word' id='word_1_192' title='bbox 1231 2386 1297 2448; x_wconf 92' lang='lat' dir='ltr'><strong>dici</strong></span> <span class='ocrx_word' id='word_1_193' title='bbox 1316 2405 1453 2449; x_wconf 88' lang='lat' dir='ltr'><strong>cousue-</strong></span> <span class='ocrx_word' id='word_1_194' title='bbox 1521 2403 1522 2482; x_wconf 79' lang='grc'>1</span> 
     </span>
     <span class='ocr_line' id='line_1_20' title="bbox 203 2482 1225 2574; baseline -0.003 -19"><span class='ocrx_word' id='word_1_195' title='bbox 203 2493 304 2574; x_wconf 88' lang='lat' dir='ltr'><strong>visse,</strong></span> <span class='ocrx_word' id='word_1_196' title='bbox 321 2492 476 2555; x_wconf 88' lang='lat' dir='ltr'><strong>observat</strong></span> <span class='ocrx_word' id='word_1_197' title='bbox 490 2493 560 2556; x_wconf 90' lang='lat' dir='ltr'><strong>Jac.</strong></span> <span class='ocrx_word' id='word_1_198' title='bbox 576 2492 732 2555; x_wconf 86' lang='lat' dir='ltr'><strong>Perizon.</strong></span> <span class='ocrx_word' id='word_1_199' title='bbox 748 2494 934 2556; x_wconf 76' lang='lat' dir='ltr'><strong>Auriuudov.</strong></span> <span class='ocrx_word' id='word_1_200' title='bbox 950 2493 1033 2554; x_wconf 76' lang='lat' dir='ltr'><strong>ffl&#39;st.</strong></span> <span class='ocrx_word' id='word_1_201' title='bbox 1044 2515 1079 2574; x_wconf 85' lang='lat' dir='ltr'><strong>p.</strong></span> <span class='ocrx_word' id='word_1_202' title='bbox 1093 2482 1164 2554; x_wconf 72' lang='lat'><strong>2118.</strong></span> <span class='ocrx_word' id='word_1_203' title='bbox 1180 2513 1225 2574; x_wconf 86' lang='lat' dir='ltr'><strong>sq.</strong></span> 
     </span>
    </p>
   </div>
   <div class='ocr_carea' id='block_1_4' title="bbox 774 2667 875 2750">
    <p class='ocr_par' dir='ltr' id='par_1_5' title="bbox 774 2667 875 2750">
     <span class='ocr_line' id='line_1_21' title="bbox 774 2667 875 2750; baseline -0.01 -20"><span class='ocrx_word' id='word_1_204' title='bbox 774 2669 802 2750; x_wconf 68' lang='lat' dir='ltr'><strong>g.</strong></span> <span class='ocrx_word' id='word_1_205' title='bbox 824 2667 875 2730; x_wconf 79' lang='lat' dir='ltr'><strong>as.</strong></span> 
     </span>
    </p>
   </div>
   <div class='ocr_carea' id='block_1_5' title="bbox 486 2785 1166 2858">
    <p class='ocr_par' dir='ltr' id='par_1_6' title="bbox 486 2785 1166 2858">
     <span class='ocr_line' id='line_1_22' title="bbox 486 2785 1166 2858; baseline 0.001 -22"><span class='ocrx_word' id='word_1_206' title='bbox 486 2785 616 2836; x_wconf 79' lang='lat' dir='ltr'><strong>Remedia</strong></span> <span class='ocrx_word' id='word_1_207' title='bbox 633 2786 759 2837; x_wconf 79' lang='lat' dir='ltr'><strong>aduersus</strong></span> <span class='ocrx_word' id='word_1_208' title='bbox 777 2785 976 2853; x_wconf 65' lang='lat' dir='ltr'><strong>magistratuum</strong></span> <span class='ocrx_word' id='word_1_209' title='bbox 995 2785 1166 2858; x_wconf 71' lang='lat' dir='ltr'><strong>insolentiam.</strong></span> 
     </span>
    </p>
   </div>
   <div class='ocr_carea' id='block_1_6' title="bbox 199 2885 1522 3508">
    <p class='ocr_par' dir='ltr' id='par_1_7' title="bbox 199 2885 1522 3532">
     <span class='ocr_line' id='line_1_23' title="bbox 284 2885 1451 2972; baseline 0 -22"><span class='ocrx_word' id='word_1_210' title='bbox 284 2887 386 2950; x_wconf 90' lang='lat' dir='ltr'><strong>Hisce</strong></span> <span class='ocrx_word' id='word_1_211' title='bbox 405 2885 537 2970; x_wconf 87' lang='lat' dir='ltr'><strong>legibus</strong></span> <span class='ocrx_word' id='word_1_212' title='bbox 558 2886 633 2950; x_wconf 88' lang='lat' dir='ltr'><strong>satis</strong></span> <span class='ocrx_word' id='word_1_213' title='bbox 652 2887 714 2956; x_wconf 86' lang='lat' dir='ltr'><strong>tuti</strong></span> <span class='ocrx_word' id='word_1_214' title='bbox 733 2894 828 2948; x_wconf 89' lang='lat' dir='ltr'><strong>erant</strong></span> <span class='ocrx_word' id='word_1_215' title='bbox 842 2886 930 2948; x_wconf 86' lang='lat' dir='ltr'><strong>cives</strong></span> <span class='ocrx_word' id='word_1_216' title='bbox 948 2886 1092 2949; x_wconf 86' lang='lat' dir='ltr'><strong>Romani</strong></span> <span class='ocrx_word' id='word_1_217' title='bbox 1111 2889 1151 2950; x_wconf 88' lang='lat' dir='ltr'><strong>ab</strong></span> <span class='ocrx_word' id='word_1_218' title='bbox 1171 2886 1260 2948; x_wconf 91' lang='lat' dir='ltr'><strong>omni</strong></span> <span class='ocrx_word' id='word_1_219' title='bbox 1281 2887 1451 2972; x_wconf 88' lang='lat' dir='ltr'><strong>magistra-</strong></span> 
     </span>
     <span class='ocr_line' id='line_1_24' title="bbox 201 2982 1522 3078; baseline 0.002 -22"><span class='ocrx_word' id='word_1_220' title='bbox 201 3003 290 3056; x_wconf 88' lang='lat' dir='ltr'><strong>tuum</strong></span> <span class='ocrx_word' id='word_1_221' title='bbox 312 2992 495 3078; x_wconf 88' lang='lat' dir='ltr'><strong>tyrannide.</strong></span> <span class='ocrx_word' id='word_1_222' title='bbox 517 2993 629 3056; x_wconf 89' lang='lat' dir='ltr'><strong>Primo</strong></span> <span class='ocrx_word' id='word_1_223' title='bbox 652 2995 754 3076; x_wconf 89' lang='lat' dir='ltr'><strong>enim,</strong></span> <span class='ocrx_word' id='word_1_224' title='bbox 772 2993 798 3056; x_wconf 91' lang='lat' dir='ltr'><strong>si</strong></span> <span class='ocrx_word' id='word_1_225' title='bbox 821 2993 902 3078; x_wconf 93' lang='lat' dir='ltr'><strong>quid</strong></span> <span class='ocrx_word' id='word_1_226' title='bbox 923 2982 1036 3056; x_wconf 86' lang='lat' dir='ltr'><strong>contra</strong></span> <span class='ocrx_word' id='word_1_227' title='bbox 1053 2993 1147 3078; x_wconf 88' lang='lat' dir='ltr'><strong>leges</strong></span> <span class='ocrx_word' id='word_1_228' title='bbox 1168 2995 1330 3057; x_wconf 88' lang='lat' dir='ltr'><strong>auderent</strong></span> <span class='ocrx_word' id='word_1_229' title='bbox 1349 2995 1451 3078; x_wconf 89' lang='lat' dir='ltr'><strong>magi·</strong></span> <span class='ocrx_word' id='word_1_230' title='bbox 1521 3047 1522 3058; x_wconf 48' lang='lat'>2</span> 
     </span>
     <span class='ocr_line' id='line_1_25' title="bbox 201 3099 1451 3186; baseline 0 -23"><span class='ocrx_word' id='word_1_231' title='bbox 201 3108 318 3164; x_wconf 90' lang='lat' dir='ltr'><strong>stratus</strong></span> <span class='ocrx_word' id='word_1_232' title='bbox 325 3148 334 3180; x_wconf 96' lang='lat'><strong>,</strong></span> <span class='ocrx_word' id='word_1_233' title='bbox 351 3099 526 3164; x_wconf 77' lang='lat' dir='ltr'><strong>inaxinrum</strong></span> <span class='ocrx_word' id='word_1_234' title='bbox 543 3102 662 3186; x_wconf 92' lang='lat' dir='ltr'><strong>cuique</strong></span> <span class='ocrx_word' id='word_1_235' title='bbox 682 3101 862 3164; x_wconf 90' lang='lat' dir='ltr'><strong>remedium</strong></span> <span class='ocrx_word' id='word_1_236' title='bbox 882 3109 953 3163; x_wconf 88' lang='lat' dir='ltr'><strong>erat</strong></span> <span class='ocrx_word' id='word_1_237' title='bbox 971 3101 1004 3162; x_wconf 91' lang='lat' dir='ltr'><strong>in</strong></span> <span class='ocrx_word' id='word_1_238' title='bbox 1023 3101 1261 3183; x_wconf 89' lang='lat' dir='ltr'><strong>provocatione</strong></span> <span class='ocrx_word' id='word_1_239' title='bbox 1283 3101 1326 3164; x_wconf 89' lang='lat' dir='ltr'><strong>ad</strong></span> <span class='ocrx_word' id='word_1_240' title='bbox 1345 3123 1451 3186; x_wconf 93' lang='lat' dir='ltr'><strong>popu-</strong></span> 
     </span>
     <span class='ocr_line' id='line_1_26' title="bbox 199 3208 1522 3300; baseline -0.002 -28"><span class='ocrx_word' id='word_1_241' title='bbox 199 3209 276 3272; x_wconf 90' lang='lat' dir='ltr'><strong>lum.</strong></span> <span class='ocrx_word' id='word_1_242' title='bbox 298 3209 432 3272; x_wconf 88' lang='lat' dir='ltr'><strong>Deiude</strong></span> <span class='ocrx_word' id='word_1_243' title='bbox 452 3209 493 3271; x_wconf 92' lang='lat' dir='ltr'><strong>de</strong></span> <span class='ocrx_word' id='word_1_244' title='bbox 514 3211 623 3294; x_wconf 91' lang='lat' dir='ltr'><strong>capite</strong></span> <span class='ocrx_word' id='word_1_245' title='bbox 643 3209 722 3272; x_wconf 90' lang='lat' dir='ltr'><strong>civis</strong></span> <span class='ocrx_word' id='word_1_246' title='bbox 740 3208 884 3270; x_wconf 87' lang='lat' dir='ltr'><strong>Romani</strong></span> <span class='ocrx_word' id='word_1_247' title='bbox 906 3209 1037 3271; x_wconf 90' lang='lat' dir='ltr'><strong>nonnisi</strong></span> <span class='ocrx_word' id='word_1_248' title='bbox 1060 3209 1227 3271; x_wconf 89' lang='lat' dir='ltr'><strong>universus</strong></span> <span class='ocrx_word' id='word_1_249' title='bbox 1253 3208 1398 3292; x_wconf 92' lang='lat' dir='ltr'><strong>populus</strong></span> <span class='ocrx_word' id='word_1_250' title='bbox 1418 3208 1450 3270; x_wconf 88' lang='lat' dir='ltr'><strong>iu</strong></span> <span class='ocrx_word' id='word_1_251' title='bbox 1521 3287 1522 3300; x_wconf 25' lang='grc'>1</span> 
     </span>
     <span class='ocr_line' id='line_1_27' title="bbox 200 3315 1522 3403; baseline -0.002 -24"><span class='ocrx_word' id='word_1_252' title='bbox 200 3317 340 3379; x_wconf 89' lang='lat' dir='ltr'><strong>comitiis</strong></span> <span class='ocrx_word' id='word_1_253' title='bbox 361 3318 551 3380; x_wconf 89' lang='lat' dir='ltr'><strong>centuriatis</strong></span> <span class='ocrx_word' id='word_1_254' title='bbox 564 3317 754 3403; x_wconf 84' lang='lat' dir='ltr'><strong>judicabat,</strong></span> <span class='ocrx_word' id='word_1_255' title='bbox 776 3324 810 3379; x_wconf 89' lang='lat' dir='ltr'><strong>et</strong></span> <span class='ocrx_word' id='word_1_256' title='bbox 826 3324 904 3379; x_wconf 91' lang='lat' dir='ltr'><strong>tunc</strong></span> <span class='ocrx_word' id='word_1_257' title='bbox 924 3316 1023 3379; x_wconf 84' lang='lat' dir='ltr'><strong>facile</strong></span> <span class='ocrx_word' id='word_1_258' title='bbox 1044 3323 1127 3398; x_wconf 85' lang='lat' dir='ltr'><strong>erat,</strong></span> <span class='ocrx_word' id='word_1_259' title='bbox 1147 3315 1201 3379; x_wconf 92' lang='lat' dir='ltr'><strong>vel</strong></span> <span class='ocrx_word' id='word_1_260' title='bbox 1218 3316 1449 3380; x_wconf 90' lang='lat' dir='ltr'><strong>innocentibus</strong></span> <span class='ocrx_word' id='word_1_261' title='bbox 1521 3337 1522 3400; x_wconf 69' lang='lat'><em>}</em></span> 
     </span>
     <span class='ocr_line' id='line_1_28' title="bbox 199 3422 1450 3508; baseline -0.002 -21"><span class='ocrx_word' id='word_1_262' title='bbox 199 3445 233 3487; x_wconf 90' lang='lat' dir='ltr'><strong>se</strong></span> <span class='ocrx_word' id='word_1_263' title='bbox 251 3425 550 3488; x_wconf 87' lang='lat' dir='ltr'><strong>acalumniatorum</strong></span> <span class='ocrx_word' id='word_1_264' title='bbox 570 3424 693 3488; x_wconf 90' lang='lat' dir='ltr'><strong>artibus</strong></span> <span class='ocrx_word' id='word_1_265' title='bbox 713 3422 906 3506; x_wconf 88' lang='lat' dir='ltr'><strong>defendere,</strong></span> <span class='ocrx_word' id='word_1_266' title='bbox 922 3424 977 3487; x_wconf 90' lang='lat' dir='ltr'><strong>vel</strong></span> <span class='ocrx_word' id='word_1_267' title='bbox 990 3446 1133 3508; x_wconf 91' lang='lat' dir='ltr'><strong>poenam</strong></span> <span class='ocrx_word' id='word_1_268' title='bbox 1150 3424 1274 3486; x_wconf 90' lang='lat' dir='ltr'><strong>meritis</strong></span> <span class='ocrx_word' id='word_1_269' title='bbox 1291 3423 1450 3508; x_wconf 88' lang='lat' dir='ltr'><strong>promissa</strong></span> 
     </span>
    </p>
   </div>
   <div class='ocr_carea' id='block_1_7' title="bbox 197 3625 1449 3864">
    <p class='ocr_par' dir='ltr' id='par_1_8' title="bbox 197 3625 1449 3864">
     <span class='ocr_line' id='line_1_29' title="bbox 198 3625 1449 3697; baseline -0.005 -16"><span class='ocrx_word' id='word_1_270' title='bbox 198 3627 283 3697; x_wconf 88' lang='lat' dir='ltr'><strong>antiq.</strong></span> <span class='ocrx_word' id='word_1_271' title='bbox 294 3628 398 3694; x_wconf 87' lang='lat' dir='ltr'><strong>juridd.</strong></span> <span class='ocrx_word' id='word_1_272' title='bbox 413 3646 439 3695; x_wconf 88' lang='lat' dir='ltr'><strong>p.</strong></span> <span class='ocrx_word' id='word_1_273' title='bbox 452 3633 504 3681; x_wconf 79' lang='lat'><strong>265</strong></span> <span class='ocrx_word' id='word_1_274' title='bbox 516 3631 611 3678; x_wconf 81' lang='lat'><strong>-288.</strong></span> <span class='ocrx_word' id='word_1_275' title='bbox 621 3625 665 3692; x_wconf 89' lang='lat' dir='ltr'><strong>(in</strong></span> <span class='ocrx_word' id='word_1_276' title='bbox 679 3642 773 3691; x_wconf 86' lang='lat' dir='ltr'><strong>opusc.</strong></span> <span class='ocrx_word' id='word_1_277' title='bbox 784 3625 848 3679; x_wconf 89' lang='lat' dir='ltr'><strong>min.</strong></span> <span class='ocrx_word' id='word_1_278' title='bbox 863 3627 898 3679; x_wconf 90' lang='lat' dir='ltr'><strong>ab</strong></span> <span class='ocrx_word' id='word_1_279' title='bbox 913 3628 944 3680; x_wconf 89' lang='lat' dir='ltr'><strong>L.</strong></span> <span class='ocrx_word' id='word_1_280' title='bbox 958 3626 1073 3678; x_wconf 87' lang='lat' dir='ltr'><strong>Pernice</strong></span> <span class='ocrx_word' id='word_1_281' title='bbox 1085 3625 1149 3680; x_wconf 83' lang='lat' dir='ltr'><strong>edit.</strong></span> <span class='ocrx_word' id='word_1_282' title='bbox 1164 3628 1225 3678; x_wconf 89' lang='lat' dir='ltr'><strong>Vol.</strong></span> <span class='ocrx_word' id='word_1_283' title='bbox 1241 3626 1261 3678; x_wconf 91' lang='lat' dir='ltr'><strong>I.</strong></span> <span class='ocrx_word' id='word_1_284' title='bbox 1275 3643 1302 3692; x_wconf 90' lang='lat' dir='ltr'><strong>p.</strong></span> <span class='ocrx_word' id='word_1_285' title='bbox 1320 3630 1351 3679; x_wconf 85' lang='lat'><strong>13</strong></span> <span class='ocrx_word' id='word_1_286' title='bbox 1365 3625 1449 3694; x_wconf 82' lang='lat' dir='ltr'><strong>sqq).</strong></span> 
     </span>
     <span class='ocr_line' id='line_1_30' title="bbox 197 3709 1449 3778; baseline -0.002 -14"><span class='ocrx_word' id='word_1_287' title='bbox 197 3713 241 3765; x_wconf 91' lang='lat' dir='ltr'><strong>De</strong></span> <span class='ocrx_word' id='word_1_288' title='bbox 259 3714 316 3778; x_wconf 83' lang='lat' dir='ltr'><strong>lege</strong></span> <span class='ocrx_word' id='word_1_289' title='bbox 334 3729 398 3765; x_wconf 89' lang='lat' dir='ltr'><strong>vero</strong></span> <span class='ocrx_word' id='word_1_290' title='bbox 417 3712 516 3764; x_wconf 89' lang='lat' dir='ltr'><strong>Porcia</strong></span> <span class='ocrx_word' id='word_1_291' title='bbox 538 3709 666 3762; x_wconf 86' lang='lat' dir='ltr'><strong>Dukerus</strong></span> <span class='ocrx_word' id='word_1_292' title='bbox 686 3710 722 3762; x_wconf 82' lang='lat' dir='ltr'><strong>ad</strong></span> <span class='ocrx_word' id='word_1_293' title='bbox 736 3711 794 3764; x_wconf 82' lang='lat' dir='ltr'><strong>Liu.</strong></span> <span class='ocrx_word' id='word_1_294' title='bbox 812 3712 851 3763; x_wconf 92' lang='lat' dir='ltr'><strong>X.</strong></span> <span class='ocrx_word' id='word_1_295' title='bbox 869 3728 891 3763; x_wconf 90' lang='lat' dir='ltr'><strong>c.</strong></span> <span class='ocrx_word' id='word_1_296' title='bbox 906 3715 930 3764; x_wconf 87' lang='grc'><strong>9.</strong></span> <span class='ocrx_word' id='word_1_297' title='bbox 949 3713 970 3778; x_wconf 61' lang='grc' dir='ltr'><strong>ξ,</strong></span> <span class='ocrx_word' id='word_1_298' title='bbox 988 3716 1013 3763; x_wconf 84' lang='grc'><strong>4.</strong></span> <span class='ocrx_word' id='word_1_299' title='bbox 1032 3713 1063 3764; x_wconf 81' lang='grc' dir='ltr'><strong>Τ.</strong></span> <span class='ocrx_word' id='word_1_300' title='bbox 1082 3711 1131 3763; x_wconf 90' lang='lat' dir='ltr'><strong>Ill.</strong></span> <span class='ocrx_word' id='word_1_301' title='bbox 1144 3727 1170 3777; x_wconf 93' lang='lat' dir='ltr'><strong>p.</strong></span> <span class='ocrx_word' id='word_1_302' title='bbox 1188 3715 1230 3763; x_wconf 86' lang='grc'><strong>36.</strong></span> <span class='ocrx_word' id='word_1_303' title='bbox 1251 3717 1278 3762; x_wconf 90' lang='lat' dir='ltr'><strong>et</strong></span> <span class='ocrx_word' id='word_1_304' title='bbox 1289 3713 1319 3763; x_wconf 87' lang='lat' dir='ltr'><strong>F.</strong></span> <span class='ocrx_word' id='word_1_305' title='bbox 1333 3712 1365 3764; x_wconf 85' lang='lat' dir='ltr'><strong>G.</strong></span> <span class='ocrx_word' id='word_1_306' title='bbox 1378 3711 1449 3762; x_wconf 82' lang='lat' dir='ltr'><strong>Con·</strong></span> 
     </span>
     <span class='ocr_line' id='line_1_31' title="bbox 197 3795 1447 3864; baseline -0.001 -15"><span class='ocrx_word' id='word_1_307' title='bbox 197 3798 257 3850; x_wconf 76' lang='lat' dir='ltr'><strong>radi</strong></span> <span class='ocrx_word' id='word_1_308' title='bbox 272 3798 375 3848; x_wconf 89' lang='lat' dir='ltr'><strong>Comm.</strong></span> <span class='ocrx_word' id='word_1_309' title='bbox 395 3799 435 3850; x_wconf 91' lang='lat' dir='ltr'><strong>M.</strong></span> <span class='ocrx_word' id='word_1_310' title='bbox 453 3797 583 3848; x_wconf 78' lang='lat' dir='ltr'><strong>Horatius</strong></span> <span class='ocrx_word' id='word_1_311' title='bbox 599 3795 636 3847; x_wconf 82' lang='lat' dir='ltr'><strong>od</strong></span> <span class='ocrx_word' id='word_1_312' title='bbox 646 3795 776 3862; x_wconf 83' lang='lat' dir='ltr'><strong>populum</strong></span> <span class='ocrx_word' id='word_1_313' title='bbox 789 3813 939 3864; x_wconf 81' lang='lat' dir='ltr'><strong>provocans</strong></span> <span class='ocrx_word' id='word_1_314' title='bbox 956 3797 984 3846; x_wconf 81' lang='lat' dir='ltr'><strong>iu</strong></span> <span class='ocrx_word' id='word_1_315' title='bbox 1001 3813 1080 3846; x_wconf 85' lang='lat' dir='ltr'><strong>numo</strong></span> <span class='ocrx_word' id='word_1_316' title='bbox 1094 3797 1180 3863; x_wconf 65' lang='lat' dir='ltr'><strong>penus</strong></span> <span class='ocrx_word' id='word_1_317' title='bbox 1198 3797 1329 3856; x_wconf 65' lang='lat' dir='ltr'><strong>Porciam</strong></span> <span class='ocrx_word' id='word_1_318' title='bbox 1347 3796 1409 3848; x_wconf 88' lang='lat' dir='ltr'><strong>Lib.</strong></span> <span class='ocrx_word' id='word_1_319' title='bbox 1426 3797 1447 3848; x_wconf 89' lang='lat'><strong>1.</strong></span> 
     </span>
    </p>
   </div>
   <div class='ocr_carea' id='block_1_8' title="bbox 107 3878 735 3948">
    <p class='ocr_par' dir='ltr' id='par_1_9' title="bbox 107 3878 735 3948">
     <span class='ocr_line' id='line_1_32' title="bbox 107 3878 735 3948; baseline -0.005 -13"><span class='ocrx_word' id='word_1_320' title='bbox 107 3892 111 3907; x_wconf 69' lang='grc'><strong>“</strong></span> <span class='ocrx_word' id='word_1_321' title='bbox 197 3884 307 3948; x_wconf 79' lang='lat' dir='ltr'><strong>Parerg.</strong></span> <span class='ocrx_word' id='word_1_322' title='bbox 325 3899 399 3934; x_wconf 89' lang='lat' dir='ltr'><strong>num.</strong></span> <span class='ocrx_word' id='word_1_323' title='bbox 416 3887 441 3934; x_wconf 81' lang='lat'><strong>³.</strong></span> <span class='ocrx_word' id='word_1_324' title='bbox 460 3898 486 3947; x_wconf 88' lang='lat' dir='ltr'><strong>p.</strong></span> <span class='ocrx_word' id='word_1_325' title='bbox 503 3886 538 3934; x_wconf 85' lang='grc'><strong>57</strong></span> <span class='ocrx_word' id='word_1_326' title='bbox 543 3884 629 3933; x_wconf 82' lang='grc'>-71,</span> <span class='ocrx_word' id='word_1_327' title='bbox 646 3878 735 3932; x_wconf 80' lang='lat' dir='ltr'><strong>Haud.</strong></span> 
     </span>
    </p>
   </div>
   <div class='ocr_carea' id='block_1_9' title="bbox 192 3957 1522 4630">
    <p class='ocr_par' dir='ltr' id='par_1_10' title="bbox 192 3957 1522 4626">
     <span class='ocr_line' id='line_1_33' title="bbox 266 3957 1448 4038; baseline -0.003 -21"><span class='ocrx_word' id='word_1_328' title='bbox 266 3969 298 4032; x_wconf 88' lang='lat' dir='ltr'><strong>y)</strong></span> <span class='ocrx_word' id='word_1_329' title='bbox 318 3968 361 4018; x_wconf 90' lang='lat' dir='ltr'><strong>De</strong></span> <span class='ocrx_word' id='word_1_330' title='bbox 371 3969 421 4018; x_wconf 87' lang='lat' dir='ltr'><strong>hac</strong></span> <span class='ocrx_word' id='word_1_331' title='bbox 431 3981 519 4032; x_wconf 83' lang='lat' dir='ltr'><strong>poena</strong></span> <span class='ocrx_word' id='word_1_332' title='bbox 530 3964 645 4030; x_wconf 84' lang='lat' dir='ltr'><strong>Dionys.</strong></span> <span class='ocrx_word' id='word_1_333' title='bbox 658 3965 745 4017; x_wconf 88' lang='lat' dir='ltr'><strong>Halic.</strong></span> <span class='ocrx_word' id='word_1_334' title='bbox 759 3965 800 4016; x_wconf 94' lang='grc' dir='ltr'><strong>ΙΙ.</strong></span> <span class='ocrx_word' id='word_1_335' title='bbox 814 3968 855 4016; x_wconf 91' lang='grc'><strong>10.</strong></span> <span class='ocrx_word' id='word_1_336' title='bbox 864 3958 955 4022; x_wconf 64' lang='lat' dir='ltr'><strong>&#39;Broc</strong></span> <span class='ocrx_word' id='word_1_337' title='bbox 965 3963 1015 4030; x_wconf 76' lang='grc' dir='ltr'><strong>γάρ</strong></span> <span class='ocrx_word' id='word_1_338' title='bbox 1028 3957 1192 4038; x_wconf 66' lang='grc' dir='ltr'><em>Ῥωμάιόις,</em></span> <span class='ocrx_word' id='word_1_339' title='bbox 1205 3960 1287 4024; x_wconf 77' lang='grc' dir='ltr'><strong><em>ὅσους</em></strong></span> <span class='ocrx_word' id='word_1_340' title='bbox 1300 3963 1448 4030; x_wconf 77' lang='grc' dir='ltr'><em>ἐβούλοντο</em></span> 
     </span>
     <span class='ocr_line' id='line_1_34' title="bbox 197 4042 1447 4124; baseline -0.002 -23"><span class='ocrx_word' id='word_1_341' title='bbox 197 4054 301 4118; x_wconf 78' lang='grc' dir='ltr'><strong><em>νηποινὶ</em></strong></span> <span class='ocrx_word' id='word_1_342' title='bbox 315 4048 451 4113; x_wconf 71' lang='lat' dir='ltr'><strong>reducitur,</strong></span> <span class='ocrx_word' id='word_1_343' title='bbox 467 4049 499 4098; x_wconf 81' lang='lat' dir='ltr'><strong>roi</strong></span> <span class='ocrx_word' id='word_1_344' title='bbox 514 4049 615 4100; x_wconf 75' lang='lat' dir='ltr'><strong>roricum</strong></span> <span class='ocrx_word' id='word_1_345' title='bbox 625 4050 737 4113; x_wconf 79' lang='grc' dir='ltr'><em>σώματα</em></span> <span class='ocrx_word' id='word_1_346' title='bbox 750 4047 822 4124; x_wconf 58' lang='grc' dir='ltr'><strong>θεῶν</strong></span> <span class='ocrx_word' id='word_1_347' title='bbox 835 4042 980 4115; x_wconf 63' lang='grc' dir='ltr'><em>ὁτῳδήτινι,</em></span> <span class='ocrx_word' id='word_1_348' title='bbox 993 4047 1113 4111; x_wconf 79' lang='grc' dir='ltr'><em>μάλιστα</em></span> <span class='ocrx_word' id='word_1_349' title='bbox 1125 4053 1154 4103; x_wconf 79' lang='grc' dir='ltr'><strong>δὲ</strong></span> <span class='ocrx_word' id='word_1_350' title='bbox 1169 4057 1225 4109; x_wconf 82' lang='grc' dir='ltr'><em>τοῖς</em></span> <span class='ocrx_word' id='word_1_351' title='bbox 1237 4050 1447 4112; x_wconf 73' lang='grc' dir='ltr'><em>καταχθονίοις,</em></span> 
     </span>
     <span class='ocr_line' id='line_1_35' title="bbox 196 4132 1448 4203; baseline -0.003 -17"><span class='ocrx_word' id='word_1_352' title='bbox 196 4135 398 4200; x_wconf 78' lang='grc' dir='ltr'><strong>κατονομάζειν.</strong></span> <span class='ocrx_word' id='word_1_353' title='bbox 418 4134 479 4186; x_wconf 80' lang='lat' dir='ltr'><strong>Moe</strong></span> <span class='ocrx_word' id='word_1_354' title='bbox 496 4143 555 4187; x_wconf 80' lang='lat' dir='ltr'><strong>erat</strong></span> <span class='ocrx_word' id='word_1_355' title='bbox 568 4135 705 4195; x_wconf 75' lang='lat' dir='ltr'><strong>Romanis,</strong></span> <span class='ocrx_word' id='word_1_356' title='bbox 724 4151 789 4202; x_wconf 82' lang='lat' dir='ltr'><strong>quor</strong></span> <span class='ocrx_word' id='word_1_357' title='bbox 800 4132 897 4184; x_wconf 81' lang='lat' dir='ltr'><strong>uellent</strong></span> <span class='ocrx_word' id='word_1_358' title='bbox 910 4134 1015 4202; x_wconf 81' lang='lat' dir='ltr'><strong>impune</strong></span> <span class='ocrx_word' id='word_1_359' title='bbox 1030 4135 1225 4196; x_wconf 62' lang='lat' dir='ltr'><strong>veridicorum</strong></span> <span class='ocrx_word' id='word_1_360' title='bbox 1240 4151 1355 4203; x_wconf 80' lang='lat' dir='ltr'><strong>corpora</strong></span> <span class='ocrx_word' id='word_1_361' title='bbox 1372 4135 1448 4185; x_wconf 81' lang='lat' dir='ltr'><strong>devo-</strong></span> 
     </span>
     <span class='ocr_line' id='line_1_36' title="bbox 196 4218 1522 4288; baseline 0 -18"><span class='ocrx_word' id='word_1_362' title='bbox 196 4237 257 4270; x_wconf 81' lang='lat' dir='ltr'><strong>vere</strong></span> <span class='ocrx_word' id='word_1_363' title='bbox 276 4222 334 4273; x_wconf 80' lang='lat' dir='ltr'><strong>Deo</strong></span> <span class='ocrx_word' id='word_1_364' title='bbox 351 4221 472 4288; x_wconf 68' lang='lat' dir='ltr'><strong>euipriam,</strong></span> <span class='ocrx_word' id='word_1_365' title='bbox 486 4221 631 4288; x_wconf 74' lang='lat' dir='ltr'><strong>proecrpue</strong></span> <span class='ocrx_word' id='word_1_366' title='bbox 654 4221 713 4271; x_wconf 80' lang='lat' dir='ltr'><strong>Diis</strong></span> <span class='ocrx_word' id='word_1_367' title='bbox 730 4219 833 4284; x_wconf 77' lang='lat' dir='ltr'><strong>inferis.</strong></span> <span class='ocrx_word' id='word_1_368' title='bbox 858 4218 957 4270; x_wconf 85' lang='lat' dir='ltr'><strong>Festus</strong></span> <span class='ocrx_word' id='word_1_369' title='bbox 969 4219 1026 4271; x_wconf 83' lang='lat' dir='ltr'><strong>&#39;sub</strong></span> <span class='ocrx_word' id='word_1_370' title='bbox 1044 4235 1111 4272; x_wconf 88' lang='lat' dir='ltr'><strong>voce</strong></span> <span class='ocrx_word' id='word_1_371' title='bbox 1128 4237 1239 4273; x_wconf 78' lang='lat' dir='ltr'><strong>sacrae:</strong></span> <span class='ocrx_word' id='word_1_372' title='bbox 1264 4221 1354 4272; x_wconf 83' lang='lat' dir='ltr'><strong>Homo</strong></span> <span class='ocrx_word' id='word_1_373' title='bbox 1371 4233 1448 4272; x_wconf 81' lang='lat' dir='ltr'><strong>sacer</strong></span> <span class='ocrx_word' id='word_1_374' title='bbox 1521 4219 1522 4254; x_wconf 65' lang='grc' dir='ltr'>ἶ</span> 
     </span>
     <span class='ocr_line' id='line_1_37' title="bbox 193 4301 1522 4375; baseline -0.002 -19"><span class='ocrx_word' id='word_1_375' title='bbox 193 4305 217 4356; x_wconf 76' lang='lat' dir='ltr'><strong>is</strong></span> <span class='ocrx_word' id='word_1_376' title='bbox 235 4313 281 4364; x_wconf 80' lang='lat' dir='ltr'><strong>est,</strong></span> <span class='ocrx_word' id='word_1_377' title='bbox 299 4322 374 4374; x_wconf 83' lang='lat' dir='ltr'><strong>quem</strong></span> <span class='ocrx_word' id='word_1_378' title='bbox 388 4305 646 4375; x_wconf 77' lang='lat' dir='ltr'><strong>populurjudicuuit</strong></span> <span class='ocrx_word' id='word_1_379' title='bbox 664 4301 695 4354; x_wconf 76' lang='lat' dir='ltr'><strong>ot</strong></span> <span class='ocrx_word' id='word_1_380' title='bbox 713 4302 877 4369; x_wconf 79' lang='lat' dir='ltr'><strong>maleficium,</strong></span> <span class='ocrx_word' id='word_1_381' title='bbox 890 4304 1033 4372; x_wconf 74' lang='lat' dir='ltr'><strong>acquosus</strong></span> <span class='ocrx_word' id='word_1_382' title='bbox 1048 4312 1087 4355; x_wconf 75' lang='lat' dir='ltr'><strong>est</strong></span> <span class='ocrx_word' id='word_1_383' title='bbox 1100 4321 1159 4356; x_wconf 86' lang='lat' dir='ltr'><strong>eum</strong></span> <span class='ocrx_word' id='word_1_384' title='bbox 1176 4305 1323 4356; x_wconf 65' lang='lat' dir='ltr'><strong>carmulam:</strong></span> <span class='ocrx_word' id='word_1_385' title='bbox 1340 4304 1388 4356; x_wconf 75' lang='lat' dir='ltr'><strong>sed</strong></span> <span class='ocrx_word' id='word_1_386' title='bbox 1401 4303 1448 4370; x_wconf 72' lang='lat' dir='ltr'><strong>qui</strong></span> <span class='ocrx_word' id='word_1_387' title='bbox 1521 4333 1522 4360; x_wconf 56' lang='lat' dir='ltr'><strong>t</strong></span> 
     </span>
     <span class='ocr_line' id='line_1_38' title="bbox 196 4379 1522 4458; baseline -0.003 -18"><span class='ocrx_word' id='word_1_388' title='bbox 196 4391 296 4453; x_wconf 73' lang='lat' dir='ltr'><strong>occidat,</strong></span> <span class='ocrx_word' id='word_1_389' title='bbox 311 4391 455 4458; x_wconf 79' lang='lat' dir='ltr'><strong>parricidii</strong></span> <span class='ocrx_word' id='word_1_390' title='bbox 471 4409 523 4443; x_wconf 88' lang='lat' dir='ltr'><strong>uou</strong></span> <span class='ocrx_word' id='word_1_391' title='bbox 544 4391 698 4442; x_wconf 81' lang='lat' dir='ltr'><strong>damnatur:</strong></span> <span class='ocrx_word' id='word_1_392' title='bbox 716 4388 758 4440; x_wconf 73' lang='lat' dir='ltr'><strong>Ex</strong></span> <span class='ocrx_word' id='word_1_393' title='bbox 775 4405 826 4458; x_wconf 85' lang='lat' dir='ltr'><strong>quo</strong></span> <span class='ocrx_word' id='word_1_394' title='bbox 844 4390 926 4456; x_wconf 78' lang='lat' dir='ltr'><strong>quiris</strong></span> <span class='ocrx_word' id='word_1_395' title='bbox 939 4388 1013 4440; x_wconf 80' lang='lat' dir='ltr'><strong>tomo</strong></span> <span class='ocrx_word' id='word_1_396' title='bbox 1032 4387 1206 4457; x_wconf 78' lang='lat' dir='ltr'><strong>maturatque</strong></span> <span class='ocrx_word' id='word_1_397' title='bbox 1220 4386 1356 4458; x_wconf 70' lang='lat' dir='ltr'><strong>improbus</strong></span> <span class='ocrx_word' id='word_1_398' title='bbox 1370 4403 1447 4440; x_wconf 78' lang='lat' dir='ltr'><strong>sacer</strong></span> <span class='ocrx_word' id='word_1_399' title='bbox 1521 4379 1522 4396; x_wconf 58' lang='lat'><em>³</em></span> 
     </span>
     <span class='ocr_line' id='line_1_39' title="bbox 196 4461 1522 4630; baseline -0.004 -103"><span class='ocrx_word' id='word_1_400' title='bbox 196 4475 328 4544; x_wconf 68' lang='lat' dir='ltr'><strong>adpellari</strong></span> <span class='ocrx_word' id='word_1_401' title='bbox 344 4476 416 4527; x_wconf 80' lang='lat' dir='ltr'><strong>solet.</strong></span> <span class='ocrx_word' id='word_1_402' title='bbox 435 4475 478 4526; x_wconf 86' lang='lat' dir='ltr'><strong>De</strong></span> <span class='ocrx_word' id='word_1_403' title='bbox 495 4475 548 4524; x_wconf 91' lang='lat' dir='ltr'><strong>hoc</strong></span> <span class='ocrx_word' id='word_1_404' title='bbox 562 4472 697 4539; x_wconf 87' lang='lat' dir='ltr'><strong>supplicio</strong></span> <span class='ocrx_word' id='word_1_405' title='bbox 716 4474 863 4540; x_wconf 86' lang='lat' dir='ltr'><strong>quaedam.</strong></span> <span class='ocrx_word' id='word_1_406' title='bbox 868 4461 949 4524; x_wconf 70' lang='lat' dir='ltr'><strong>tradet</strong></span> <span class='ocrx_word' id='word_1_407' title='bbox 971 4474 1105 4526; x_wconf 87' lang='lat' dir='ltr'><strong>Raevard.</strong></span> <span class='ocrx_word' id='word_1_408' title='bbox 1124 4475 1162 4524; x_wconf 80' lang='lat' dir='ltr'><strong>ad</strong></span> <span class='ocrx_word' id='word_1_409' title='bbox 1181 4475 1250 4526; x_wconf 88' lang='lat' dir='ltr'><strong>XII</strong></span> <span class='ocrx_word' id='word_1_410' title='bbox 1267 4471 1347 4526; x_wconf 80' lang='lat' dir='ltr'><strong>Tabb</strong></span> <span class='ocrx_word' id='word_1_411' title='bbox 1372 4475 1445 4524; x_wconf 72' lang='lat' dir='ltr'><strong>al.</strong></span> <span class='ocrx_word' id='word_1_412' title='bbox 1521 4494 1522 4630; x_wconf 97' lang='grc'>1</span> 
     </span>
     <span class='ocr_line' id='line_1_40' title="bbox 192 4558 374 4626; baseline -0.006 -18"><span class='ocrx_word' id='word_1_413' title='bbox 192 4575 219 4626; x_wconf 81' lang='lat' dir='ltr'><strong>p.</strong></span> <span class='ocrx_word' id='word_1_414' title='bbox 234 4561 276 4608; x_wconf 81' lang='lat'><strong>22</strong></span> <span class='ocrx_word' id='word_1_415' title='bbox 295 4558 374 4608; x_wconf 80' lang='lat' dir='ltr'><strong>Hem.</strong></span> 
     </span>
    </p>
   </div>
   <div class='ocr_carea' id='block_1_10' title="bbox 0 0 1536 5156">
    <p class='ocr_par' dir='ltr' id='par_1_11' title="bbox 0 0 1536 5156">
     <span class='ocr_line' id='line_1_41' title="bbox 0 0 1536 5156; baseline 0 4"><span class='ocrx_word' id='word_1_416' title='bbox 0 0 1536 5156; x_wconf 95' lang='lat' dir='ltr'><strong> </strong></span> 
     </span>
    </p>
   </div>
  </div>
 </body>
</html>
