3056 5154
245 389 319 456 610
453 459 456 467 ,
716 381 792 448 ln„
817 379 877 448 lv,
902 377 982 446 Tur.
1005 378 1034 450 1.

220 591 226 600 “
247 557 430 624 Aebutiam
440 554 584 620 Romani
596 552 718 619 veteris
733 553 822 617 illius
833 554 914 619 ritus
928 553 1045 618 saltem
1059 552 1455 638 memoriemconservuriut,

248 667 401 750 adeoque
417 664 489 746 ipse
505 669 594 725 erret
608 661 784 743 Decerius,
802 661 860 746 qui
874 661 943 726 sive
958 662 1110 742 Festum,
1125 661 1195 726 sive
1214 663 1283 746 ejus
1297 663 1456 745 epitomate

248 794 317 837 rem
340 769 480 848 Paulum
502 790 614 833 errare
637 769 804 854 existimat
821 790 855 851 p.
870 769 942 832 199.
956 790 1024 834 non
1045 769 1143 834 aliam
1159 768 1203 831 ob
1226 787 1374 849 caussam,
1387 792 1456 854 quau

248 881 326 965 quie
353 879 433 944 licio
458 898 524 942 non
554 876 722 957 dominus,
747 876 806 940 sed
833 897 943 940 servus
966 875 1117 961 publicus
1141 876 1298 940 incinctus
1322 875 1414 938 fuerit.
1433 877 1456 938 Si

154 997 159 1004 '
248 986 453 1050 distinxisset
475 992 626 1066 tempora
645 990 742 1066 ante,
766 992 809 1046 et·
821 991 898 1068 post
919 983 1030 1069 legem
1051 983 1249 1066 Aebutiam,
1267 983 1409 1066 potuisset
1424 985 1457 1046 vir

250 1095 365 1158 doctus
381 1092 467 1155 hunc
482 1090 603 1154 nodum
621 1089 763 1156 solvere.

709 1343 790 1396 Furti
806 1354 933 1414 concepta
945 1362 1043 1413 poena.

332 1448 399 1511 Hic
424 1456 475 1511 est
500 1453 593 1510 vetus
617 1446 737 1510 furtum
762 1446 973 1530 concipiendi
994 1446 1083 1510 ritus.
1116 1447 1272 1511 Ceterum
1297 1445 1399 1510 fintun
1415 1444 1455 1508 loc

249 1557 349 1621 modo
365 1563 578 1639 conceptum,
594 1553 628 1616 id
644 1561 709 1634 est,
726 1553 910 1637 quaesitum
930 1561 964 1616 et
979 1555 1165 1636 inventum,
1181 1563 1342 1639 tamquam
1357 1553 1456 1616 manile

249 1672 332 1728 stum
355 1662 585 1727 vindicabatur
608 1683 652 1724 ex
673 1660 752 1746 lege
767 1661 842 1725 XII
858 1646 1059 1726 Tabularum
1075 1667 1130 1742 ¹¹),
1146 1661 1173 1726 si
1195 1661 1321 1724 scilicet
1341 1661 1377 1743 is,
1397 1659 1454 1744 apud

248 1793 347 1856 quem
364 1771 547 1856 quaesitum
564 1776 598 1832 et
620 1768 792 1836 inventum
815 1769 939 1849 fuerat,
962 1769 1211 1851 scivisset,rem
1240 1789 1310 1832 esse
1331 1768 1455 1837 lurtivm3

250 1887 287 1943 ut
301 1887 393 1941 recte
416 1878 515 1940 docet
532 1877 606 1940 Jan.
622 1898 640 1938 a
657 1875 759 1939 Costa
775 1877 819 1938 ad
832 1877 860 1958 §.
874 1876 905 1938 4.
921 1879 999 1938 Inst.
1014 1877 1043 1939 li.
1058 1886 1079 1938 t.
1094 1881 1137 1956 ⁰).
1160 1875 1229 1938 Sed
1245 1885 1350 1940 tamen
1363 1874 1454 1938 etlaec

249 2007 361 2069 poene
377 1983 538 2065 exolevit,
553 1983 761 2068 Praetorque
774 1983 893 2046 furtum
907 1991 1103 2067 conceptum
1115 1984 1256 2066 primum
1268 1983 1362 2067 tripli,
1371 1980 1453 2044 deinde

250 2092 343 2177 dupli
365 2093 477 2176 poena'
497 2089 694 2172 vindicavit,
712 2090 864 2175 adeoque
886 2090 970 2153 illud
994 2091 1082 2154 furt'o
1103 2111 1165 2154 nec
1187 2090 1358 2154 manifesto
1377 2087 1454 2172 aequi-

248 2199 388 2283 paravit,
404 2210 440 2264 ut
456 2197 559 2262 tradit
575 2197 705 2261 Gellius
721 2198 826 2260 Nocet.
843 2203 913 2260 Att.
930 2197 988 2259 XI.
1002 2197 1053 2260 18.
1071 2197 1161 2262 Vide
1172 2200 1201 2280 §.
1212 2199 1245 2262 4.
1259 2201 1334 2262 lust.
1347 2199 1379 2258 dc
1389 2197 1453 2276 otvg.

173 2329 179 2336 ·
248 2328 329 2389 quoe
343 2327 384 2370 ec
399 2308 509 2370 delicto
522 2327 608 2370 nuso.

824 2435 926 2517 193·

748 2552 862 2604 Furtum
881 2551 1006 2604 oblatum.

334 2653 442 2729 Quum
474 2662 669 2736 conceptum
693 2650 813 2714 furtum
842 2658 934 2716 tanta
957 2651 1135 2716 severitate
1162 2651 1260 2736 leges
1282 2651 1454 2716 vindicarent:
1493 2675 1494 2765 p

249 2759 404 2824 solebant
426 2757 514 2823 fures
539 2757 595 2822 vel
617 2759 700 2841 ipsi,
714 2757 770 2820 vel
785 2779 846 2840 per
860 2758 960 2840 alios,
978 2769 1034 2830 re's
1056 2759 1194 2823 furtivas
1216 2758 1341 2824 cuidam
1358 2757 1453 2830 offere,

250 2874 287 2930 ut
314 2869 401 2952 apud
422 2868 508 2931 hunc
531 2866 657 2949 potius,
687 2885 783 2949 quarn
811 2867 900 2950 opud
933 2887 986 2948 se,
1011 2867 1281 2950 conciperentur,
1303 2867 1453 2931 condenn-

249 2975 415 3056 tionisque
435 2973 625 3057 turpitudo,
646 2982 681 3036 ut
703 2973 750 3036 eit
765 2971 989 3057 Theophilus,
1012 2996 1116 3060 penes
1138 2975 1240 3039 alium
1260 2975 1376 3062 potius,
1390 2987 1452 3054 quau

248 3099 411 3164 penesse
434 3089 529 3143 esset.
566 3079 694 3157 Quodsi
718 3080 822 3164 igitur
843 3081 904 3144 hac
928 3083 1043 3147 fraude
1070 3083 1208 3164 fectum,
1240 3094 1276 3147 ut
1301 3103 1348 3147 res
1371 3077 1452 3142 furtin
1491 3081 1492 3171 l

249 3186 336 3270 apud
353 3185 454 3250 elium
470 3188 710 3272 conciperetur,
727 3188 953 3254 dabaturhuic
968 3199 1083 3255 contra
1099 3191 1295 3256 offerentem
1306 3193 1375 3252 actm
1386 3197 1451 3250 vuru

317 3442 350 3507 u)
373 3441 457 3507 Gaius
470 3441 519 3494 111.
531 3439 552 3507 ξ.
569 3443 626 3493 191.
645 3442 735 3506 tradit,
750 3458 867 3508 poenam
885 3443 958 3507 furti,
973 3450 1027 3498 tem
1047 3445 1171 3511 concepti
1189 3461 1273 3514 quern
1290 3437 1453 3506 ostaticum

248 3523 315 3576 ΧΠ.
328 3525 481 3576 tubulorum
498 3521 573 3589 uipli
590 3523 683 3589 fuisse,
698 3527 878 3594 eumdemque
895 3530 1008 3581 modum
1026 3547 1043 3582 a
1061 3531 1192 3585 Praetore
1203 3529 1313 3584 servari.
1328 3529 1374 3582 Sed
1384 3521 1452 3577 euru

250 3609 284 3659 N.
303 3613 338 3660 A.
355 3610 409 3663 XI.
429 3615 469 3664 18.
486 3612 589 3664 furtum
605 3617 766 3677 conceptum
785 3612 880 3664 ecdem
898 3628 987 3678 poene
1008 3614 1037 3666 in
1055 3615 1122 3668 ΧΠ.
1141 3615 1241 3668 mbulis
1260 3615 1404 3668 vindicatum
1416 3619 1453 3658 Ψ

248 3695 315 3760 vult,
333 3710 415 3764 quern
434 3695 536 3746 furtum
554 3693 735 3761 manifestum,
754 3712 824 3766 quae
841 3697 993 3754 sunnone
1011 3701 1169 3767 corporalis,
1180 3700 1264 3754 modo
1281 3697 1425 3766 capiuliset
1436 3687 1452 3738 ll

248 3778 327 3845 cujus
345 3781 435 3832 locum
453 3780 563 3845 demum
585 3780 674 3834 edicto
691 3781 978 3836 Praetorissuccessit
1003 3786 1073 3838 actio
1101 3786 1129 3838 iu
1154 3786 1348 3853 quadruplumr
1364 3771 1452 3850 queml·

248 3863 361 3915 modum
379 3862 465 3929 Gejus
491 3863 550 3930 ipse
568 3865 793 3932 exaequationem
817 3867 882 3920 furti
908 3869 1033 3936 concepti
1058 3887 1120 3923 cum
1146 3871 1289 3924 manifesto
1313 3887 1363 3923 non
1381 3865 1452 3930 igu⁰f³¹

251 3948 286 4014 (ξ.
307 3953 364 4001 192.
384 3949 466 4016 lud).
484 3951 528 4003 De
546 3951 682 4016 praetorio
701 3955 791 4005 mmen
804 3954 868 4020 jure
886 3952 1029 4023 utriusque
1054 3955 1132 4018 furti,
1150 3955 1274 4020 concepti
1295 3960 1370 4024 atque
1390 3939 1452 4002 obtati

248 4045 364 4096 poenam
382 4032 455 4098 tripli
473 4033 566 4094 fuisse,
585 4034 689 4088 Gellius
708 4035 725 4088 l.
743 4036 761 4088 l.
779 4036 911 4090 concedit.
928 4041 969 4092 Ac
988 4040 1095 4094 videtur
1113 4056 1178 4093 sane
1197 4041 1284 4107 Gajus
1302 4048 1405 4104 commu
1418 4043 1451 4082 ⁰⁰¹¹

248 4115 315 4170 sads
325 4117 453 4172 adcurate
465 4118 632 4174 distinxisse.
644 4119 733 4174 Haut.
744 4122 814 4186 Quis
827 4122 861 4174 de
869 4124 1031 4178 eodubitett
1043 4125 1140 4178 Potius
1152 4125 1278 4195 equidem
1287 4121 1397 4182 dixerim,
1407 4117 1451 4166 '¹¹¹⁰‘

247 4215 358 4270 quoque
375 4203 465 4254 locum
483 4218 543 4256 esse
561 4211 729 4272 argumento,
746 4205 857 4260 minime
876 4209 976 4276 Gajum
994 4215 1097 4264 attento
1114 4211 1218 4277 animo,
1236 4212 1303 4280 quin
1327 4207 1391 4262 velut
1406 4196 1451 4252 ud·

247 4289 348 4338 mutem
365 4301 397 4338 ec
414 4288 593 4342 somniantem
610 4304 718 4344 omnem
737 4294 806 4345 henc
815 4289 880 4346 'rem
897 4291 992 4360 egisse.
1015 4293 1103 4348 until.

316 4371 347 4438 ο)
367 4370 502 4425 niciensi
526 4373 655 4441 cajanus
681 4376 741 4428 nor.
762 4377 904 4444 ponerer.
929 4379 966 4430 au
983 4379 1048 4432 ,nn
1072 4381 1097 4433 a.
1116 4382 1137 4449 s.
1156 4381 1238 4450 reque
1255 4381 1290 4434 os
1306 4380 1337 4432 c.
1352 4381 1374 4428 s.
1391 4370 1411 4424 c·
1425 4365 1451 4418 n

248 4453 317 4522 quil.
329 4473 412 4510 cocus.
423 4457 518 4526 insum.
530 4461 612 4528 s'rrcp.
629 4461 684 4514 Sed
703 4460 809 4524 lemine,
823 4479 892 4529 quae
909 4462 938 4516 in
951 4464 1000 4516 hec
1017 4466 1076 4530 lege
1095 4467 1222 4518 damnate
1237 4464 1340 4520 dicitur,
1351 4451 1450 4510 infinite

247 4551 303 4589 non
321 4539 412 4606 subiit,
430 4543 504 4608 quod
523 4550 612 4596 temen
630 4543 697 4597 alias
715 4547 744 4596 tit
762 4545 789 4597 iu
808 4546 913 4600 actione
931 4549 1003 4602 furti.
1022 4552 1103 4604 Heln.
