3062 5164
237 388 292 456 Du
316 389 405 455 Rau.
428 361 537 456 bins.
564 387 617 456 Er
642 389 790 474 Anqum.
817 390 930 458 Iussu.
958 390 1051 457 Dum.
1204 395 1275 462 353

45 567 86 628 hic
98 571 195 626 totum
212 571 318 626 actum
336 563 463 647 absolvi
480 564 704 644 consuevisse,
731 567 808 650 quia
823 566 865 630 ud
881 567 982 651 patris
997 573 1123 630 tantum
1139 567 1277 652 privile-

46 673 115 757 gium
131 671 163 734 id
176 671 378 756 pertinebat,
390 680 425 735 ut
439 671 526 734 filius
541 672 673 734 nonnisi
689 679 741 735 ter
756 675 989 759 emancipatus,
1002 665 1035 738 et
1051 675 1273 755 manumissus,

47 782 100 865 ejus
115 787 280 862 potestate
302 787 336 843 et
357 779 504 842 dominio
527 779 643 844 exiret.
672 781 829 864 iungitur
852 801 952 866 saepe
976 782 1140 865 mancipio
1164 803 1272 858 necue,

48 888 89 950 vel
104 889 224 948 traditio
242 907 333 948 neca.
354 887 408 950 De
425 909 464 952 ea
481 889 589 952 Varro
608 891 648 950 de
665 889 791 972 lingua
811 891 882 951 Lat.
903 889 956 956 VI.
970 891 1000 950 5.
1018 911 1051 970 p.
1068 889 1118 951 58.
1144 909 1273 952 nurum

48 997 173 1056 Manilius
186 996 303 1067 scribit,
316 1015 414 1068 omne,
428 997 511 1076 quod
519 1017 580 1076 per
596 997 707 1058 libram
723 1008 752 1058 et
770 1019 824 1058 aes
837 1000 970 1079 geritur,
989 1001 1022 1058 in
1038 1017 1098 1076 quo
1110 1000 1285 1058 amimam.

49 1106 98 1183 cipi.
123 1102 246 1162 Mucius
271 1101 433 1175 Scaeuola,
459 1121 540 1182 quoe
563 1123 621 1183 per
647 1125 700 1164 aes
725 1113 757 1164 et
778 1103 1008 1184 dimensioni,
1031 1111 1066 1166 ui
1090 1104 1274 1184 obligentur,

50 1217 243 1288 praeterquam
262 1227 343 1288 quae
357 1213 508 1289 mancipii>
528 1211 643 1270 dentur
653 1214 705 1290 ΙΙΙ).
727 1211 797 1272 Hoc
814 1215 918 1274 uerius
936 1232 1013 1283 esse,
1027 1215 1129 1292 ipsum
1146 1212 1275 1274 verdum

53 1318 165 1389 ostendit,
186 1317 225 1376 de
243 1335 304 1396 quo
322 1319 494 1396 quaeritur.
516 1315 602 1376 Nam
622 1317 718 1389 idem,
736 1319 819 1399 quod
836 1319 993 1399 obligatur
1004 1336 1066 1400 per
1082 1319 1202 1391 libram,
1220 1339 1275 1380 ne-

53 1443 95 1502 que
109 1443 189 1484 suam
207 1427 258 1494 sit,
275 1423 349 1485 inde
366 1443 483 1484 nerum
503 1423 629 1484 dictum.
652 1423 719 1487 Sed
736 1445 833 1508 quum
850 1423 934 1487 haec
953 1425 1017 1488 sint
1036 1424 1274 1505 obscurissima,

55 1530 189 1592 audiamus
207 1551 247 1591 ea
266 1529 541 1612 interpretantem
558 1531 661 1593 virum
680 1529 912 1614 doctissimum,
928 1533 982 1598 Jo.
996 1533 1050 1596 Fr.
1069 1531 1275 1594 Gronovium

57 1637 83 1696 in
98 1637 177 1717 iipim
193 1636 266 1698 302.
285 1637 330 1697 ad
349 1638 459 1700 Claud.
478 1639 609 1700 Salmas.
633 1659 718 1722 quae
741 1639 774 1702 in
793 1638 1042 1704 clarissimorum
1069 1647 1103 1701 et
1125 1639 1276 1702 doctissi-

58 1765 150 1806 morum
170 1744 325 1808 Virorum
346 1744 521 1827 Epistolis‚
551 1765 656 1830 nuper
680 1768 700 1808 a
722 1745 941 1810 celeberrimo
966 1748 1155 1810 Burmouno
1179 1747 1277 1810 editis

65 1851 131 1912 ibno
146 1853 180 1912 ΙΙ.
191 1873 223 1934 p.
240 1851 317 1913 549.
331 1851 507 1918 invenitur.
530 1853 580 1914 De
597 1855 661 1914 Ioco
684 1853 834 1915 Varronis
854 1856 978 1935 quando
992 1859 1037 1915 aio
1055 1856 1187 1917 illudere
1203 1857 1281 1917 milti

59 1961 161 2031 ulceri,
177 1969 213 2020 ut
230 1963 421 2020 sententiam
440 1979 540 2021 meam
558 1980 735 2040 quaereres,
755 1963 923 2024 ludibrium
943 1963 1054 2023 debere
1069 1962 1127 2022 tibi
1135 1983 1279 2044 pergam.
1369 1960 1373 1967 ’

61 2065 121 2126 Puto
132 2069 287 2148 ergofalli
302 2067 485 2139 Varronem,
496 2087 558 2128 non
571 2075 694 2129 tontum
707 2073 738 2130 in
753 2069 887 2131 ridicula
902 2071 956 2130 iiia
968 2072 1089 2151 origine
1099 2073 1153 2132 τοῦ
1168 2089 1275 2143 narr,

60 2173 99 2230 sei
109 2182 135 2233 et
148 2176 220 2254 quod
234 2193 296 2236 ceu
316 2173 456 2235 diuersas
467 2179 555 2256 ponit
573 2179 745 2236 sententias
760 2176 887 2236 Manilii
902 2183 933 2236 et
948 2175 1125 2246 Scaeuolae,
1142 2196 1277 2256 quarum

60 2289 164 2360 utraque
177 2303 244 2343 vera
270 2290 335 2354 eet,
356 2301 412 2341 nec
431 2284 513 2342 inter
531 2303 565 2343 ee
582 2291 741 2363 pugnant.
769 2283 855 2342 Sane
872 2289 902 2342 et
922 2281 1028 2342 Cicero
1049 2283 1214 2363 distinguit
1230 2303 1278 2357 ea,
1389 2361 1393 2368 ἱ

58 2406 121 2463 quae
143 2397 275 2450 tenentur
301 2407 388 2447 auur
416 2397 562 2450 narret
586 2409 673 2449 rane
696 2409 879 2450 uenerari.
909 2387 1000 2466 (Cic.
1021 2389 1121 2469 Epist.
1144 2390 1188 2449 ad
1207 2390 1278 2450 Dic.
1330 2415 1334 2424 ¹

64 2491 118 2551 VII.
132 2492 189 2574 30.)
211 2495 332 2575 Nempe
349 2514 429 2574 quae
448 2497 545 2557 babeo
565 2515 653 2556 ruer
679 2515 868 2569 munerun,
896 2515 1002 2557 eorum
1024 2515 1093 2558 sum
1119 2497 1280 2558 deminuet

62 2619 120 2677 quae
136 2621 210 2662 aare
230 2621 340 2673 narr,
357 2605 394 2662 in
416 2623 454 2663 ea
472 2603 569 2666 babeo
586 2604 810 2686 obligationem.
831 2604 882 2665 Ita
900 2624 961 2666 non
984 2603 1204 2666 contradicunt
1223 2605 1284 2666 eibi

65 2705 178 2770 Manilius
192 2720 219 2770 et
234 2711 396 2772 Scaeuola.
419 2709 504 2771 Nam
519 2711 671 2773 Manutius
684 2715 826 2793 requirit,
841 2721 878 2773 ut
891 2733 972 2793 quae
986 2731 1069 2773 neca
1083 2717 1156 2786 sint,
1171 2713 1279 2773 euclem

68 2829 150 2891 quoque
167 2821 224 2878 sint
245 2821 398 2898 mancipi,
416 2817 471 2878 troc
489 2826 551 2890 est,
570 2821 663 2890 tolia,
685 2839 815 2900 quorum
838 2823 1051 2881 commercium
1071 2822 1128 2892 aii,
1149 2827 1180 2879 et
1199 2839 1279 2899 quae

65 2925 201 3000 ncncpari
216 2928 349 3004 poesr'ret.
373 2926 520 2986 &aeneia
538 2925 618 2986 circu
640 2947 752 2987 neurim
773 2947 850 2998 esse,
869 2927 954 3006 quod
968 2945 1030 3007 per
1047 2946 1101 2986 aes
1119 2935 1151 2986 et
1169 2927 1280 2987 libram

65 3029 162 3101 geritur,
176 3041 402 3113 praeterquam
421 3051 501 3111 quae
520 3033 638 3094 dantur
655 3035 814 3114 nianm‘qrio.
841 3033 883 3092 Et
904 3033 980 3092 boec
1002 3037 1082 3093 enirn
1095 3052 1157 3113 per
1177 3052 1231 3094 aee
1249 3043 1282 3095 et

67 3130 148 3192 tibrum
161 3147 325 3217 geruntur,
349 3141 406 3200 sed
421 3141 494 3220 pius
515 3140 595 3200 dant
612 3142 712 3221 juris,
736 3159 828 3220 quam
853 3158 947 3198 neca.
969 3137 1042 3198 Non
1065 3147 1162 3219 negat
1182 3141 1281 3220 igitur

66 3239 189 3316 banaia,
209 3265 336 3307 necesse
358 3267 440 3319 esse,
459 3255 495 3307 ut
513 3248 645 3326 aliquid,
662 3247 745 3327 quod
755 3265 816 3327 per
832 3266 886 3306 aes
907 3254 938 3306 et
954 3245 1064 3307 librum
1082 3246 1216 3324 geritur,
1240 3250 1281 3306 sit

66 3363 162 3420 nerum,
179 3353 210 3411 id
222 3374 293 3415 esee
311 3373 375 3414 rem
397 3357 546 3434 mancipi:
565 3355 623 3414 sed
641 3354 728 3425 di‘cit,
751 3353 840 3414 aliud
859 3372 927 3413 esse
946 3359 1053 3412 tenere
1072 3352 1192 3431 aliquid
1202 3353 1281 3433 jure

66 3457 129 3526 neci,
143 3459 221 3519 aliud
230 3462 311 3541 jure
331 3464 489 3542 mancipii,
511 3465 651 3542 quamuis
672 3469 840 3540 utrumque
849 3479 911 3540 per
936 3480 990 3520 aea
1008 3467 1039 3518 et
1058 3459 1168 3520 ituram
1185 3481 1281 3542 gero-

66 3563 117 3618 tur:
132 3583 179 3626 eeu
195 3586 283 3628 omne
303 3568 337 3628 id
352 3587 466 3629 nexum
484 3589 567 3640 esse,
586 3568 669 3647 quod
687 3587 748 3647 per
766 3587 820 3628 aea
840 3575 872 3627 et
890 3567 1001 3627 libram
1019 3569 1155 3647 geritur,
1170 3571 1201 3628 ei
1219 3587 1282 3628 non

67 3673 182 3748 menapia
200 3675 301 3734 detur.
330 3675 380 3734 Ita
395 3680 561 3756 negatione
582 3678 676 3736 unius
699 3678 814 3755 speciei
826 3675 934 3752 desinit
954 3674 1102 3746 aiteram,
1118 3675 1201 3754 quod
1219 3693 1282 3734 non

67 3775 304 3864 arguitionibus.
319 3779 409 3856 Quod
422 3801 597 3842 munerare
613 3782 720 3856 datur,
737 3783 805 3862 ejus
813 3781 865 3858 fio
879 3781 1039 3842 dominus:
1052 3782 1135 3860 quod
1149 3767 1281 3842 aarum

64 3896 335 3920 Ἢ..-

70 3959 140 4011 ⁸i⁰11ie
153 3959 267 4025 efficitur,
285 3978 341 4015 uon
361 3979 467 4028 sempor
481 3971 543 4015 cum
561 3965 760 4032 mancipatione
778 3967 953 4032 conjunctam
970 3962 1054 4016 fuisso
1071 3976 1161 4013 rerum
1179 3957 1283 4010 manci-

68 4030 103 4093 Ρῑθ
116 4037 219 4096 <laurum
237 4045 416 4100 traditionem.
440 4047 528 4116 quue
552 4047 612 4101 aliis
631 4065 742 4118 quoque
759 4055 881 4103 veterum
900 4052 1041 4099 auctorum
1059 4043 1221 4098 testimoniis
1241 4046 1284 4096 lu-

66 4117 155 4176 culenter
171 4131 347 4184 confirmatur.
365 4131 429 4184 Vid.
448 4133 510 4198 Gaj.
529 4133 577 4184 lv.
598 4137 655 4186 131.
674 4133 744 4185 ueri.
757 4163 792 4171 -
808 4137 862 4197 „ut
878 4141 977 4200 postea,
996 4132 1019 4184 si
1034 4130 1149 4183 velimus
1168 4145 1283 4180 vacuam

66 4209 232 4266 rosussionem
258 4215 336 4268 nobis
361 4217 446 4280 uadi,
465 4218 496 4268 de
516 4218 646 4270 truderida
665 4237 709 4282 ea,
730 4217 839 4284 (agere)
860 4215 1026 4282 possimus'’.
1059 4215 1115 4268 Vat.
1133 4215 1243 4282 Fraqm.
1261 4215 1283 4282 ᾗ.

66 4285 108 4338 ³1¹·
122 4317 151 4328 ·-
166 4334 180 4359 „
189 4300 246 4352 sola
262 4302 426 4368 mancipatio
445 4303 487 4354 vel
498 4302 644 4368 promissio
657 4319 710 4353 non
719 4303 828 4369 perficit
841 4299 1034 4354 donationem”.
1053 4299 1095 4351 Gi.
1106 4297 1174 4362 ibid.
1188 4299 1208 4366 ξ.
1221 4302 1281 4354 31³.

66 4362 127 4432 {¹⁰80
144 4376 175 4428 R·
195 4381 226 4432 G.
244 4400 269 4450 p.
287 4389 345 4440 214.
363 4404 423 4455 sqq.
440 4386 504 4454 ibiq.
523 4392 579 4438 not.
597 4390 622 4438 5.
642 4385 727 4438 Mitti.

78 4534 90 4582 d
112 4459 231 4594 κᾶε·
253 4480 362 4536 praete-r
385 4489 452 4540 qnae
478 4473 608 4538 mancipio
633 4471 736 4521 deretur.
768 4468 889 4521 Niebuhr
914 4468 993 4519 uim.
1020 4467 1114 4519 Gesci.
1133 4468 1153 4519 Ι.
1177 4484 1203 4534 p.
1220 4473 1281 4520 602.

67 4547 131 4590 e·¹·
161 4545 223 4602 liiii.

1046 4637 1087 4698 23
