3040 5164
265 357 319 424 Du
345 358 436 428 Rau.
463 357 573 428 Ilrvrs.
600 350 654 426 Er
680 360 830 445 Anqrun.
856 361 968 430 lesan.
994 361 1089 430 Dou.
1233 369 1303 436 359

45 533 170 596 modos
192 541 283 596 recte
298 533 538 618 intelligendos
553 535 757 600 utilissimum
773 538 960 602 adscribere
971 537 1117 623 juvabit:
1139 540 1177 600 In
1197 544 1301 602 amtta-

41 644 143 704 m‘hus
156 643 323 714 dominium
338 645 507 726 legittimus
522 643 658 720 suasere
672 665 723 706 res
736 646 917 725 perss'ciuut,
932 650 962 708 si
972 647 1173 708 hereditatem
1180 651 1303 728 justum

42 751 146 812 adiit.-
164 753 208 823 si,
231 759 268 812 ut
286 752 406 823 debuit,
424 755 576 833 mancipia
601 753 640 813 ab
657 773 693 813 ao
714 757 844 834 accepit,
865 773 886 812 u
909 774 969 834 quo
986 756 1063 836 jure
1085 758 1168 816 ciuili
1182 759 1302 836 potuit.-

42 865 111 919 aut
128 860 157 918 εἰ
171 859 203 918 iu
219 859 297 938 jure
313 861 419 934 cassu,
436 863 490 920 cui
503 863 607 940 potuit
626 862 744 929 cedere,
768 869 798 920 et
819 861 853 921 tu
868 861 923 922 ubi
936 863 1088 942 oportuit.-
1105 871 1161 924 aut
1182 867 1212 924 οι·
1225 884 1302 924 usu·

43 969 144 1046 cepit:
163 973 222 1027 aut
237 969 268 1027 si
286 987 305 1026 e
318 967 441 1046 praeda
460 969 518 1029 saci
542 987 657 1028 corona
676 969 764 1044 aaut,
783 977 901 1042 tumus,
916 989 1011 1050 quum
1029 973 1062 1032 iu
1086 969 1172 1031 bousb
1194 974 1302 1030 sectio-

45 1093 121 1134 nem
136 1073 229 1153 cujus
238 1073 361 1153 pacdls'ce
376 1075 466 1136 uenit.

628 1191 656 1272 ς.
678 1190 728 1252 25.
758 1239 765 1249 .

355 1361 359 1366 ,
580 1307 652 1364 Quid
668 1307 773 1360 aucus?
849 1333 851 1337 v

133 1405 312 1469 Auurlutvs
346 1404 603 1490 adquirebantur
632 1427 859 1492 quaecumque
887 1406 1038 1490 publice,
1073 1409 1299 1492 proclamante

47 1519 224 1597 praecone,
240 1520 416 1598 praesente
433 1522 533 1598 atque
552 1513 727 1578 addicente
745 1513 947 1598 magistratu,
960 1516 1019 1580 sub
1034 1515 1127 1580 hasta
1143 1517 1300 1580 emeban-

47 1623 248 1686 tu1·:Festus
272 1622 330 1686 sub
350 1643 432 1687 voce
450 1625 591 1686 Hastae.-
614 1625 740 1702 Hastae
752 1624 999 1704 subjiciebantur
1016 1645 1063 1696 eu,
1081 1647 1162 1706 quae
1178 1629 1301 1708 publice

49 1733 290 1802 uensrmdudaut,
309 1736 382 1812 quia
401 1733 528 1812 siguum
543 1736 748 1814 praccepuum
767 1733 931 1798 cathasta.
965 1733 1010 1794 Et
1026 1731 1145 1797 Cicero
1168 1734 1320 1816 Puvpp:

55 1838 98 1900 ΙΙ.
115 1837 160 1900 26.
178 1839 288 1900 Hasta
301 1843 406 1921 posita
420 1860 481 1920 pro
499 1841 577 1900 aede
593 1841 677 1901 Jour‘s
693 1839 846 1901 Statoris.-
864 1839 943 1902 cona
965 1840 1019 1902 On.
1035 1842 1305 1924 Pompejc'Muguc'

50 1950 119 2007 uoci
132 1947 345 2008 acerbissimae
371 1947 510 2028 subjectu
526 1951 702 2028 praecontis.
731 1945 828 2008 Hanc
856 1945 980 2010 hastam
1003 1948 1169 2032 publicam
1191 1945 1299 2032 fugie-

50 2053 129 2115 bant
143 2052 203 2116 viri
218 2052 363 2136 honesti,
377 2056 454 2138 quia
470 2064 504 2117 et
520 2054 777 2137 proscriptorum
793 2054 880 2116 bona
897 2054 944 2118 ibi
958 2055 1126 2120 venibant.
1141 2055 1196 2119 Sic
1209 2055 1299 2120 Atti-

49 2183 102 2223 cus
119 2161 160 2224 ad
174 2161 300 2224 basta'm
316 2160 482 2245 publicam
498 2180 672 2244 numquam
690 2161 843 2224 adcessit:
859 2161 973 2245 Nepos
990 2165 1083 2228 Attia.
1101 2186 1126 2227 c.
1140 2162 1170 2226 6.
1199 2163 1300 2228 Cete-

48 2290 132 2350 rum,
150 2289 246 2353 quum
262 2291 314 2332 res
330 2271 362 2331 ei
383 2269 492 2332 addici
507 2268 647 2348 soleret,
665 2271 719 2352 qui
736 2269 910 2354 plurimum
931 2279 1083 2352 augeret,
1099 2272 1221 2340 facturn
1237 2279 1298 2352 est,

46 2385 83 2438 ut
99 2378 203 2458 ipsum
225 2377 308 2440 illud
329 2377 530 2440 venditionis
554 2397 658 2462 genus
678 2381 798 2449 aucteu-
814 2376 925 2460 isque,
944 2399 963 2440 a
985 2368 1051 2462 quo
1069 2376 1140 2463 quis
1162 2384 1299 2458 emerat,

47 2493 167 2557 auctor,
195 2492 228 2546 et
242 2487 298 2570 jus
322 2484 467 2570 denique
492 2485 645 2549 auctione
668 2484 850 2569 quaesitum
871 2488 1044 2546 auctoritas
1065 2483 1299 2570 adpellaretur.

49 2591 144 2668 Quod
157 2593 354 2658 vocabulum
368 2592 490 2657 deinde
502 2593 543 2658 ad
555 2593 735 2657 dominium
752 2591 983 2678 quodcumque
999 2592 1163 2676 prolatum
1180 2601 1240 2676 est,
1253 2592 1299 2656 ita

54 2709 86 2761 ut
99 2722 193 2762 omne
209 2701 350 2764 dominii
362 2704 427 2787 jus,
445 2722 653 2786 quocumque
669 2700 768 2763 titulo
782 2700 991 2784 adquisitum,
1004 2708 1178 2764 vocaretur
1193 2712 1300 2764 aucto-

55 2812 133 2882 ritas,
149 2817 186 2873 ut
205 2810 377 2894 praeclare
399 2811 588 2874 observavit
609 2809 723 2894 Sigon.
742 2801 1188 2890 deautiquojurecc'u.1iom.
1207 2811 1231 2869 I.
1249 2807 1298 2869 ll.

39 2911 77 2995 ’μ
94 2905 224 2998 ltus).
252 2917 353 2980 Plura
370 2917 515 2981 dicemus
531 2917 616 2980 infra
631 2919 698 2980 Lib.
713 2916 755 2976 II.
774 2917 832 2977 Tu.
849 2915 972 2978 XVIII.
988 2915 1078 2976 XIX.
1094 2916 1123 2996 §.
1138 2915 1188 2977 11.
1313 2920 1315 2924 ’

618 3070 646 3150 §.
668 3068 719 3130 26.

570 3185 643 3244 Quia
660 3183 783 3236 traditio?

126 3287 351 3351 Tnanrrrous
369 3285 628 3370 adquirebantur
643 3284 735 3348 solae
752 3305 803 3347 res
822 3305 884 3372 nec
906 3283 1058 3368 mancipi,
1075 3281 1199 3366 quippe
1218 3302 1298 3363 qua-

51 3415 111 3456 rum
136 3394 289 3458 dominia
311 3393 654 3480 adprehendebantur‚
679 3391 834 3457 simulac
859 3413 902 3454 ex
918 3391 1010 3476 justa
1031 3411 1142 3454 caussa
1168 3390 1299 3486 fuerant

51 3503 201 3566 traditae:
220 3500 355 3586 Ulpian.
369 3506 499 3584 Fragm.
516 3501 606 3564 XIX.
621 3501 652 3562 7.
674 3499 746 3562 Nec
762 3500 941 3579 referebat,
957 3497 1096 3564 mobiles
1107 3520 1160 3564 res
1178 3508 1298 3584 essent,

52 3632 86 3672 an
104 3610 311 3674 immobiles:
338 3619 375 3676 ut
398 3611 485 3674 adeo
509 3609 684 3672 manifesto
712 3616 839 3692 errent,
864 3608 921 3691 qui
947 3607 1158 3672 traditionem
1181 3608 1223 3672 ad
1247 3628 1298 3672 res

52 3719 184 3782 mobiles
212 3725 337 3782 tantum
367 3718 563 3804 pertinuisse
595 3717 793 3780 existimant.
823 3716 901 3780 Vid.
926 3715 968 3778 V.
993 3714 1235 3800 C.'Schulting.
1257 3717 1301 3778 ud

58 3824 203 3906 Ulpium.
221 3848 246 3887 c.
260 3848 292 3907 p.
308 3825 380 3888 622.
402 3827 456 3890 De
473 3825 652 3889 traditione
668 3845 747 3888 vera
763 3831 797 3886 et
814 3825 890 3887 licta
905 3825 1042 3908 egregia
1058 3824 1220 3909 quaedam
1238 3825 1299 3886 ob-

113 4035 135 4099 t)
158 4031 356 4084 Auctoritatem
374 4045 430 4082 nou
449 4031 483 4082 ab
501 4029 626 4096 augendo
644 4027 745 4109 dictam
762 4043 830 4092 esse,
848 4042 942 4080 verum
954 4029 989 4081 ab
1007 4023 1089 4086 αὐτὸς
1107 4028 1149 4079 vel
1168 4025 1247 4078 etiam
1263 4025 1298 4078 ab

54 4108 174 4184 αιῖτώρης,
190 4115 251 4182 jam
269 4113 315 4166 alii
334 4115 467 4180 viderunt,
486 4131 566 4168 nemo
585 4119 684 4178 autem,
702 4129 763 4166 mea
780 4113 918 4180 opinione,
937 4113 1089 4166 accuratius
1106 4110 1300 4178 copiosiusque

53 4202 181 4264 exposuit,
201 4216 285 4269 quam
305 4201 604 4254 Batinum-Rosenius:
623 4198 689 4251 iiber
708 4199 859 4252 Domiuium
877 4216 905 4266 p.
922 4203 981 4252 246.
999 4215 1058 4266 sqq.
1076 4199 1113 4250 At
1130 4195 1299 4248 usitatiorem
1416 4241 1420 4254 ,
1481 4207 1490 4218 ·

52 4287 170 4340 vocabuli
188 4292 217 4338 ct
235 4286 429 4352 etymologiam
447 4292 474 4338 et
492 4285 668 4352 scriptionem
686 4283 783 4336 acriter
805 4285 924 4336 defendit
941 4286 1073 4350 interpres
1091 4281 1173 4347 huius
1192 4279 1297 4334 articuli

53 4365 76 4419 iu
93 4387 175 4437 germ.
194 4372 265 4424 Lex.
283 4371 397 4424 Forcell.
416 4371 543 4434 editione,
561 4371 604 4424 his
621 4373 665 4424 vel
681 4371 801 4422 manuue
818 4385 885 4422 usus
903 4367 1062 4432 rationibus,
1081 4367 1155 4436 quod
1173 4361 1299 4418 constan·

54 4459 88 4505 ter
104 4459 159 4510 tere
177 4459 206 4511 in
225 4461 347 4510 veterum
369 4455 552 4510 monumentis
577 4455 773 4522 codicibusque
796 4470 877 4508 mauu
902 4452 1021 4506 exaratis
1039 4453 1143 4518 legatur
1162 4460 1255 4504 auctor
1273 4457 1299 4504 et

56 4545 198 4602 auctoritas,
219 4556 275 4594 non
292 4549 378 4601 autor,
397 4541 532 4592 autoritas.
553 4539 640 4592 Muli.
