<?xml version="1.0" encoding="UTF-8"?>
<!DOCTYPE html PUBLIC "-//W3C//DTD XHTML 1.0 Transitional//EN"
    "http://www.w3.org/TR/xhtml1/DTD/xhtml1-transitional.dtd">
<html xmlns="http://www.w3.org/1999/xhtml" xml:lang="en" lang="en">
 <head>
  <title>
</title>
<meta http-equiv="Content-Type" content="text/html;charset=utf-8" />
  <meta name='ocr-system' content='tesseract 3.04.00' />
  <meta name='ocr-capabilities' content='ocr_page ocr_carea ocr_par ocr_line ocrx_word'/>
</head>
<body>
  <div class='ocr_page' id='page_1' title='image "./jogottliebheine00haubgoog_0507.png"; bbox 0 0 3030 5160; ppageno 0'>
   <div class='ocr_carea' id='block_1_1' title="bbox 197 396 1245 476">
    <p class='ocr_par' dir='ltr' id='par_1_1' title="bbox 197 396 1245 476">
     <span class='ocr_line' id='line_1_1' title="bbox 197 396 1245 476; baseline -0.011 0"><span class='ocrx_word' id='word_1_1' title='bbox 197 407 280 476; x_wconf 82' lang='grc' dir='ltr'><strong>Ι466</strong></span> <span class='ocrx_word' id='word_1_2' title='bbox 558 397 634 468; x_wconf 84' lang='lat' dir='ltr'><strong>Lm.</strong></span> <span class='ocrx_word' id='word_1_3' title='bbox 659 398 704 468; x_wconf 90' lang='lat' dir='ltr'><strong>ll.</strong></span> <span class='ocrx_word' id='word_1_4' title='bbox 727 398 809 476; x_wconf 50' lang='lat' dir='ltr'><strong>‘Tru</strong></span> <span class='ocrx_word' id='word_1_5' title='bbox 834 396 1112 474; x_wconf 39' lang='lat' dir='ltr'><strong>xxtllq-xxv.</strong></span> <span class='ocrx_word' id='word_1_6' title='bbox 1242 441 1245 448; x_wconf 84' lang='lat'><em>·</em></span> 
     </span>
    </p>
   </div>
   <div class='ocr_carea' id='block_1_2' title="bbox 149 567 1467 1091">
    <p class='ocr_par' dir='ltr' id='par_1_2' title="bbox 149 567 1467 1091">
     <span class='ocr_line' id='line_1_2' title="bbox 212 567 1466 671; baseline -0.01 -27"><span class='ocrx_word' id='word_1_7' title='bbox 212 568 382 662; x_wconf 79' lang='lat' dir='ltr'><strong>¹qru‘tutidus</strong></span> <span class='ocrx_word' id='word_1_8' title='bbox 410 578 553 658; x_wconf 78' lang='lat' dir='ltr'><strong>legr‘aset,</strong></span> <span class='ocrx_word' id='word_1_9' title='bbox 582 583 690 671; x_wconf 60' lang='lat' dir='ltr'><strong>ratam</strong></span> <span class='ocrx_word' id='word_1_10' title='bbox 712 591 907 657; x_wconf 80' lang='lat' dir='ltr'><strong>pensumque</strong></span> <span class='ocrx_word' id='word_1_11' title='bbox 937 574 1052 636; x_wconf 70' lang='lat' dir='ltr'><strong>tatem</strong></span> <span class='ocrx_word' id='word_1_12' title='bbox 1073 573 1208 634; x_wconf 70' lang='lat' dir='ltr'><strong>subdat:</strong></span> <span class='ocrx_word' id='word_1_13' title='bbox 1236 567 1342 636; x_wconf 85' lang='lat' dir='ltr'><strong>Gellii</strong></span> <span class='ocrx_word' id='word_1_14' title='bbox 1361 569 1466 632; x_wconf 76' lang='lat' dir='ltr'><strong>Nocte</strong></span> 
     </span>
     <span class='ocr_line' id='line_1_3' title="bbox 149 678 1466 767; baseline -0.006 -17"><span class='ocrx_word' id='word_1_15' title='bbox 149 697 153 704; x_wconf 86' lang='lat'>&#39;</span> <span class='ocrx_word' id='word_1_16' title='bbox 213 683 454 750; x_wconf 79' lang='lat' dir='ltr'><strong>Au.X111.12.</strong></span> <span class='ocrx_word' id='word_1_17' title='bbox 471 703 510 748; x_wconf 91' lang='lat' dir='ltr'><strong>ac</strong></span> <span class='ocrx_word' id='word_1_18' title='bbox 531 681 673 767; x_wconf 87' lang='lat' dir='ltr'><strong>proinde</strong></span> <span class='ocrx_word' id='word_1_19' title='bbox 687 701 808 764; x_wconf 86' lang='lat' dir='ltr'><strong>magna</strong></span> <span class='ocrx_word' id='word_1_20' title='bbox 820 680 908 766; x_wconf 91' lang='lat' dir='ltr'><strong>apud</strong></span> <span class='ocrx_word' id='word_1_21' title='bbox 930 701 1044 746; x_wconf 90' lang='lat' dir='ltr'><strong>omnes</strong></span> <span class='ocrx_word' id='word_1_22' title='bbox 1058 679 1272 761; x_wconf 84' lang='lat' dir='ltr'><strong>auctoritate,</strong></span> <span class='ocrx_word' id='word_1_23' title='bbox 1295 685 1385 742; x_wconf 89' lang='lat' dir='ltr'><strong>teste</strong></span> <span class='ocrx_word' id='word_1_24' title='bbox 1401 678 1466 742; x_wconf 87' lang='lat' dir='ltr'><strong>Ta-</strong></span> 
     </span>
     <span class='ocr_line' id='line_1_4' title="bbox 158 785 1466 871; baseline -0.006 -15"><span class='ocrx_word' id='word_1_25' title='bbox 158 848 160 856; x_wconf 69' lang='lat'><em>,</em></span> <span class='ocrx_word' id='word_1_26' title='bbox 214 794 281 858; x_wconf 89' lang='lat' dir='ltr'><strong>cito</strong></span> <span class='ocrx_word' id='word_1_27' title='bbox 304 793 422 854; x_wconf 73' lang='lat' dir='ltr'><strong>Annae</strong></span> <span class='ocrx_word' id='word_1_28' title='bbox 442 794 501 853; x_wconf 90' lang='lat' dir='ltr'><strong>III.</strong></span> <span class='ocrx_word' id='word_1_29' title='bbox 519 791 571 854; x_wconf 84' lang='grc'><strong>75.</strong></span> <span class='ocrx_word' id='word_1_30' title='bbox 597 792 690 870; x_wconf 87' lang='lat' dir='ltr'><strong>erat)</strong></span> <span class='ocrx_word' id='word_1_31' title='bbox 719 786 892 852; x_wconf 75' lang='lat' dir='ltr'>codicillos</span> <span class='ocrx_word' id='word_1_32' title='bbox 915 789 1065 854; x_wconf 78' lang='lat' dir='ltr'><strong>fecisset:</strong></span> <span class='ocrx_word' id='word_1_33' title='bbox 1083 788 1156 871; x_wconf 85' lang='lat' dir='ltr'><strong>jam</strong></span> <span class='ocrx_word' id='word_1_34' title='bbox 1176 787 1305 850; x_wconf 89' lang='lat' dir='ltr'><strong>nemini</strong></span> <span class='ocrx_word' id='word_1_35' title='bbox 1333 785 1466 850; x_wconf 85' lang='lat' dir='ltr'><strong>dubium</strong></span> 
     </span>
     <span class='ocr_line' id='line_1_5' title="bbox 213 894 1467 986; baseline -0.006 -22"><span class='ocrx_word' id='word_1_36' title='bbox 213 907 301 981; x_wconf 87' lang='lat' dir='ltr'><strong>erat,</strong></span> <span class='ocrx_word' id='word_1_37' title='bbox 320 898 398 985; x_wconf 90' lang='lat' dir='ltr'><strong>quin</strong></span> <span class='ocrx_word' id='word_1_38' title='bbox 414 899 491 984; x_wconf 88' lang='lat' dir='ltr'><strong>jure</strong></span> <span class='ocrx_word' id='word_1_39' title='bbox 515 898 643 984; x_wconf 90' lang='lat' dir='ltr'><strong>optimo</strong></span> <span class='ocrx_word' id='word_1_40' title='bbox 663 894 812 986; x_wconf 84' lang='lat' dir='ltr'><strong>codicilli</strong></span> <span class='ocrx_word' id='word_1_41' title='bbox 833 895 1096 963; x_wconf 81' lang='lat' dir='ltr'><strong>admitterentur.</strong></span> <span class='ocrx_word' id='word_1_42' title='bbox 1117 896 1171 960; x_wconf 86' lang='lat' dir='ltr'><strong>lta</strong></span> <span class='ocrx_word' id='word_1_43' title='bbox 1189 915 1260 958; x_wconf 89' lang='lat' dir='ltr'><strong>rem</strong></span> <span class='ocrx_word' id='word_1_44' title='bbox 1281 895 1392 958; x_wconf 80' lang='lat' dir='ltr'><strong>refert</strong></span> <span class='ocrx_word' id='word_1_45' title='bbox 1411 894 1467 958; x_wconf 87' lang='lat' dir='ltr'><strong>Ju-</strong></span> 
     </span>
     <span class='ocr_line' id='line_1_6' title="bbox 213 1007 752 1091; baseline -0.011 -17"><span class='ocrx_word' id='word_1_46' title='bbox 213 1009 373 1074; x_wconf 86' lang='lat' dir='ltr'><strong>stinianus</strong></span> <span class='ocrx_word' id='word_1_47' title='bbox 386 1007 458 1091; x_wconf 89' lang='lat' dir='ltr'><strong>ipse</strong></span> <span class='ocrx_word' id='word_1_48' title='bbox 470 1010 571 1088; x_wconf 69' lang='lat' dir='ltr'><strong>preire.</strong></span> <span class='ocrx_word' id='word_1_49' title='bbox 587 1007 667 1076; x_wconf 79' lang='lat' dir='ltr'><strong>Just.</strong></span> <span class='ocrx_word' id='word_1_50' title='bbox 682 1007 711 1068; x_wconf 80' lang='lat' dir='ltr'><strong>tr.</strong></span> <span class='ocrx_word' id='word_1_51' title='bbox 729 1015 752 1068; x_wconf 85' lang='lat' dir='ltr'><strong>t.</strong></span> 
     </span>
    </p>
   </div>
   <div class='ocr_carea' id='block_1_3' title="bbox 741 1165 891 1266">
    <p class='ocr_par' dir='ltr' id='par_1_3' title="bbox 741 1165 891 1266">
     <span class='ocr_line' id='line_1_7' title="bbox 741 1165 891 1266; baseline -0.02 -20"><span class='ocrx_word' id='word_1_52' title='bbox 741 1165 752 1239; x_wconf 76' lang='grc' dir='ltr'>ἶ</span> <span class='ocrx_word' id='word_1_53' title='bbox 790 1185 819 1266; x_wconf 75' lang='lat' dir='ltr'><strong>s.</strong></span> <span class='ocrx_word' id='word_1_54' title='bbox 839 1181 891 1245; x_wconf 83' lang='lat'><strong>13.</strong></span> 
     </span>
    </p>
   </div>
   <div class='ocr_carea' id='block_1_4' title="bbox 663 1273 1015 1354">
    <p class='ocr_par' dir='ltr' id='par_1_4' title="bbox 663 1273 1015 1354">
     <span class='ocr_line' id='line_1_8' title="bbox 663 1273 1015 1354; baseline -0.011 -1"><span class='ocrx_word' id='word_1_55' title='bbox 663 1299 808 1354; x_wconf 75' lang='lat' dir='ltr'><strong>Famulae</strong></span> <span class='ocrx_word' id='word_1_56' title='bbox 826 1273 1015 1351; x_wconf 46' lang='lat' dir='ltr'><strong>codicilloruml</strong></span> 
     </span>
    </p>
   </div>
   <div class='ocr_carea' id='block_1_5' title="bbox 211 1414 1464 2148">
    <p class='ocr_par' dir='ltr' id='par_1_5' title="bbox 211 1414 1464 2148">
     <span class='ocr_line' id='line_1_9' title="bbox 298 1414 1464 1503; baseline -0.009 -17"><span class='ocrx_word' id='word_1_57' title='bbox 298 1421 377 1486; x_wconf 88' lang='lat' dir='ltr'><strong>Non</strong></span> <span class='ocrx_word' id='word_1_58' title='bbox 399 1421 497 1485; x_wconf 89' lang='lat' dir='ltr'><strong>aliter</strong></span> <span class='ocrx_word' id='word_1_59' title='bbox 517 1439 597 1486; x_wconf 90' lang='lat' dir='ltr'><strong>vero</strong></span> <span class='ocrx_word' id='word_1_60' title='bbox 619 1417 751 1503; x_wconf 87' lang='lat' dir='ltr'>concipi</span> <span class='ocrx_word' id='word_1_61' title='bbox 772 1415 926 1482; x_wconf 89' lang='lat' dir='ltr'><strong>solebant</strong></span> <span class='ocrx_word' id='word_1_62' title='bbox 947 1414 1096 1480; x_wconf 84' lang='lat' dir='ltr'><strong>codicilli</strong></span> <span class='ocrx_word' id='word_1_63' title='bbox 1117 1437 1156 1480; x_wconf 87' lang='lat' dir='ltr'><strong>ac</strong></span> <span class='ocrx_word' id='word_1_64' title='bbox 1183 1414 1361 1499; x_wconf 88' lang='lat' dir='ltr'><strong>epistolae.</strong></span> <span class='ocrx_word' id='word_1_65' title='bbox 1382 1416 1464 1478; x_wconf 90' lang='lat' dir='ltr'><strong>Hinc</strong></span> 
     </span>
     <span class='ocr_line' id='line_1_10' title="bbox 214 1523 1462 1615; baseline -0.007 -20"><span class='ocrx_word' id='word_1_66' title='bbox 214 1528 489 1615; x_wconf 83' lang='lat' dir='ltr'><strong>praemittebatur</strong></span> <span class='ocrx_word' id='word_1_67' title='bbox 518 1526 687 1592; x_wconf 79' lang='lat' dir='ltr'><strong>sollemnis</strong></span> <span class='ocrx_word' id='word_1_68' title='bbox 715 1525 790 1603; x_wconf 89' lang='lat' dir='ltr'><strong>illa,</strong></span> <span class='ocrx_word' id='word_1_69' title='bbox 818 1546 883 1609; x_wconf 89' lang='lat' dir='ltr'><strong>qua</strong></span> <span class='ocrx_word' id='word_1_70' title='bbox 910 1523 1068 1610; x_wconf 83' lang='lat' dir='ltr'><strong>epistolas</strong></span> <span class='ocrx_word' id='word_1_71' title='bbox 1102 1523 1265 1608; x_wconf 86' lang='lat' dir='ltr'><strong>auspicari</strong></span> <span class='ocrx_word' id='word_1_72' title='bbox 1301 1523 1462 1604; x_wconf 86' lang='lat' dir='ltr'><strong>solebant,</strong></span> 
     </span>
     <span class='ocr_line' id='line_1_11' title="bbox 211 1631 1464 1716; baseline -0.01 -12"><span class='ocrx_word' id='word_1_73' title='bbox 211 1638 388 1714; x_wconf 73' lang='lat' dir='ltr'><strong>salutatio:</strong></span> <span class='ocrx_word' id='word_1_74' title='bbox 406 1631 443 1698; x_wconf 73' lang='lat' dir='ltr'><strong>L.</strong></span> <span class='ocrx_word' id='word_1_75' title='bbox 468 1636 566 1698; x_wconf 76' lang='lat' dir='ltr'><strong>ll‘trita</strong></span> <span class='ocrx_word' id='word_1_76' title='bbox 582 1636 746 1698; x_wconf 71' lang='lat' dir='ltr'><strong>heredibus</strong></span> <span class='ocrx_word' id='word_1_77' title='bbox 759 1637 872 1716; x_wconf 64' lang='lat' dir='ltr'><strong>pruinis</strong></span> <span class='ocrx_word' id='word_1_78' title='bbox 891 1640 922 1694; x_wconf 83' lang='lat' dir='ltr'><strong>et</strong></span> <span class='ocrx_word' id='word_1_79' title='bbox 941 1633 1117 1698; x_wconf 74' lang='lat' dir='ltr'><strong>substitutis</strong></span> <span class='ocrx_word' id='word_1_80' title='bbox 1135 1635 1288 1696; x_wconf 79' lang='lat' dir='ltr'><strong>sulutem:</strong></span> <span class='ocrx_word' id='word_1_81' title='bbox 1306 1632 1348 1694; x_wconf 72' lang='lat'><strong>1..</strong></span> <span class='ocrx_word' id='word_1_82' title='bbox 1364 1631 1414 1694; x_wconf 72' lang='grc'><strong>55</strong></span> <span class='ocrx_word' id='word_1_83' title='bbox 1428 1632 1464 1692; x_wconf 86' lang='lat' dir='ltr'><strong>D.</strong></span> 
     </span>
     <span class='ocr_line' id='line_1_12' title="bbox 215 1738 1462 1824; baseline -0.007 -16"><span class='ocrx_word' id='word_1_84' title='bbox 215 1748 254 1808; x_wconf 87' lang='lat' dir='ltr'><strong>de</strong></span> <span class='ocrx_word' id='word_1_85' title='bbox 269 1747 384 1808; x_wconf 82' lang='lat' dir='ltr'><strong>Fideic.</strong></span> <span class='ocrx_word' id='word_1_86' title='bbox 408 1745 505 1806; x_wconf 82' lang='lat' dir='ltr'><strong>libert.</strong></span> <span class='ocrx_word' id='word_1_87' title='bbox 521 1746 556 1804; x_wconf 86' lang='lat' dir='ltr'><strong>L.</strong></span> <span class='ocrx_word' id='word_1_88' title='bbox 569 1741 620 1806; x_wconf 82' lang='lat'><strong>37.</strong></span> <span class='ocrx_word' id='word_1_89' title='bbox 636 1743 665 1824; x_wconf 85' lang='lat'><strong>§.</strong></span> <span class='ocrx_word' id='word_1_90' title='bbox 680 1741 710 1806; x_wconf 81' lang='lat'><strong>2.</strong></span> <span class='ocrx_word' id='word_1_91' title='bbox 726 1749 761 1808; x_wconf 85' lang='lat' dir='ltr'><strong>et</strong></span> <span class='ocrx_word' id='word_1_92' title='bbox 775 1739 805 1804; x_wconf 89' lang='lat'><strong>3.</strong></span> <span class='ocrx_word' id='word_1_93' title='bbox 827 1742 868 1804; x_wconf 77' lang='lat'><strong>1).</strong></span> <span class='ocrx_word' id='word_1_94' title='bbox 883 1741 923 1802; x_wconf 86' lang='lat' dir='ltr'><strong>de</strong></span> <span class='ocrx_word' id='word_1_95' title='bbox 937 1740 1013 1824; x_wconf 80' lang='lat' dir='ltr'><strong>Lag.</strong></span> <span class='ocrx_word' id='word_1_96' title='bbox 1030 1741 1089 1803; x_wconf 83' lang='lat'><strong>111.</strong></span> <span class='ocrx_word' id='word_1_97' title='bbox 1103 1740 1142 1802; x_wconf 73' lang='lat' dir='ltr'><strong>J..</strong></span> <span class='ocrx_word' id='word_1_98' title='bbox 1156 1740 1207 1806; x_wconf 80' lang='lat'><strong>30.</strong></span> <span class='ocrx_word' id='word_1_99' title='bbox 1223 1741 1253 1821; x_wconf 83' lang='lat'><strong>§.</strong></span> <span class='ocrx_word' id='word_1_100' title='bbox 1268 1738 1300 1802; x_wconf 94' lang='lat' dir='ltr'><strong>l.</strong></span> <span class='ocrx_word' id='word_1_101' title='bbox 1315 1740 1355 1802; x_wconf 77' lang='lat' dir='ltr'><strong>da</strong></span> <span class='ocrx_word' id='word_1_102' title='bbox 1368 1741 1462 1801; x_wconf 77' lang='lat' dir='ltr'><strong>Adr&#39;ur.</strong></span> 
     </span>
     <span class='ocr_line' id='line_1_13' title="bbox 214 1835 1460 1933; baseline -0.004 -18"><span class='ocrx_word' id='word_1_103' title='bbox 214 1835 265 1915; x_wconf 84' lang='lat' dir='ltr'><strong>vel</strong></span> <span class='ocrx_word' id='word_1_104' title='bbox 279 1851 393 1929; x_wconf 83' lang='lat' dir='ltr'><strong>traaas.</strong></span> <span class='ocrx_word' id='word_1_105' title='bbox 408 1853 468 1933; x_wconf 84' lang='lat' dir='ltr'><strong>leg.</strong></span> <span class='ocrx_word' id='word_1_106' title='bbox 490 1851 565 1913; x_wconf 91' lang='lat' dir='ltr'><strong>Nec</strong></span> <span class='ocrx_word' id='word_1_107' title='bbox 578 1857 689 1913; x_wconf 88' lang='lat' dir='ltr'><strong>tamen</strong></span> <span class='ocrx_word' id='word_1_108' title='bbox 711 1869 842 1933; x_wconf 83' lang='lat' dir='ltr'><strong>semper</strong></span> <span class='ocrx_word' id='word_1_109' title='bbox 864 1846 906 1910; x_wconf 86' lang='lat' dir='ltr'><strong>ad</strong></span> <span class='ocrx_word' id='word_1_110' title='bbox 920 1847 1080 1931; x_wconf 86' lang='lat' dir='ltr'><strong>heredes,</strong></span> <span class='ocrx_word' id='word_1_111' title='bbox 1095 1847 1153 1912; x_wconf 81' lang='lat' dir='ltr'><strong>scd</strong></span> <span class='ocrx_word' id='word_1_112' title='bbox 1175 1854 1209 1910; x_wconf 88' lang='lat' dir='ltr'><strong>et</strong></span> <span class='ocrx_word' id='word_1_113' title='bbox 1224 1867 1460 1931; x_wconf 78' lang='lat' dir='ltr'><strong>nonnumquam</strong></span> 
     </span>
     <span class='ocr_line' id='line_1_14' title="bbox 217 1953 1459 2042; baseline -0.006 -20"><span class='ocrx_word' id='word_1_114' title='bbox 217 1959 260 2022; x_wconf 89' lang='lat' dir='ltr'><strong>ad</strong></span> <span class='ocrx_word' id='word_1_115' title='bbox 274 1959 362 2042; x_wconf 92' lang='lat' dir='ltr'><strong>ipsos</strong></span> <span class='ocrx_word' id='word_1_116' title='bbox 382 1956 700 2021; x_wconf 86' lang='lat' dir='ltr'><strong>fideicommissarios</strong></span> <span class='ocrx_word' id='word_1_117' title='bbox 715 1957 818 2019; x_wconf 89' lang='lat' dir='ltr'><strong>verba</strong></span> <span class='ocrx_word' id='word_1_118' title='bbox 834 1954 1070 2040; x_wconf 84' lang='lat' dir='ltr'><strong>dirigebantur.</strong></span> <span class='ocrx_word' id='word_1_119' title='bbox 1093 1955 1194 2040; x_wconf 82' lang='lat' dir='ltr'><strong>Cujus</strong></span> <span class='ocrx_word' id='word_1_120' title='bbox 1215 1955 1268 2018; x_wconf 89' lang='lat' dir='ltr'><strong>rei</strong></span> <span class='ocrx_word' id='word_1_121' title='bbox 1284 1953 1459 2039; x_wconf 85' lang='lat' dir='ltr'><strong>exemplum</strong></span> 
     </span>
     <span class='ocr_line' id='line_1_15' title="bbox 216 2063 1461 2148; baseline -0.003 -20"><span class='ocrx_word' id='word_1_122' title='bbox 216 2072 324 2129; x_wconf 84' lang='lat' dir='ltr'><strong>exstat</strong></span> <span class='ocrx_word' id='word_1_123' title='bbox 338 2067 375 2126; x_wconf 80' lang='lat' dir='ltr'><strong>L.</strong></span> <span class='ocrx_word' id='word_1_124' title='bbox 390 2063 442 2126; x_wconf 85' lang='lat'><strong>75.</strong></span> <span class='ocrx_word' id='word_1_125' title='bbox 452 2087 504 2146; x_wconf 86' lang='lat' dir='ltr'><strong>pr.</strong></span> <span class='ocrx_word' id='word_1_126' title='bbox 519 2066 561 2128; x_wconf 78' lang='lat'><strong>1).</strong></span> <span class='ocrx_word' id='word_1_127' title='bbox 583 2065 622 2126; x_wconf 86' lang='lat' dir='ltr'><strong>de</strong></span> <span class='ocrx_word' id='word_1_128' title='bbox 636 2064 714 2146; x_wconf 75' lang='lat' dir='ltr'><strong>bag.</strong></span> <span class='ocrx_word' id='word_1_129' title='bbox 728 2064 771 2124; x_wconf 85' lang='lat'><strong>11.</strong></span> <span class='ocrx_word' id='word_1_130' title='bbox 792 2063 944 2148; x_wconf 81' lang='lat' dir='ltr'><strong>Integras</strong></span> <span class='ocrx_word' id='word_1_131' title='bbox 967 2064 1123 2128; x_wconf 86' lang='lat' dir='ltr'><strong>formulas</strong></span> <span class='ocrx_word' id='word_1_132' title='bbox 1146 2063 1284 2127; x_wconf 89' lang='lat' dir='ltr'><strong>Latinas</strong></span> <span class='ocrx_word' id='word_1_133' title='bbox 1304 2084 1408 2148; x_wconf 86' lang='lat' dir='ltr'><strong>aeque</strong></span> <span class='ocrx_word' id='word_1_134' title='bbox 1428 2084 1461 2125; x_wconf 88' lang='lat' dir='ltr'><strong>ac</strong></span> 
     </span>
    </p>
   </div>
   <div class='ocr_carea' id='block_1_6' title="bbox 84 2170 1461 2256">
    <p class='ocr_par' dir='ltr' id='par_1_6' title="bbox 84 2170 1461 2256">
     <span class='ocr_line' id='line_1_16' title="bbox 84 2170 1461 2256; baseline -0.004 -19"><span class='ocrx_word' id='word_1_135' title='bbox 84 2213 87 2221; x_wconf 76' lang='lat'>=</span> <span class='ocrx_word' id='word_1_136' title='bbox 217 2173 362 2237; x_wconf 86' lang='lat' dir='ltr'><strong>Graecas</strong></span> <span class='ocrx_word' id='word_1_137' title='bbox 384 2191 505 2256; x_wconf 86' lang='lat' dir='ltr'><strong>magno</strong></span> <span class='ocrx_word' id='word_1_138' title='bbox 522 2171 631 2235; x_wconf 89' lang='lat' dir='ltr'><strong>studio</strong></span> <span class='ocrx_word' id='word_1_139' title='bbox 652 2171 863 2256; x_wconf 85' lang='lat' dir='ltr'><strong>collegerunt</strong></span> <span class='ocrx_word' id='word_1_140' title='bbox 880 2171 979 2236; x_wconf 85' lang='lat' dir='ltr'><strong>Barn.</strong></span> <span class='ocrx_word' id='word_1_141' title='bbox 993 2170 1139 2235; x_wconf 86' lang='lat' dir='ltr'><strong>Brisson.</strong></span> <span class='ocrx_word' id='word_1_142' title='bbox 1159 2173 1199 2234; x_wconf 86' lang='lat' dir='ltr'><strong>de</strong></span> <span class='ocrx_word' id='word_1_143' title='bbox 1213 2173 1321 2234; x_wconf 75' lang='lat' dir='ltr'><strong>nam.</strong></span> <span class='ocrx_word' id='word_1_144' title='bbox 1342 2171 1425 2234; x_wconf 78' lang='lat' dir='ltr'><strong>Vm.</strong></span> <span class='ocrx_word' id='word_1_145' title='bbox 1434 2193 1461 2252; x_wconf 86' lang='lat' dir='ltr'><strong>p.</strong></span> 
     </span>
    </p>
   </div>
   <div class='ocr_carea' id='block_1_7' title="bbox 214 2276 1248 2363">
    <p class='ocr_par' dir='ltr' id='par_1_7' title="bbox 214 2276 1248 2363">
     <span class='ocr_line' id='line_1_17' title="bbox 214 2276 1248 2363; baseline -0.002 -19"><span class='ocrx_word' id='word_1_146' title='bbox 214 2280 287 2344; x_wconf 84' lang='grc'><strong>686.</strong></span> <span class='ocrx_word' id='word_1_147' title='bbox 302 2301 347 2363; x_wconf 83' lang='lat' dir='ltr'><strong>sq.</strong></span> <span class='ocrx_word' id='word_1_148' title='bbox 365 2288 401 2342; x_wconf 86' lang='lat' dir='ltr'><strong>et</strong></span> <span class='ocrx_word' id='word_1_149' title='bbox 416 2278 527 2344; x_wconf 87' lang='lat' dir='ltr'><strong>Guido</strong></span> <span class='ocrx_word' id='word_1_150' title='bbox 543 2279 738 2344; x_wconf 85' lang='lat' dir='ltr'><strong>Pancirolus</strong></span> <span class='ocrx_word' id='word_1_151' title='bbox 757 2276 909 2342; x_wconf 75' lang='lat' dir='ltr'><strong>lbesaur.</strong></span> <span class='ocrx_word' id='word_1_152' title='bbox 929 2279 1022 2340; x_wconf 81' lang='lat' dir='ltr'><strong>Vorr.</strong></span> <span class='ocrx_word' id='word_1_153' title='bbox 1037 2280 1138 2341; x_wconf 76' lang='lat' dir='ltr'><strong>Lecti.</strong></span> <span class='ocrx_word' id='word_1_154' title='bbox 1156 2280 1182 2342; x_wconf 82' lang='lat'><strong>1.</strong></span> <span class='ocrx_word' id='word_1_155' title='bbox 1195 2277 1248 2342; x_wconf 75' lang='lat'><strong>29.</strong></span> 
     </span>
    </p>
   </div>
   <div class='ocr_carea' id='block_1_8' title="bbox 507 2469 1075 2656">
    <p class='ocr_par' dir='ltr' id='par_1_8' title="bbox 507 2469 1075 2656">
     <span class='ocr_line' id='line_1_18' title="bbox 815 2469 1036 2533; baseline 0 -1"><span class='ocrx_word' id='word_1_156' title='bbox 815 2515 823 2532; x_wconf 91' lang='lat'><strong>.</strong></span> <span class='ocrx_word' id='word_1_157' title='bbox 844 2469 910 2533; x_wconf 69' lang='grc'><strong>14.</strong></span> <span class='ocrx_word' id='word_1_158' title='bbox 1034 2524 1036 2532; x_wconf 80' lang='grc'>,</span> 
     </span>
     <span class='ocr_line' id='line_1_19' title="bbox 507 2469 1075 2656; baseline 0 -18"><span class='ocrx_word' id='word_1_159' title='bbox 507 2559 510 2566; x_wconf 36' lang='lat'>¹</span> <span class='ocrx_word' id='word_1_160' title='bbox 611 2551 734 2640; x_wconf 76' lang='lat' dir='ltr'><strong>Codicilli</strong></span> <span class='ocrx_word' id='word_1_161' title='bbox 747 2469 900 2640; x_wconf 63' lang='lat' dir='ltr'><strong>eadmero</strong></span> <span class='ocrx_word' id='word_1_162' title='bbox 917 2586 1075 2656; x_wconf 64' lang='lat' dir='ltr'><strong>coufirmat.</strong></span> 
     </span>
    </p>
   </div>
   <div class='ocr_carea' id='block_1_9' title="bbox 214 2679 1457 3650">
    <p class='ocr_par' dir='ltr' id='par_1_9' title="bbox 214 2679 1457 3650">
     <span class='ocr_line' id='line_1_20' title="bbox 300 2679 1453 2778; baseline -0.003 -8"><span class='ocrx_word' id='word_1_163' title='bbox 300 2701 492 2770; x_wconf 85' lang='lat' dir='ltr'><strong>Confirmati</strong></span> <span class='ocrx_word' id='word_1_164' title='bbox 507 2711 618 2765; x_wconf 89' lang='lat' dir='ltr'><strong>tamen</strong></span> <span class='ocrx_word' id='word_1_165' title='bbox 638 2701 784 2766; x_wconf 81' lang='lat' dir='ltr'><strong>codicilli</strong></span> <span class='ocrx_word' id='word_1_166' title='bbox 801 2720 873 2765; x_wconf 89' lang='lat' dir='ltr'><strong>esse</strong></span> <span class='ocrx_word' id='word_1_167' title='bbox 891 2698 1062 2767; x_wconf 84' lang='lat' dir='ltr'><strong>debebant</strong></span> <span class='ocrx_word' id='word_1_168' title='bbox 1077 2691 1287 2778; x_wconf 85' lang='lat' dir='ltr'><strong>testamento,</strong></span> <span class='ocrx_word' id='word_1_169' title='bbox 1303 2709 1343 2765; x_wconf 93' lang='lat' dir='ltr'><strong>ut</strong></span> <span class='ocrx_word' id='word_1_170' title='bbox 1358 2679 1453 2766; x_wconf 81' lang='lat' dir='ltr'><strong>heredi</strong></span> 
     </span>
     <span class='ocr_line' id='line_1_21' title="bbox 216 2799 1456 2897; baseline -0.004 -20"><span class='ocrx_word' id='word_1_171' title='bbox 216 2813 393 2877; x_wconf 82' lang='lat' dir='ltr'><strong>necessitas</strong></span> <span class='ocrx_word' id='word_1_172' title='bbox 414 2799 642 2895; x_wconf 84' lang='lat' dir='ltr'><strong>imponeretur</strong></span> <span class='ocrx_word' id='word_1_173' title='bbox 664 2809 869 2895; x_wconf 86' lang='lat' dir='ltr'><strong>praestandi,</strong></span> <span class='ocrx_word' id='word_1_174' title='bbox 892 2810 982 2897; x_wconf 92' lang='lat' dir='ltr'><strong>quod</strong></span> <span class='ocrx_word' id='word_1_175' title='bbox 1003 2819 1074 2874; x_wconf 87' lang='lat' dir='ltr'><strong>erat</strong></span> <span class='ocrx_word' id='word_1_176' title='bbox 1093 2819 1236 2894; x_wconf 87' lang='lat' dir='ltr'><strong>rogatus.</strong></span> <span class='ocrx_word' id='word_1_177' title='bbox 1258 2809 1354 2872; x_wconf 92' lang='lat' dir='ltr'><strong>Hinc</strong></span> <span class='ocrx_word' id='word_1_178' title='bbox 1374 2817 1456 2872; x_wconf 83' lang='lat' dir='ltr'><strong>testa-</strong></span> 
     </span>
     <span class='ocr_line' id='line_1_22' title="bbox 215 2917 1457 3000; baseline -0.005 -16"><span class='ocrx_word' id='word_1_179' title='bbox 215 2921 333 2984; x_wconf 87' lang='lat' dir='ltr'><strong>mentis</strong></span> <span class='ocrx_word' id='word_1_180' title='bbox 360 2917 460 2981; x_wconf 88' lang='lat' dir='ltr'><strong>inseri</strong></span> <span class='ocrx_word' id='word_1_181' title='bbox 484 2917 615 2983; x_wconf 87' lang='lat' dir='ltr'><strong>solebat</strong></span> <span class='ocrx_word' id='word_1_182' title='bbox 644 2918 802 2983; x_wconf 83' lang='lat' dir='ltr'><strong>formula:</strong></span> <span class='ocrx_word' id='word_1_183' title='bbox 831 2923 864 2982; x_wconf 77' lang='lat' dir='ltr'><strong>si</strong></span> <span class='ocrx_word' id='word_1_184' title='bbox 884 2939 962 3000; x_wconf 82' lang='lat' dir='ltr'><strong>quos</strong></span> <span class='ocrx_word' id='word_1_185' title='bbox 989 2919 1142 2982; x_wconf 77' lang='lat' dir='ltr'><strong>oodr‘orttos</strong></span> <span class='ocrx_word' id='word_1_186' title='bbox 1170 2921 1347 2998; x_wconf 76' lang='lat' dir='ltr'><strong>reliquero,</strong></span> <span class='ocrx_word' id='word_1_187' title='bbox 1370 2921 1457 2980; x_wconf 75' lang='lat' dir='ltr'><strong>vabre</strong></span> 
     </span>
     <span class='ocr_line' id='line_1_23' title="bbox 214 3024 1457 3110; baseline -0.003 -20"><span class='ocrx_word' id='word_1_188' title='bbox 214 3029 299 3090; x_wconf 75' lang='lat' dir='ltr'><strong>bolo.-</strong></span> <span class='ocrx_word' id='word_1_189' title='bbox 321 3031 356 3087; x_wconf 77' lang='lat' dir='ltr'><strong>L.</strong></span> <span class='ocrx_word' id='word_1_190' title='bbox 370 3025 420 3088; x_wconf 89' lang='grc'><strong>56.</strong></span> <span class='ocrx_word' id='word_1_191' title='bbox 432 3049 483 3110; x_wconf 88' lang='lat' dir='ltr'><strong>pr.</strong></span> <span class='ocrx_word' id='word_1_192' title='bbox 499 3027 540 3086; x_wconf 89' lang='lat' dir='ltr'><strong>D.</strong></span> <span class='ocrx_word' id='word_1_193' title='bbox 557 3027 596 3088; x_wconf 84' lang='lat' dir='ltr'><strong>de</strong></span> <span class='ocrx_word' id='word_1_194' title='bbox 610 3024 727 3090; x_wconf 66' lang='lat' dir='ltr'><strong>ardea</strong></span> <span class='ocrx_word' id='word_1_195' title='bbox 742 3029 842 3090; x_wconf 71' lang='lat' dir='ltr'><strong>libert.</strong></span> <span class='ocrx_word' id='word_1_196' title='bbox 863 3025 958 3090; x_wconf 82' lang='lat' dir='ltr'><strong>Alias</strong></span> <span class='ocrx_word' id='word_1_197' title='bbox 979 3025 1127 3089; x_wconf 87' lang='lat' dir='ltr'><strong>nltimam</strong></span> <span class='ocrx_word' id='word_1_198' title='bbox 1149 3024 1299 3088; x_wconf 84' lang='lat' dir='ltr'><strong>defuncti</strong></span> <span class='ocrx_word' id='word_1_199' title='bbox 1317 3025 1457 3090; x_wconf 88' lang='lat' dir='ltr'><strong>volunta·</strong></span> 
     </span>
     <span class='ocr_line' id='line_1_24' title="bbox 214 3131 1455 3218; baseline -0.002 -22"><span class='ocrx_word' id='word_1_200' title='bbox 214 3141 280 3197; x_wconf 88' lang='lat' dir='ltr'><strong>tem</strong></span> <span class='ocrx_word' id='word_1_201' title='bbox 303 3132 442 3218; x_wconf 85' lang='lat' dir='ltr'><strong>implere</strong></span> <span class='ocrx_word' id='word_1_202' title='bbox 462 3154 529 3196; x_wconf 92' lang='lat' dir='ltr'><strong>non</strong></span> <span class='ocrx_word' id='word_1_203' title='bbox 552 3134 699 3200; x_wconf 77' lang='lat' dir='ltr'><strong>debebat</strong></span> <span class='ocrx_word' id='word_1_204' title='bbox 717 3134 831 3216; x_wconf 88' lang='lat' dir='ltr'><strong>heres,</strong></span> <span class='ocrx_word' id='word_1_205' title='bbox 855 3134 918 3196; x_wconf 87' lang='lat' dir='ltr'><strong>nisi</strong></span> <span class='ocrx_word' id='word_1_206' title='bbox 936 3133 1024 3196; x_wconf 85' lang='lat' dir='ltr'><strong>ultro</strong></span> <span class='ocrx_word' id='word_1_207' title='bbox 1039 3133 1153 3197; x_wconf 81' lang='lat' dir='ltr'><strong>vellet.</strong></span> <span class='ocrx_word' id='word_1_208' title='bbox 1176 3131 1280 3209; x_wconf 84' lang='lat' dir='ltr'><strong>Quod</strong></span> <span class='ocrx_word' id='word_1_209' title='bbox 1302 3134 1410 3196; x_wconf 84' lang='lat' dir='ltr'><strong>facere</strong></span> <span class='ocrx_word' id='word_1_210' title='bbox 1427 3153 1455 3194; x_wconf 86' lang='lat' dir='ltr'><strong>se</strong></span> 
     </span>
     <span class='ocr_line' id='line_1_25' title="bbox 215 3239 1453 3327; baseline -0.006 -22"><span class='ocrx_word' id='word_1_211' title='bbox 215 3241 406 3324; x_wconf 87' lang='lat' dir='ltr'><strong>solere,·ait</strong></span> <span class='ocrx_word' id='word_1_212' title='bbox 419 3241 546 3306; x_wconf 91' lang='lat' dir='ltr'><strong>Plinius</strong></span> <span class='ocrx_word' id='word_1_213' title='bbox 563 3243 676 3324; x_wconf 83' lang='lat' dir='ltr'><strong>Epistt.</strong></span> <span class='ocrx_word' id='word_1_214' title='bbox 692 3245 734 3304; x_wconf 92' lang='grc' dir='ltr'><strong>ΙΙ.</strong></span> <span class='ocrx_word' id='word_1_215' title='bbox 749 3242 799 3304; x_wconf 92' lang='grc'><strong>16.</strong></span> <span class='ocrx_word' id='word_1_216' title='bbox 822 3241 889 3305; x_wconf 87' lang='lat' dir='ltr'><strong>Sed</strong></span> <span class='ocrx_word' id='word_1_217' title='bbox 904 3251 1022 3326; x_wconf 85' lang='lat' dir='ltr'><strong>postea</strong></span> <span class='ocrx_word' id='word_1_218' title='bbox 1041 3260 1101 3327; x_wconf 85' lang='lat' dir='ltr'><strong>per</strong></span> <span class='ocrx_word' id='word_1_219' title='bbox 1117 3240 1232 3305; x_wconf 88' lang='lat' dir='ltr'><strong>Severi</strong></span> <span class='ocrx_word' id='word_1_220' title='bbox 1256 3249 1293 3305; x_wconf 91' lang='lat' dir='ltr'><strong>et</strong></span> <span class='ocrx_word' id='word_1_221' title='bbox 1309 3239 1453 3304; x_wconf 85' lang='lat' dir='ltr'><strong>Antonini</strong></span> 
     </span>
     <span class='ocr_line' id='line_1_26' title="bbox 219 3349 1455 3427; baseline -0.003 -14"><span class='ocrx_word' id='word_1_222' title='bbox 219 3349 489 3414; x_wconf 87' lang='lat' dir='ltr'><strong>constitutionem</strong></span> <span class='ocrx_word' id='word_1_223' title='bbox 515 3351 575 3414; x_wconf 86' lang='lat' dir='ltr'><strong>illa</strong></span> <span class='ocrx_word' id='word_1_224' title='bbox 603 3349 774 3413; x_wconf 89' lang='lat' dir='ltr'><strong>codicillos</strong></span> <span class='ocrx_word' id='word_1_225' title='bbox 802 3349 1016 3414; x_wconf 86' lang='lat' dir='ltr'><strong>confirmandi</strong></span> <span class='ocrx_word' id='word_1_226' title='bbox 1042 3350 1220 3414; x_wconf 85' lang='lat' dir='ltr'><strong>necessitas</strong></span> <span class='ocrx_word' id='word_1_227' title='bbox 1245 3349 1380 3413; x_wconf 86' lang='lat' dir='ltr'><strong>remissa</strong></span> <span class='ocrx_word' id='word_1_228' title='bbox 1402 3356 1455 3427; x_wconf 88' lang='lat' dir='ltr'><strong>est,</strong></span> 
     </span>
     <span class='ocr_line' id='line_1_27' title="bbox 214 3456 1456 3543; baseline -0.001 -23"><span class='ocrx_word' id='word_1_229' title='bbox 214 3458 313 3520; x_wconf 92' lang='lat' dir='ltr'><strong>modo</strong></span> <span class='ocrx_word' id='word_1_230' title='bbox 330 3457 521 3542; x_wconf 84' lang='lat' dir='ltr'><strong>adpareret,</strong></span> <span class='ocrx_word' id='word_1_231' title='bbox 539 3466 731 3522; x_wconf 82' lang='lat' dir='ltr'><strong>testatorem</strong></span> <span class='ocrx_word' id='word_1_232' title='bbox 746 3481 766 3522; x_wconf 87' lang='lat' dir='ltr'><strong>a</strong></span> <span class='ocrx_word' id='word_1_233' title='bbox 779 3458 968 3541; x_wconf 86' lang='lat' dir='ltr'><strong>voluntate,</strong></span> <span class='ocrx_word' id='word_1_234' title='bbox 985 3467 1081 3543; x_wconf 84' lang='lat' dir='ltr'><strong>quam</strong></span> <span class='ocrx_word' id='word_1_235' title='bbox 1096 3459 1132 3521; x_wconf 91' lang='lat' dir='ltr'><strong>in</strong></span> <span class='ocrx_word' id='word_1_236' title='bbox 1147 3456 1316 3522; x_wconf 88' lang='lat' dir='ltr'><strong>codicillis</strong></span> <span class='ocrx_word' id='word_1_237' title='bbox 1334 3475 1456 3542; x_wconf 83' lang='lat' dir='ltr'><strong>expres·</strong></span> 
     </span>
     <span class='ocr_line' id='line_1_28' title="bbox 216 3565 1258 3650; baseline 0.001 -22"><span class='ocrx_word' id='word_1_238' title='bbox 216 3571 320 3648; x_wconf 85' lang='lat' dir='ltr'><strong>serat,</strong></span> <span class='ocrx_word' id='word_1_239' title='bbox 340 3584 407 3628; x_wconf 92' lang='lat' dir='ltr'><strong>non</strong></span> <span class='ocrx_word' id='word_1_240' title='bbox 422 3567 611 3630; x_wconf 84' lang='lat' dir='ltr'><strong>recessisse:</strong></span> <span class='ocrx_word' id='word_1_241' title='bbox 626 3565 706 3633; x_wconf 86' lang='lat' dir='ltr'><strong>Ant.</strong></span> <span class='ocrx_word' id='word_1_242' title='bbox 721 3565 833 3630; x_wconf 88' lang='lat' dir='ltr'><strong>Faber</strong></span> <span class='ocrx_word' id='word_1_243' title='bbox 850 3567 984 3650; x_wconf 75' lang='lat' dir='ltr'><strong>Omrjaot.</strong></span> <span class='ocrx_word' id='word_1_244' title='bbox 1000 3567 1073 3628; x_wconf 66' lang='grc' dir='ltr'><strong>ΧΥ.</strong></span> <span class='ocrx_word' id='word_1_245' title='bbox 1087 3565 1137 3629; x_wconf 88' lang='grc'><strong>16.</strong></span> <span class='ocrx_word' id='word_1_246' title='bbox 1152 3569 1195 3646; x_wconf 78' lang='lat'><strong>¹).</strong></span> <span class='ocrx_word' id='word_1_247' title='bbox 1255 3617 1258 3622; x_wconf 95' lang='lat'><strong>.</strong></span> 
     </span>
    </p>
   </div>
   <div class='ocr_carea' id='block_1_10' title="bbox 216 3751 1458 4173">
    <p class='ocr_par' dir='ltr' id='par_1_10' title="bbox 216 3751 1458 4173">
     <span class='ocr_line' id='line_1_29' title="bbox 811 3751 891 3814; baseline 0.013 -1"><span class='ocrx_word' id='word_1_248' title='bbox 811 3797 819 3813; x_wconf 92' lang='lat'><strong>.</strong></span> <span class='ocrx_word' id='word_1_249' title='bbox 840 3751 891 3814; x_wconf 91' lang='grc'><strong>15.</strong></span> 
     </span>
     <span class='ocr_line' id='line_1_30' title="bbox 508 3751 1295 3936; baseline 0.001 -16"><span class='ocrx_word' id='word_1_250' title='bbox 508 3864 731 3920; x_wconf 78' lang='lat' dir='ltr'><strong>Sollenmitutidur</strong></span> <span class='ocrx_word' id='word_1_251' title='bbox 748 3751 866 3936; x_wconf 59' lang='lat' dir='ltr'><strong>«agapus</strong></span> <span class='ocrx_word' id='word_1_252' title='bbox 875 3868 969 3935; x_wconf 81' lang='lat' dir='ltr'><strong>suerit</strong></span> <span class='ocrx_word' id='word_1_253' title='bbox 985 3817 1014 3920; x_wconf 76' lang='lat' dir='ltr'><strong>iu</strong></span> <span class='ocrx_word' id='word_1_254' title='bbox 1031 3867 1174 3921; x_wconf 65' lang='lat' dir='ltr'><strong>codaillist</strong></span> <span class='ocrx_word' id='word_1_255' title='bbox 1288 3896 1295 3911; x_wconf 63' lang='lat' dir='ltr'><em>a</em></span> 
     </span>
     <span class='ocr_line' id='line_1_31' title="bbox 296 3975 1458 4067; baseline -0.002 -23"><span class='ocrx_word' id='word_1_256' title='bbox 296 3980 349 4044; x_wconf 86' lang='lat' dir='ltr'><strong>Ex</strong></span> <span class='ocrx_word' id='word_1_257' title='bbox 373 3980 423 4044; x_wconf 92' lang='lat' dir='ltr'><strong>his</strong></span> <span class='ocrx_word' id='word_1_258' title='bbox 445 3999 525 4067; x_wconf 85' lang='lat' dir='ltr'><strong>ergo</strong></span> <span class='ocrx_word' id='word_1_259' title='bbox 545 3975 648 4046; x_wconf 73' lang='lat' dir='ltr'><strong>&#39;facile</strong></span> <span class='ocrx_word' id='word_1_260' title='bbox 671 3980 831 4067; x_wconf 83' lang='lat' dir='ltr'><strong>adparet,</strong></span> <span class='ocrx_word' id='word_1_261' title='bbox 847 3981 881 4047; x_wconf 91' lang='lat' dir='ltr'><strong>in</strong></span> <span class='ocrx_word' id='word_1_262' title='bbox 898 3984 1060 4048; x_wconf 88' lang='lat' dir='ltr'><strong>codicillis</strong></span> <span class='ocrx_word' id='word_1_263' title='bbox 1085 4005 1153 4048; x_wconf 91' lang='lat' dir='ltr'><strong>non</strong></span> <span class='ocrx_word' id='word_1_264' title='bbox 1174 3982 1297 4067; x_wconf 79' lang='lat' dir='ltr'><strong>magis,</strong></span> <span class='ocrx_word' id='word_1_265' title='bbox 1313 4003 1410 4067; x_wconf 88' lang='lat' dir='ltr'><strong>quam</strong></span> <span class='ocrx_word' id='word_1_266' title='bbox 1431 3981 1458 4042; x_wconf 90' lang='lat' dir='ltr'><strong>iu</strong></span> 
     </span>
     <span class='ocr_line' id='line_1_32' title="bbox 216 4087 1458 4173; baseline 0 -24"><span class='ocrx_word' id='word_1_267' title='bbox 216 4087 374 4173; x_wconf 90' lang='lat' dir='ltr'><strong>epistolis,</strong></span> <span class='ocrx_word' id='word_1_268' title='bbox 391 4088 609 4154; x_wconf 87' lang='lat' dir='ltr'><strong>desideratam</strong></span> <span class='ocrx_word' id='word_1_269' title='bbox 626 4110 697 4154; x_wconf 88' lang='lat' dir='ltr'><strong>esse</strong></span> <span class='ocrx_word' id='word_1_270' title='bbox 713 4091 813 4154; x_wconf 89' lang='lat' dir='ltr'><strong>ullam</strong></span> <span class='ocrx_word' id='word_1_271' title='bbox 829 4091 1100 4156; x_wconf 85' lang='lat' dir='ltr'><strong>sollemnitatem:</strong></span> <span class='ocrx_word' id='word_1_272' title='bbox 1116 4092 1144 4173; x_wconf 85' lang='lat'><strong>§.</strong></span> <span class='ocrx_word' id='word_1_273' title='bbox 1158 4089 1188 4154; x_wconf 88' lang='lat'><strong>3.</strong></span> <span class='ocrx_word' id='word_1_274' title='bbox 1204 4093 1282 4154; x_wconf 83' lang='lat' dir='ltr'><strong>laet.</strong></span> <span class='ocrx_word' id='word_1_275' title='bbox 1298 4093 1329 4152; x_wconf 84' lang='grc' dir='ltr'><strong>Ιι.</strong></span> <span class='ocrx_word' id='word_1_276' title='bbox 1345 4101 1368 4152; x_wconf 84' lang='lat' dir='ltr'><strong>t.</strong></span> <span class='ocrx_word' id='word_1_277' title='bbox 1389 4089 1458 4151; x_wconf 90' lang='lat' dir='ltr'><strong>Non</strong></span> 
     </span>
    </p>
   </div>
   <div class='ocr_carea' id='block_1_11' title="bbox 216 4195 1459 4392">
    <p class='ocr_par' dir='ltr' id='par_1_11' title="bbox 216 4195 1459 4392">
     <span class='ocr_line' id='line_1_33' title="bbox 216 4195 1459 4282; baseline -0.002 -23"><span class='ocrx_word' id='word_1_278' title='bbox 216 4217 298 4279; x_wconf 86' lang='lat' dir='ltr'><strong>ergo</strong></span> <span class='ocrx_word' id='word_1_279' title='bbox 325 4199 462 4263; x_wconf 88' lang='lat' dir='ltr'><strong>testibus</strong></span> <span class='ocrx_word' id='word_1_280' title='bbox 489 4220 570 4282; x_wconf 92' lang='lat' dir='ltr'><strong>opus</strong></span> <span class='ocrx_word' id='word_1_281' title='bbox 595 4206 666 4264; x_wconf 87' lang='lat' dir='ltr'><strong>erat</strong></span> <span class='ocrx_word' id='word_1_282' title='bbox 690 4199 724 4262; x_wconf 91' lang='lat' dir='ltr'><strong>in</strong></span> <span class='ocrx_word' id='word_1_283' title='bbox 740 4199 914 4270; x_wconf 17' lang='lat' dir='ltr'><strong>,codicillis</strong></span> <span class='ocrx_word' id='word_1_284' title='bbox 937 4208 1137 4264; x_wconf 89' lang='lat' dir='ltr'><strong>testamento</strong></span> <span class='ocrx_word' id='word_1_285' title='bbox 1164 4199 1384 4279; x_wconf 85' lang='lat' dir='ltr'><strong>confirmatis,</strong></span> <span class='ocrx_word' id='word_1_286' title='bbox 1410 4195 1459 4281; x_wconf 93' lang='lat' dir='ltr'><strong>qui</strong></span> 
     </span>
     <span class='ocr_line' id='line_1_34' title="bbox 216 4305 1459 4392; baseline 0 -26"><span class='ocrx_word' id='word_1_287' title='bbox 216 4323 344 4368; x_wconf 88' lang='lat' dir='ltr'><strong>omnem</strong></span> <span class='ocrx_word' id='word_1_288' title='bbox 360 4305 515 4370; x_wconf 87' lang='lat' dir='ltr'><strong>virtutem</strong></span> <span class='ocrx_word' id='word_1_289' title='bbox 539 4315 639 4392; x_wconf 88' lang='lat' dir='ltr'><strong>atque</strong></span> <span class='ocrx_word' id='word_1_290' title='bbox 662 4307 840 4372; x_wconf 86' lang='lat' dir='ltr'><strong>efficaciam</strong></span> <span class='ocrx_word' id='word_1_291' title='bbox 862 4328 949 4372; x_wconf 90' lang='lat' dir='ltr'><strong>suam</strong></span> <span class='ocrx_word' id='word_1_292' title='bbox 970 4331 990 4372; x_wconf 85' lang='lat' dir='ltr'><strong>a</strong></span> <span class='ocrx_word' id='word_1_293' title='bbox 1010 4313 1207 4372; x_wconf 87' lang='lat' dir='ltr'><strong>testamento</strong></span> <span class='ocrx_word' id='word_1_294' title='bbox 1223 4306 1459 4384; x_wconf 86' lang='lat' dir='ltr'><strong>mutuabantur,</strong></span> 
     </span>
    </p>
   </div>
   <div class='ocr_carea' id='block_1_12' title="bbox 284 4569 1296 4647">
    <p class='ocr_par' dir='ltr' id='par_1_12' title="bbox 284 4569 1296 4647">
     <span class='ocr_line' id='line_1_35' title="bbox 284 4569 1296 4647; baseline 0.001 -18"><span class='ocrx_word' id='word_1_295' title='bbox 284 4579 312 4644; x_wconf 90' lang='lat' dir='ltr'><strong>r)</strong></span> <span class='ocrx_word' id='word_1_296' title='bbox 332 4578 402 4632; x_wconf 85' lang='lat' dir='ltr'><strong>Add.</strong></span> <span class='ocrx_word' id='word_1_297' title='bbox 421 4579 553 4633; x_wconf 84' lang='lat' dir='ltr'><strong>Schrader</strong></span> <span class='ocrx_word' id='word_1_298' title='bbox 571 4578 606 4631; x_wconf 80' lang='lat' dir='ltr'><strong>ad</strong></span> <span class='ocrx_word' id='word_1_299' title='bbox 619 4598 665 4647; x_wconf 84' lang='lat' dir='ltr'><strong>pr.</strong></span> <span class='ocrx_word' id='word_1_300' title='bbox 684 4581 708 4632; x_wconf 94' lang='lat' dir='ltr'><strong>I.</strong></span> <span class='ocrx_word' id='word_1_301' title='bbox 727 4581 758 4632; x_wconf 83' lang='lat' dir='ltr'><strong>de</strong></span> <span class='ocrx_word' id='word_1_302' title='bbox 778 4580 859 4632; x_wconf 84' lang='lat' dir='ltr'><strong>codic.</strong></span> <span class='ocrx_word' id='word_1_303' title='bbox 875 4595 901 4630; x_wconf 80' lang='lat' dir='ltr'><strong>v.</strong></span> <span class='ocrx_word' id='word_1_304' title='bbox 920 4582 1080 4632; x_wconf 78' lang='lat' dir='ltr'><strong>testamento.</strong></span> <span class='ocrx_word' id='word_1_305' title='bbox 1099 4579 1183 4637; x_wconf 70' lang='lat' dir='ltr'><strong>Moti.</strong></span> <span class='ocrx_word' id='word_1_306' title='bbox 1291 4569 1296 4574; x_wconf 39' lang='lat'>⁵</span> 
     </span>
    </p>
   </div>
   <div class='ocr_carea' id='block_1_13' title="bbox 0 0 1520 5160">
    <p class='ocr_par' dir='ltr' id='par_1_13' title="bbox 0 0 1520 5160">
     <span class='ocr_line' id='line_1_36' title="bbox 0 0 1520 5160; baseline 0 0"><span class='ocrx_word' id='word_1_307' title='bbox 0 0 1520 5160; x_wconf 95' lang='lat' dir='ltr'><strong> </strong></span> 
     </span>
    </p>
   </div>
  </div>
 </body>
</html>
