3030 5160
212 381 284 448 sir
445 377 522 443 hu.
547 375 608 441 ιιι
632 374 714 440 ιη.
737 375 955 442 xvi-xx.
981 375 1235 462 (xv-xix)

213 551 432 636 responderet
446 549 655 614 charmides:

408 675 560 756 Spondeo,
581 682 612 734 et
629 675 714 734 nave
727 677 803 734 omi
816 673 1000 754 Phiipprm
1014 673 1105 734 dotis.

213 798 339 861 inutilis
360 805 432 860 erat
458 795 640 880 stipulatio.
666 795 712 857 Et
726 795 814 874 binc,
839 816 937 878 quum
962 793 1109 879 denique
1131 793 1221 857 inter
1242 817 1301 858 eos
1321 797 1361 860 de
1373 798 1441 861 dote

212 925 345 990 quoque
362 903 580 982 convenisset,
595 901 811 984 repetebatur
824 901 1010 984 stipulatio:
1023 923 1051 962 o.
1066 901 1118 962 39.
1134 923 1179 983 sq.

315 1028 376 1087 Lu.
397 1027 483 1088 Istoc
497 1027 677 1106 legefiliom
699 1033 788 1086 tuom
803 1025 975 1085 oronnamJ
998 1028 1043 1084 mr'
1060 1045 1190 1085 uxoren:
1205 1024 1301 1084 dori?

319 1133 380 1192 Cu.
404 1131 572 1192 Srouoro.

794 1304 824 1383 9
845 1305 876 1364 5.

370 1425 522 1495 Stridet-²
540 1434 628 1478 tm
644 1427 780 1493 m
797 1426 1001 1494 ινῑῡωιν.
1026 1427 1167 1480 mm
1182 1443 1312 1494 evm

294 1544 380 1607 Satis
395 1551 504 1606 tamen
514 1551 605 1606 recta
620 1541 796 1605 ridebatur
806 1541 987 1624 stipulatio,
1002 1543 1029 1604 si
1041 1542 1233 1606 alteralteri
1242 1541 1443 1627 interroganti

211 1652 435 1736 respondisset
448 1650 622 1731 qmunrrn.
636 1649 666 1710 1.
675 1650 704 1730 5.
719 1649 802 1711 211.
813 1651 852 1710 de
863 1651 953 1711 Verd.
962 1651 1050 1730 odiig.
1065 1649 1139 1713 Nec
1149 1651 1331 1730 referebat,
1342 1651 1445 1714 Latine

211 1761 294 1844 quis,
310 1781 351 1821 an
368 1758 497 1842 Graece
513 1756 687 1839 stipulatus
703 1765 800 1835 esset,
822 1757 902 1818 item
922 1757 1084 1819 eademne
1101 1765 1240 1842 uterque
1256 1757 1369 1840 lingua
1383 1779 1445 1820 usus

213 1875 309 1946 esset,
321 1885 383 1926 nec
399 1887 458 1927 ue:
480 1866 510 1946 5.
524 1866 553 1925 l.
574 1866 651 1924 Inst.
666 1865 704 1926 de
720 1865 809 1924 Verb.
822 1866 910 1944 odh'g.
924 1865 970 1942 ΙΙ).
993 1863 1154 1928 Sufficere
1171 1867 1259 1927 enim
1275 1865 1444 1945 videbatur,

211 1973 310 2036 modo
327 1991 388 2056 per
402 1971 600 2055 interpretes
613 1991 648 2031 se
663 1969 804 2061 invicem
819 1970 1066 2054 intelligerent:
1083 1974 1118 2034 la
1133 1974 1164 2035 1.
1170 1979 1233 2055 fin.
1255 1975 1297 2033 D.
1313 1975 1351 2034 de
1370 1974 1443 2034 Veri.

211 2081 300 2160 odlr'g.
316 2079 411 2156 Quae
423 2096 522 2162 quum
538 2078 585 2140 ita
600 2077 675 2158 sint,
691 2099 733 2138 ue
748 2078 836 2140 forte
852 2080 1084 2142 contrahentes
1099 2080 1133 2140 in
1148 2075 1291 2143 formula
1303 2085 1443 2156 errarent,

210 2208 311 2271 saepe
333 2185 564 2270 stipulationes
586 2184 811 2248 iureconsulti
831 2185 1091 2268 componebant,
1113 2194 1149 2249 ut
1171 2187 1270 2248 variis
1291 2185 1443 2250 Ciceronis

211 2295 407 2358 testimoniis
422 2293 625 2355 demonstrat
640 2291 825 2355 Brissonius
836 2294 876 2353 de
885 2295 1025 2353 Formul.
1040 2295 1134 2355 Libro
1153 2294 1206 2354 VI.
1214 2316 1250 2375 p.
1263 2293 1335 2354 490.

797 2472 872 2553 §.a

505 2590 567 2641 Non
583 2605 645 2640 vero
662 2596 741 2639 rrum
758 2595 783 2638 et
800 2590 939 2655 responsio
952 2589 1047 2642 litterar
1060 2590 1168 2658 tempto·

293 2704 473 2791 Stipulatio
493 2725 573 2767 vero
597 2704 697 2767 tiebat
717 2703 839 2786 verbis,
861 2727 920 2769 ore
941 2705 1087 2789 prolatis.
1116 2705 1207 2768 Hinc
1231 2705 1443 2790 interrogante
1513 2769 1514 2786 ,

210 2817 327 2897 altero,
342 2814 449 2877 altero
464 2821 591 2876 tantum
607 2811 784 2893 adnuente,
799 2812 891 2876 nulla
905 2822 1069 2897 concepta
1083 2811 1260 2875 videbatur
1275 2813 1443 2898 stipulatio:
1513 2797 1514 2802 ἵ

209 2925 247 2986 L.
262 2923 291 2986 1.
306 2924 335 3003 §.
347 2921 377 2983 2.
392 2922 433 2982 D.
444 2922 473 2982 t.
485 2928 506 2981 t.
518 2919 637 3003 Neque
648 2920 747 2982 etiam
763 2919 912 3003 stipulari
927 2928 1084 3003 poterant
1098 2920 1188 2983 surdi
1197 2929 1232 2984 et
1246 2922 1340 3002 muti,
1348 2942 1443 3006 neque

210 3029 422 3114 promittere:
442 3027 510 3109 §.2
524 3029 600 3089 last.
616 3028 655 3089 de
667 3030 750 3090 Iaut.
762 3030 901 3108 stipulat.
917 3028 990 3091 Nec
1005 3025 1210 3090 sufficiebant
1223 3027 1360 3092 litterae
1370 3030 1444 3092 inter

208 3136 377 3198 absentes:
399 3133 491 3215 §.li
507 3136 584 3196 Inst.
603 3136 668 3197 eod.
697 3135 733 3197 Si
754 3143 863 3197 tamen
886 3135 919 3196 in
943 3131 1160 3198 instrumento
1184 3143 1270 3198 esset
1291 3137 1443 3220 scriptum,

208 3243 393 3330 promisisse
408 3241 572 3331 aliquem,
589 3240 698 3334 omnia
719 3246 1010 3324 praesumebantur
1032 3241 1238 3305 sollemniter
1253 3251 1344 3306 acta:
1367 3245 1394 3324 §.
1403 3243 1444 3304 17.

210 3353 285 3412 lmt.
300 3351 368 3412 eod.
384 3349 480 3412 Pauli
497 3349 650 3411 sentence.
663 3351 801 3430 Recepti.
819 3351 855 3412 V.
868 3350 898 3412 7.
914 3351 943 3412 2.
959 3349 1101 3416 Fallitur
1118 3371 1199 3434 ergo
1211 3348 1262 3413 cl.
1279 3348 1442 3413 Salmasius

208 3459 247 3518 de
260 3478 349 3520 usur.
367 3479 392 3517 o.
410 3455 440 3518 6.
464 3457 662 3534 existimans,
678 3455 791 3541 siquis
808 3456 841 3520 in
858 3457 1078 3542 chirographo
1096 3464 1183 3520 esset
1198 3457 1313 3539 fassus,
1331 3481 1366 3520 se
1377 3479 1442 3542 pro-
1511 3455 1512 3475 ¹

208 3564 341 3646 misisse,
354 3562 386 3625 id
403 3564 541 3647 perinde
552 3564 702 3644 valuisse,
716 3586 754 3628 ac
768 3564 794 3625 si
806 3564 1068 3648 interrogatione
1078 3565 1303 3648 praecedente
1319 3587 1441 3652 respon·

207 3693 275 3734 sum
292 3671 416 3753 fuisset,
436 3672 537 3756 idque
558 3692 730 3756 perperam
754 3669 882 3756 colligit
905 3695 947 3734 ex
974 3672 1010 3734 L.
1024 3672 1074 3734 41.
1091 3674 1120 3755 §-
1136 3671 1166 3734 2.
1182 3675 1224 3734 1).
1237 3673 1277 3734 de
1299 3673 1390 3736 Usar.
1409 3673 1439 3736 ln

207 3779 425 3863 chirographo
439 3780 525 3841 enim
534 3778 606 3861 illo,
615 3779 676 3842 bac
688 3779 766 3864 lege
779 3789 971 3859 memorato,
984 3779 1109 3843 etiamsi
1126 3778 1350 3862 stipulationis
1364 3779 1440 3842 nulla

207 3887 444 3967 tieretmentio,
454 3886 599 3972 intelligi
610 3896 719 3951 tamen
736 3887 848 3968 debet,
864 3909 935 3949 eam
948 3887 1181 3967 intercessisse,
1191 3895 1227 3949 ut
1237 3898 1329 3952 recte
1340 3889 1439 3952 obser-

207 4004 262 4059 vat
282 3981 359 4058 Ger.
375 3995 490 4058 Noodt
512 3997 551 4056 de
560 3996 649 4072 soen.
664 4005 696 4057 et
716 4017 803 4058 usur.
822 3997 881 4058 ΠΙ.
895 3995 925 4057 2.
954 3995 1047 4058 Idem
1070 3995 1169 4057 etiam
1186 3996 1390 4060 sentiendum
1405 3995 1438 4058 de
1509 4065 1510 4085 χ

205 4103 243 4166 J..
259 4104 320 4177 Eu,
337 4125 418 4184 quoe
434 4103 484 4164 57.
507 4104 547 4165 D.
557 4104 595 4164 de
606 4104 723 4166 Donat.
739 4108 829 4164 sister.
842 4107 898 4165 ori.
914 4112 944 4165 et
955 4125 1009 4166 ur.
1025 4105 1063 4166 L.
1074 4101 1146 4165 134.
1165 4103 1205 4164 1).
1215 4105 1254 4164 de
1267 4103 1303 4164 V.
1320 4105 1355 4164 0.

273 4371 306 4436 d)
327 4361 431 4424 Caeter.
448 4371 502 4425 vid.
521 4371 581 4438 Gaj.
593 4373 643 4424 ΙΙΙ.
664 4372 684 4439 t.
697 4375 739 4425 93.
757 4373 785 4426 in
805 4374 825 4425 t.
844 4374 899 4437 „At
915 4371 961 4425 ille
979 4371 1123 4425 verborum
1142 4371 1286 4441 obligatio:
1305 4373 1437 4439 ιὶαήιριι·

205 4453 267 4505 der!
284 4456 404 4521 spondeo,
422 4457 491 4508 adeo
509 4455 621 4522 proprie
638 4454 737 4508 civium
756 4457 942 4510 Romanorum
960 4461 1010 4520 est,
1030 4464 1062 4510 ut
1085 4473 1118 4510 ne
1143 4459 1253 4526 quidem
1270 4458 1299 4511 in
1317 4460 1436 4509 Graecum
1507 4507 1508 4530 ,

204 4551 353 4588 sermonem
372 4555 419 4604 per
437 4541 683 4606 interpretationem
701 4541 839 4594 transferri
858 4541 973 4608 possit.”
1005 4542 1091 4596 Mitt.

1500 5037 1506 5124 i
