3062 5156
648 373 724 439 lau
749 372 776 438 l.
802 370 882 438 Tsr.
907 371 1020 438 xxtl.

790 546 872 628 §a

585 663 616 716 Is
628 673 722 732 pestes
739 671 858 714 metus
872 663 901 714 ἡ
919 672 1079 717 materen.

289 766 450 828 Nimirum
464 771 583 847 postea
597 763 749 844 invaluit,
763 771 801 826 nt
814 762 892 825 loeo
906 765 1025 826 tutoris
1038 764 1207 827 Praetorii
1221 763 1461 847 adjungeretur

205 879 353 953 curator,
383 871 494 955 quoad
521 872 610 935 actio
639 869 700 933 illa
725 871 878 951 duraret,
908 869 964 933 vel
992 871 1093 932 etiam
1119 879 1316 954 perpetuus:
1342 872 1459 932 Nooetl.

206 980 345 1040 LXXII.
361 976 393 1040 2
419 977 579 1055 Quamvis
593 978 630 1040 id
645 979 821 1060 contingat
837 977 952 1062 paullo
964 979 1080 1060 rarius,
1095 980 1175 1063 quia
1184 981 1263 1063 jure
1282 977 1459 1039 novissimo

206 1085 326 1170 pupilli
344 1086 478 1149 debitor
490 1085 543 1148 vel
560 1085 717 1164 creditor,
733 1086 788 1148 vel
805 1086 844 1166 is,
864 1105 963 1168 quem
979 1107 1052 1148 cum
1070 1086 1201 1169 pupillo
1214 1085 1311 1148 litem
1329 1083 1460 1146 babitu-

205 1213 276 1255 rum
290 1193 435 1275 suspicio
450 1202 512 1272 est,
529 1201 621 1255 tutor
639 1193 712 1256 fieri
728 1215 796 1255 non
810 1200 937 1276 potest:
958 1194 1039 1254 Noo.
1050 1193 1189 1254 LXXII.
1199 1193 1231 1254 1.
1247 1193 1331 1254 Nos.
1346 1191 1386 1252 Χ
1383 1190 1459 1252 CIV.

206 1308 242 1363 et
261 1299 927 1377 Ananimntdettnrtteuidoertet

639 1598 727 1662 Lm
748 1598 777 1662 Ι.
796 1597 889 1662 ΤΙΤ.
905 1598 1030 1662 XXII.

389 1747 590 1848 QUIBUS
615 1749 782 1823 Motus
805 1749 1021 1824 nU'l'nLA
1046 1747 1282 1824 FINI'l'UR.

293 1913 422 1991 Quibus
438 1914 544 1977 modis
559 1915 693 1979 finiatur
707 1914 824 1996 tutela,
836 1915 915 1978 satis
930 1915 1087 1978 adcurate
1102 1915 1145 1980 ad
1158 1915 1246 1978 bunc
1258 1914 1394 1980 titulum
1406 1916 1463 1978 do·

210 2029 288 2084 cent
302 2021 512 2105 interpretes.
533 2023 578 2085 Et
594 2022 637 2084 de
660 2032 766 2086 morte
789 2023 923 2108 quidem
946 2032 981 2086 et
1002 2024 1119 2107 capitis
1142 2024 1373 2087 deminutione
1393 2024 1463 2086 nul-

209 2129 277 2192 lum
294 2139 344 2194 est
362 2130 511 2192 dubium:
527 2139 562 2192 at
585 2131 627 2193 de
650 2133 828 2214 pubertate
852 2139 887 2194 et
909 2129 984 2192 aliis
1008 2131 1177 2220 nonnullis
1196 2132 1322 2213 modis,
1349 2132 1463 2216 quibus

210 2238 348 2302 tutelam
364 2238 443 2302 olim
465 2237 590 2300 finitam
613 2247 760 2319 constat,
776 2237 938 2302 nonnulla
958 2259 1002 2300 ex
1021 2237 1276 2323 antiquitatibus
1299 2239 1464 2304 monenda

209 2345 375 2410 videntur.

794 2431 824 2512 §-
845 2429 875 2491 1.

380 2545 468 2598 noem
485 2545 681 2600 Institutionum
699 2546 732 2598 de
748 2546 804 2598 situ
820 2546 928 2615 amque
945 2546 1103 2599 sestimeffl
1113 2545 1290 2616 pubertatem.
1334 2505 1340 2518 ¹

294 2646 350 2710 Ad
365 2663 593 2711 rnnssnnnrnu
608 2647 699 2733 quod
716 2647 848 2728 attinet,
860 2647 932 2730 ipse
944 2646 1168 2710 Tribonianus
1183 2646 1248 2708 boe
1262 2645 1366 2710 titulo
1380 2648 1466 2710 anti-

212 2754 374 2841 quitatum
389 2753 610 2819 Romanarum
625 2777 706 2840 prae
728 2777 763 2818 se
782 2755 849 2818 fert
862 2756 1032 2836 notitiam,
1051 2754 1127 2818 dum
1146 2754 1320 2835 observat,
1336 2763 1467 2818 veteres

212 2863 422 2947 pubertatem
439 2883 505 2925 non
524 2861 630 2927 solum
650 2885 693 2926 ex
712 2864 816 2946 annis,
834 2863 893 2926 sed
911 2885 955 2926 ex
973 2862 1088 2925 babitu
1103 2862 1251 2946 eorporis
1266 2861 1300 2924 in
1315 2862 1467 2926 masculis

212 2969 357 3034 voluisse
379 2971 554 3035 aestimari.
576 2972 636 3058 [V.
657 2972 780 3036 Illustr.
802 2994 823 3034 a
836 2971 1000 3053 Ludewig
1013 2971 1099 3032 Dus.
1119 2971 1160 3032 de
1178 2978 1284 3032 aetate
1298 2971 1415 3051 puber.
1439 2979 1467 3034 et

212 3081 324 3161 nsajor.
338 3059 364 3139 o.
379 3079 409 3140 4.
423 3080 453 3161 §.
467 3078 518 3140 14.
532 3101 566 3161 p.
581 3079 649 3164 80.]
671 3079 773 3157 Quod
788 3099 887 3162 quum
903 3077 1108 3140 Justinianus
1123 3077 1295 3161 indignum
1307 3077 1468 3162 judicarit

213 3187 364 3252 castitate
380 3208 509 3250 suorum
526 3197 729 3272 temporum,
752 3186 903 3248 statuisse
919 3207 1012 3264 eum,
1035 3193 1148 3250 saneta
1162 3184 1375 3268 promulgata
1389 3206 1469 3250 oon-

213 3293 397 3376 stitutione,
411 3304 449 3358 ut
466 3294 600 3358 masculi
616 3293 784 3377 completo
799 3313 887 3356 anno
903 3294 1021 3356 aetatis
1034 3293 1134 3357 XIV.
1150 3294 1307 3377 puberes3
1324 3293 1468 3358 feminae

213 3401 413 3465 duodecimo
428 3403 647 3488 viripotentes
661 3402 879 3466 haberentur:
891 3405 996 3484 prino.
1011 3405 1090 3464 Inst.
1104 3401 1133 3461 b.
1149 3409 1171 3462 t.
1185 3405 1231 3480 ⁸).

214 3609 316 3662 diendo
334 3615 425 3663 essent
441 3627 504 3663 oum
522 3609 628 3677 pupillo
646 3609 792 3677 ejusmodi,
810 3625 882 3678 qnae
899 3624 949 3675 per
965 3613 1109 3660 extraneas
1121 3619 1253 3672 personas
1267 3605 1401 3672 explirari
1416 3623 1470 3660 noo

214 3701 327 3762 possent
344 3695 413 3762 (vid.
432 3696 495 3762 Gaj.
513 3697 535 3748 1.
557 3699 614 3748 184.
632 3699 659 3746 et
677 3694 740 3760 Ulp.
758 3695 776 3747 l.
794 3695 842 3762 1.);
860 3693 984 3761 alioquin
1002 3700 1111 3744 curator
1130 3691 1345 3758 adjungebatur,
1363 3709 1470 3746 aooom·

215 3779 326 3832 modate
348 3781 384 3832 ad
404 3782 527 3846 regulam
552 3780 641 3832 ittam:
660 3783 777 3832 tutorem
799 3777 910 3832 babenti
935 3792 990 3829 non
1008 3789 1069 3828 esse
1087 3776 1208 3828 dandum
1226 3782 1354 3829 tutorem.
1385 3778 1430 3831 ct.
1447 3793 1471 3829 r.

216 3866 291 3918 lsttn
308 3865 325 3916 l.
344 3865 361 3917 t.
379 3881 406 3931 p.
425 3870 461 3918 64
474 3891 508 3900 -
519 3868 562 3916 68.
587 3862 676 3916 Mttt.

285 3951 316 4017 a)
338 3952 403 4016 Ipsa
421 3950 468 4002 illa
485 3953 579 4000 sancta
597 3949 746 4002 Justiniani
762 3946 921 4001 constitutio
940 3950 1045 3997 exstat:
1063 3946 1096 3998 L
1109 3944 1158 3998 ult.
1174 3945 1202 3998 0.
1220 3946 1336 4004 osanna
1353 3954 1402 3999 tut.
1419 3963 1471 4000 esse

218 4037 271 4088 des.
290 4049 446 4087 tnnuoonnu
463 4047 684 4087 ousnnvsrronnu
701 4039 729 4087 ἐπ
747 4025 922 4086 exammanda
934 4033 1048 4083 morium
1064 4027 1204 4099 pubertate
1221 4039 1381 4090 resecantes,
1389 4030 1472 4100 jube·

217 4138 283 4182 mus,
302 4119 518 4191 quemadmodum
522 4119 646 4186 feminae
660 4129 723 4189 post
739 4119 859 4189 impletos
878 4116 947 4170 XII
960 4131 1044 4174 aanor
1061 4115 1133 4166 omni
1149 4115 1225 4166 modo
1240 4113 1386 4182 pubescere
1394 4117 1472 4185 judi·

218 4214 328 4269 eantur,
346 4207 383 4256 ita
401 4213 427 4256 et
444 4222 531 4260 mares
545 4214 608 4273 post
624 4223 757 4258 excessum
780 4203 978 4272 quatuordeeim
1001 4217 1132 4252 annorum
1147 4197 1262 4267 puberes
1279 4201 1472 4263 existimentur,

219 4303 403 4342 tunsonnons
419 4303 546 4344 consonis
564 4305 714 4343 runonasrs
733 4297 858 4340 cessante.
876 4287 957 4338 Heia.
977 4284 1018 4336 Ad
1029 4285 1051 4351 t.
1064 4291 1074 4336 l
1087 4291 1150 4337 -4.
1163 4286 1247 4338 Andr.
1263 4284 1336 4337 Guit.
1349 4284 1472 4338 Crameri

221 4375 272 4428 Pr.
287 4376 319 4426 de
330 4373 477 4442 pubertatis
494 4377 654 4426 temtator:
674 4373 812 4441 ds'seipls'sto
825 4373 1016 4424 Romam.
1035 4370 1090 4422 Kit
1105 4373 1179 4422 1804.
1196 4375 1222 4421 4.
1241 4369 1330 4422 Hneb.
1351 4372 1471 4424 Dirksen

218 4459 307 4513 Beitr.
319 4478 372 4512 zur
389 4461 487 4512 Konde
505 4461 530 4512 d.
546 4461 582 4512 R.
596 4461 632 4513 R.
650 4474 677 4524 p.
690 4463 723 4511 61
741 4485 773 4496 -
784 4461 828 4510 ὁὸ.
848 4457 885 4524 (ᾗ.
905 4461 928 4510 l.
945 4471 1020 4510 uum.
1037 4456 1074 4522 Ι.)
1089 4470 1117 4520 p.
1132 4459 1183 4508 lbb
1198 4459 1303 4510 -158,
1319 4456 1411 4522 (num.
1422 4457 1473 4522 3.).

220 4543 357 4598 Zimmern
377 4547 413 4600 R.
435 4547 469 4598 G.
486 4545 507 4612 t·
527 4550 585 4600 120.
604 4542 691 4598 Mis'bt.
