3062 5164
279 388 332 457 lla
357 389 449 457 Rea.
476 387 587 458 nrm.
613 388 668 456 Er
692 387 843 476 Anam.
869 389 984 458 lassa.
1010 389 1105 458 llonr.
1247 395 1318 464 830

54 565 299 651 locupletibus
306 565 516 651 indulgentia
527 565 875 630 Pontificum-attribui
885 565 1032 630 solebat:
1047 563 1142 630 Idem
1159 541 1318 650 Inscriptt.

55 677 168 736 Gtaas.
190 673 298 736 XVII.
307 695 343 757 p.
353 674 426 736 ssa
450 693 480 736 n.
500 676 524 738 I.
549 673 742 759 Aliquando
762 673 895 758 plebem
915 675 978 740 sibi
999 673 1205 740 consiliaturi
1220 695 1318 760 prac-

54 784 152 846 dium
176 783 315 867 aliquod
335 781 493 866 sepulcris
514 803 695 868 pauperum
719 782 947 867 destinabant,
965 784 1070 848 velati
1085 784 1230 848 Baebius
1249 785 1318 848 Ge-

56 889 201 952 mellius
219 891 377 974 Sassinas,
397 891 454 976 qui
473 892 507 954 in
522 900 736 954 monumento
759 891 847 976 apud
863 891 1057 957 Reinesium
1080 893 1177 954 Closs.
1206 893 1275 954 VII.
1286 913 1319 974 p.

54 999 132 1061 489.
149 1020 186 1060 n.
201 999 276 1060 XX.
291 999 494 1094 munipr‘pilus
513 1001 648 1082 singular
664 1002 831 1080 incolisque
852 1002 919 1062 toea
940 1003 1123 1083 sepulturae
1142 1001 1215 1072 dot,
1236 1003 1320 1070 cirea

56 1107 352 1187 auum-praeustam,
367 1106 462 1168 estro
478 1111 535 1188 qui
549 1109 609 1168 sabi
621 1109 731 1188 laqueo
747 1093 860 1169 maniis
874 1110 1039 1170 intulerint
1052 1112 1097 1188 ¹¹),
1114 1116 1145 1168 et
1157 1112 1215 1190 qui
1227 1127 1321 1188 pune·

58 1225 143 1276 stam
167 1223 295 1296 turpem
310 1215 451 1296 professi
466 1217 537 1276 salci.
559 1214 708 1276 Ditiores
732 1213 927 1298 plerumque
949 1233 988 1278 ee
1007 1215 1083 1278 loco
1107 1215 1321 1278 exstruebant

61 1320 285 1406 pyramidem,
302 1323 487 1386 columnam
503 1321 644 1384 aliamve
660 1321 781 1384 molem
800 1322 1019 1406 splendidam,
1036 1344 1054 1384 s
1071 1344 1232 1386 marmore
1247 1323 1321 1408 ple-

59 1451 205 1516 rumque
231 1429 458 1510 solidamus
475 1437 510 1493 et
534 1431 643 1492 danus
662 1449 840 1491 munnereu
849 1449 916 1514 pro
936 1431 1089 1516 sepulcro
1110 1429 1245 1495 dicitur:
1261 1431 1323 1494 Ti·

63 1539 145 1602 bull.
163 1540 226 1600 III.
241 1536 274 1600 2.
289 1537 341 1600 22.
371 1537 414 1601 Et
439 1537 603 1622 quamvis,
628 1545 786 1621 quantum
810 1547 970 1603 sumtuum
990 1538 1150 1624 sepulcris
1174 1540 1322 1625 impendi

67 1635 334 1733 posset,sscdicto
357 1643 527 1708 Aedilium
547 1667 737 1730 expressum
764 1653 867 1721 asset,
895 1655 981 1710 teste
1001 1648 1165 1711 Cicerone
1187 1643 1321 1732 antpp.

69 1757 125 1819 IX.
140 1757 173 1818 7.
199 1757 304 1838 Epist.
328 1756 372 1816 ad
389 1757 485 1816 Attio.
505 1754 580 1816 XII.
598 1753 650 1816 34.
669 1753 721 1817 35.
737 1753 789 1820 36.
815 1754 967 1831 Rainea'i
985 1757 1144 1839 Inscripti.
1166 1757 1323 1820 (3100le

66 1864 184 1946 pass.
200 1885 233 1926 n.
252 1863 407 1924 LXXIII.
422 1865 467 1942 ⁰),
490 1869 582 1926 tanta
598 1870 726 1944 tamen,
743 1861 904 1946 gliscente
920 1863 1016 1940 luxu,
1032 1883 1073 1926 ea
1086 1864 1122 1926 in
1145 1883 1181 1926 re
1198 1863 1321 1928 Ronla-

67 1993 186 2035 norum
202 1971 448 2055 magnidcentia
465 1971 587 2052 eluxit,
604 1978 641 2033 ut
663 1991 734 2034 eam
757 1991 823 2033 non
846 1972 916 2034 sine
939 1979 1072 2056 stupore
1096 1971 1129 2035 in
1153 1973 1324 2037 marmori-

66 2081 124 2144 bus
143 2089 180 2144 et
191 2055 419 2142 monumentis
436 2079 630 2142 intueamur.
652 2079 691 2141 In
707 2078 786 2161 ipsis
802 2079 961 2162 sepulcris
977 2101 1092 2165 specus
1107 2081 1324 2147 subterranea

65 2189 244 2252 dicebatur
264 2197 493 2268 nrrbosnun,
516 2187 575 2250 ubi
599 2186 692 2250 locus
724 2195 795 2249 erat
818 2196 909 2250 certo
932 2187 1071 2250 ollarum
1093 2189 1148 2252 vel
1170 2209 1322 2254 mnarum

65 2312 208 2360 numero
231 2295 429 2377 destinatus,
453 2297 509 2380 qui
531 2311 708 2358 ouusnrun
731 2293 928 2357 vocabatur:
956 2294 1091 2358 Gruteri
1115 2299 1272 2379 Inscrc‘ptt.
1288 2319 1322 2379 p.

66 2389 353 2466 DCCCllXXXV.
375 2426 461 2466 num.
478 2403 508 2465 9.
537 2401 688 2465 Reinesii
711 2400 870 2485 Inscripti.
892 2403 991 2464 Closs.
1012 2403 1070 2464 XI.
1087 2423 1123 2484 p·
1140 2401 1213 2467 064.
1231 2421 1263 2466 n.
1291 2405 1323 2466 0.

67 2513 125 2575 vel
142 2511 276 2578 senona
293 2528 472 2575 omnen:
491 2509 642 2575 Reinesii
663 2512 821 2590 Inscripti.
840 2511 938 2572 Clusa.
954 2509 1044 2570 XVI.
1054 2533 1090 2592 p.
1104 2509 1176 2574 808.
1191 2533 1221 2572 n.
1234 2511 1324 2573 LIII.

68 2624 128 2686 lus
151 2622 240 2684 enim
268 2619 490 2704 sepulcrorum
516 2626 588 2682 erat
610 2618 785 2682 diversum.
808 2617 889 2680 Alia
908 2618 1034 2702 plures,
1059 2618 1126 2682 alia
1151 2617 1324 2703 pauciores

74 2752 164 2792 urnas
181 2727 309 2792 habere
322 2735 488 2813 poterant.
504 2727 543 2790 In
556 2727 771 2810 inscriptione
783 2725 986 2789 Reinesiana
1001 2725 1099 2788 Gtass.
1109 2727 1199 2788 XVI.
1207 2750 1241 2810 p.
1251 2727 1324 2791 801.

76 2859 102 2898 n.
118 2839 189 2900 LX.
210 2845 286 2900 sunt
307 2853 419 2902 onaan
438 2851 650 2900 ¹sinuumnss
670 2851 868 2898 sannarum
885 2833 928 2898 V.
948 2835 989 2897 In
1012 2834 1085 2897 aliis
1106 2835 1325 2900 monumentis

73 2953 283 3010 numerantur
297 2947 372 3008 XX.
384 2945 480 3009 Idem
498 2944 658 3025 Inscripti.
682 2945 779 3006 Oluss.
802 2943 839 3002 X
839 2941 891 3002 VI.
905 2963 940 3023 p.
962 2940 1033 3004 808.
1047 2963 1078 3004 n.
1095 2943 1182 3006 nm.
1199 2943 1233 3006 in
1250 2944 1324 3007 aliis

77 3055 195 3117 XXIV.
220 3054 317 3126 Idem
341 3055 438 3116 Closs.
457 3052 546 3115 XIV.
566 3075 599 3136 p.
619 3050 691 3114 763.
717 3073 749 3113 n.
768 3047 897 3110 uXLV.
920 3049 953 3111 in
979 3048 1052 3112 aliis
1079 3049 1202 3114 XXIX.
1229 3051 1323 3115 Idem
1389 3107 1393 3114 .
1524 3089 1525 3104 .

80 3165 170 3226 Clusa.
186 3165 259 3244 I.p.
269 3159 342 3224 202.
357 3183 387 3222 n.
403 3161 527 3224 CCXL.
545 3160 663 3223 Loculi
679 3179 760 3222 vero
779 3157 821 3220 ad
836 3155 1044 3240 recipiendas
1060 3159 1117 3219 bas
1132 3157 1215 3220 ollas
1232 3159 1325 3222 eine·

72 3273 169 3335 rarias
186 3269 370 3353 comparati
381 3285 597 3334 oonunsnms
613 3275 773 3332 vocantur
787 3266 821 3328 in
832 3263 1056 3347 marmoribus,
1069 3285 1206 3349 quorum
1222 3267 1326 3331 multa

70 3381 200 3461 attulit,
226 3379 400 3462 ipsamque
417 3378 692 3441 columbariorum
717 3375 854 3438 formam
871 3373 985 3436 oculis
1008 3373 1150 3458 subjecit
1171 3373 1324 3438 Fabretti

71 3490 230 3571 Immsptt.
243 3509 268 3549 c.
282 3486 312 3547 1.
321 3509 356 3568 p.
370 3485 422 3549 10.
435 3507 479 3569 sp.
497 3507 528 3548 n.
545 3486 665 3548 XLIX.
679 3505 743 3567 sqq.
762 3483 819 3548 ubi
838 3491 874 3547 et
889 3482 1082 3546 Reinesium
1102 3491 1206 3566 notat,
1225 3480 1324 3546 Gloss.

76 3597 141 3658 VII.
166 3597 329 3676 Inscripta
345 3617 380 3676 p.
397 3593 468 3656 490.
486 3617 517 3656 n.
532 3595 622 3657 XXI.
643 3584 877 3658 columbarium
902 3591 1126 3656 columbarum
1150 3591 1324 3656 latibulum
1419 3585 1421 3589 ’
1524 3591 1525 3656 ζ

71 3704 358 3788 interpretantem.
380 3702 448 3766 Sed
459 3703 514 3765 <ita
533 3723 568 3764 se
591 3724 644 3766 res
669 3701 833 3783 habebat,
851 3699 1006 3785 quamdiu
1026 3720 1167 3784 corpora
1189 3702 1326 3766 cremari

73 3811 242 3893 solebant,
264 3810 300 3874 id
324 3811 413 3894 quod
439 3819 474 3874 et
494 3820 568 3895 post
584 3810 827 3875 Antoninorum
851 3816 1003 3892 tempora
1025 3808 1146 3872 sactum
1169 3829 1255 3891 esse,
1282 3831 1324 3874 ex

76 3920 293 3986 monumentis
308 3939 416 4002 paens
434 3919 611 3983 innumeris
628 3927 730 4006 patet.
753 3916 977 4000 Exolescents
997 3916 1169 4001 paullatim
1193 3935 1234 3978 eo
1250 3916 1324 3999 ritu,

139 4163 174 4228 n)
195 4163 291 4224 Turpe
308 4159 360 4210 hoo
377 4158 537 4224 proprioidii
554 4173 655 4225 genus:
675 4151 775 4226 Virgil.'
791 4155 901 4210 Aeneid.
922 4157 994 4210 XII.
1012 4175 1035 4209 u.
1053 4159 1131 4209 60³.-

271 4243 309 4296 Et
325 4245 422 4301 nodum
440 4245 563 4312 informis
580 4245 626 4296 nti
642 4243 716 4298 trabe
734 4245 814 4298 nectit
831 4242 863 4296 ab
882 4241 945 4297 ulta.

75 4332 119 4386 ubi
138 4329 252 4385 Servius
270 4331 411 4396 observat,
429 4331 499 4382 hano
516 4335 631 4384 mortem
650 4336 705 4384 tam
723 4331 851 4385 insanam
869 4327 1047 4391 habimus
1062 4340 1119 4376 non
1137 4325 1248 4392 lugendi
1267 4327 1327 4394 qui-

76 4419 135 4469 dem
154 4422 247 4469 essent
265 4416 451 4482 suspendiosi:
470 4418 501 4468 L.
522 4422 562 4468 ll.
581 4416 601 4482 ξ.
618 4421 641 4468 1.
654 4413 688 4466 D.
709 4417 740 4468 dc
760 4417 818 4478 His,
839 4416 883 4485 qui
900 4422 954 4466 not.
972 4410 1066 4481 insum.
1084 4411 1162 4462 Heia.

143 4503 176 4569 o)
199 4499 327 4570 Edictum
346 4502 380 4553 dc
398 4501 531 4554 sumtibus
551 4503 674 4553 funerum
694 4500 835 4554 Aedilibus
854 4499 936 4551 tribui
953 4503 1034 4565 negat
1046 4496 1185 4572 d’Arnaud
1205 4497 1232 4548 in
1252 4495 1328 4550 Vorr.
1407 4533 1409 4540 ι

81 4589 194 4658 Conjcct.
213 4587 272 4640 Lib.
291 4587 332 4640 II.
352 4607 373 4641 c.
394 4591 435 4640 23.
454 4588 503 4639 Ille
522 4594 624 4651 tamen,
643 4593 673 4639 ut
691 4592 767 4654 pute,
787 4574 895 4637 fallitur.
915 4575 1001 4637 ‘Canu

1066 4641 1216 4730 w.
