3130 5148
220 385 268 450 22
671 393 1020 448 rnooererure,

221 552 300 616 inde
321 560 426 635 patet,
442 550 534 635 quod
548 557 667 633 postea
683 571 749 614 una
770 549 870 612 litura
885 545 1057 610 videretm·
1076 543 1282 608 inducendus
1292 548 1351 625 ¹)=
1371 545 1476 608 Gonet.
1550 535 1551 542 ¹

223 661 321 724 corat
333 661 429 736 nuc,
441 662 481 722 a
495 659 663 720 nnana
679 658 752 718 cos.
766 658 848 718 na.
865 656 895 735 e
910 656 943 715 a

748 793 756 804 ’
796 807 827 888 §-
846 805 899 868 29.

767 939 932 990 Pandcesae.
963 957 966 962 ·

304 1044 439 1107 Deinde
453 1041 562 1104 XVII
578 1041 656 1103 viris
673 1040 785 1102 datum
800 1041 971 1122 negotium
984 1037 1183 1100 conficiendi
1203 1053 1399 1099 umacus
1418 1035 1475 1098 vel

221 1169 367 1217 nrcnsrn
381 1157 427 1232 ¹),
446 1152 479 1212 in
494 1171 580 1233 quae
594 1148 819 1211 Tribonianus
831 1149 968 1231 ejusque
982 1146 1075 1226 socii,
1089 1144 1251 1228 quidquid
1266 1165 1309 1205 ex
1325 1153 1475 1206 veterurn

214 1259 522 1344 jurisconsultorum
534 1257 662 1339 scriptis
676 1263 922 1338 excerpserant,
934 1255 1158 1336 conjecerunt.
1169 1251 1237 1313 Sed
1252 1273 1348 1335 quam
1359 1273 1476 1332 parum

220 1369 402 1451 diligenter
416 1366 481 1428 isto
497 1383 632 1448 quoque
644 1364 761 1426 labore
777 1362 928 1425 defuncti
946 1363 1023 1441 sint,
1046 1369 1082 1422 et
1100 1360 1296 1422 brevitatem
1316 1358 1477 1440 temporis

114 1535 119 1542 .
220 1476 410 1555 ostendere,
424 1473 527 1556 ajunt,
545 1473 649 1550 (intra
668 1472 846 1534 triennium
872 1470 961 1532 enim
978 1477 1106 1532 tantum
1128 1489 1211 1550 opus
1228 1465 1473 1546 absolvenmt,)

220 1593 255 1648 et
273 1605 386 1666 parum
410 1579 617 1646 commodam
639 1579 845 1662 excerpendi
866 1576 1057 1640 methodum
1071 1581 1102 1655 ⁰)
1136 1583 1172 1638 et
1190 1573 1342 1636 ordinem
1364 1593 1477 1636 rerum

219 1688 547 1776 perturbatissimnm,
569 1709 613 1749 ne
632 1687 679 1750 ad
688 1688 791 1750 edicti
815 1686 949 1771 quidem
966 1683 1263 1769 perpetui'seriem
1284 1682 1477 1765 peremnia

219 1798 389 1862 redactmu
414 1795 497 1874 (vid.
514 1794 699 1877 Byulsersb.
718 1797 790 1856 Oba.
809 1799 856 1856 11.
868 1793 952 1876 ᾖ),
976 1801 1012 1856 et
1029 1801 1085 1856 tot
1101 1791 1248 1875 denique
1264 1789 1478 1869 emblemata,

220 1905 387 1989 quaejam
413 1902 536 1966 dudum
562 1903 773 1986 Pardulphus
793 1902 947 1984 Pratejns
972 1905 1007 1962 in
1028 1899 1286 1980 Jun'epmdenttis
1306 1898 1420 1970 nediu,
1440 1905 1477 1960 et

218 2013 291 2078 Jac·
305 2009 577 2076 Wissenbacliius
589 2013 752 2090 ungules
768 2011 921 2072 Tractctu
936 2015 1101 2072 notarunt.
1121 2005 1281 2083 Quamvis
1300 2013 1335 2066 et
1347 2004 1401 2064 bic
1412 2003 1478 2066 ali-

221 2120 355 2204 quando
370 2117 491 2201 injuria
505 2117 564 2180 fiat
577 2116 797 2198 Triboniano,
812 2114 1105 2200 [quemadmodum
1117 2114 1188 2196 ejus
1204 2133 1349 2176 caussam
1367 2111 1477 2175 solide

220 2229 292 2311 egit
305 2227 348 2290 V.
364 2226 401 2288 C.
420 2225 475 2288 Jo.
495 2224 620 2306 Wybo,
637 2234 672 2286 et
694 2245 754 2286 nos
776 2225 903 2306 egimus
917 2228 951 2284 e’n
964 2223 1155 2300 Defectione
1173 2222 1290 2282 Jueteie.
1311 2219 1431 2280 naon.
1444 2227 1479 2280 et

222 2337 367 2418 Oorpore‘s
377 2336 485 2414 jurise
511 2331 579 2394 vid.
600 2333 731 2413 Opuscc.
752 2342 851 2396 nostr.
871 2336 981 2394 mor.
997 2351 1034 2411 p.
1047 2329 1121 2392 21&
1131 2349 1197 2410 sqq.
1218 2337 1250 2390 et
1267 2330 1345 2408 opp.
1365 2327 1478 2388 12111.

221 2443 303 2506 Sect.
316 2441 346 2502 1.
361 2462 397 2522 p.
414 2437 624 2523 leo-170]

796 2579 826 2660 §-
846 2577 899 2640 30.

757 2693 947 2745 Institutione.
1033 2713 1036 2720 ·

304 2794 390 2856 Τιιιιι
405 2814 506 2877 porro
526 2801 686 2877 sequutae
703 2803 777 2857 sunt
795 2807 1070 2873 1usr1rurroun8,
1088 2815 1108 2854 a
1129 2792 1349 2872 Triboniano,
1361 2791 1477 2854 Theo·

220 2903 314 2987 philo
338 2910 373 2964 et
395 2890 583 2983 Dorotheo,
613 2901 795 2982 (tantillum
816 2902 946 2964 scilicet
967 2901 1200 2982 compendium
1220 2924 1240 2962 a
1257 2899 1362 2964 tribus
1378 2899 1474 2979 viris)

221 3010 438 3093 conscriptae.
459 3008 499 3070 In
522 3009 562 3070 iis
584 3018 619 3072 et
636 3010 832 3074 divisionem
852 3008 1026 3091 librorum,
1047 3017 1083 3071 et
1099 3009 1307 3072 materiarum
1326 3007 1477 3070 ordinem
1550 2991 1551 3014 l

221 3116 402 3202 aliquando
411 3125 581 3179 auctorum
594 3118 734 3201 ἀκρισίαν
746 3138 898 3199 arguere,
908 3117 1124 3178 contendunt.
1137 3115 1177 3178 In
1189 3113 1357 3200 plerisque
1367 3123 1477 3178 tamen

291 3362 334 3428 m)
354 3362 465 3413 Interim
483 3364 609 3414 laudatur
625 3360 701 3427 prior
719 3362 771 3413 iste
785 3362 881 3413 Codex
899 3361 928 3412 in
946 3361 1174 3424 institutionibus,
1193 3361 1339 3428 inquibus
1357 3362 1426 3412 adeo
1444 3362 1480 3412 ad

222 3446 323 3497 multas
340 3447 548 3499 constitutiones
562 3446 733 3510 remittimur,
748 3447 861 3513 quaein
878 3453 973 3500 nostro
988 3447 1083 3498 Codice
1095 3447 1222 3514 repetitae
1232 3448 1420 3514 praelectionis
1431 3447 1479 3498 de-

204 3569 207 3576 .
224 3529 388 3582 siderentur.
407 3531 487 3583 Heia
511 3532 576 3584 Non
593 3531 680 3584 solius
699 3531 859 3584 Triboniani
876 3549 973 3598 opera,
991 3533 1041 3584 sed
1058 3533 1152 3584 decem
1168 3532 1304 3594 snorum,
1323 3532 1371 3600 qui
1388 3549 1482 3584 recen-

223 3619 317 3666 sentur
334 3613 362 3665 in
379 3614 402 3680 ξ.
422 3621 446 3668 l.
469 3615 556 3668 omne.
577 3617 609 3666 de
632 3633 692 3667 που.
714 3616 779 3668 Cod.
796 3617 859 3683 fac.
883 3623 925 3670 est
948 3617 1133 3683 compositus,
1150 3632 1208 3668 non
1229 3621 1369 3682 praeterea
1391 3616 1481 3668 codex

222 3698 410 3752 lastinianeus
429 3699 567 3765 prodiita.
581 3703 643 3752 528.
662 3701 704 3752 Id.
723 3702 802 3753 Febr.
821 3708 887 3753 tuno
904 3700 981 3752 illum
999 3702 1157 3768 fierijussit
1172 3701 1328 3767 imperator,
1347 3701 1396 3753 sed
1408 3717 1481 3754 aimo

223 3783 347 3851 sequenti
364 3784 467 3849 prodiit
481 3785 544 3836 Vll.
558 3786 601 3836 ld.
618 3785 730 3851 Aprilis,
747 3785 803 3838 vim
812 3786 884 3852 juris
898 3786 1017 3838 obtinuit
1033 3803 1069 3838 ex
1083 3787 1129 3839 die
1145 3801 1204 3838 ιιι.
1219 3787 1283 3838 Kal.
1297 3786 1376 3838 Maii.
1395 3786 1480 3838 Oeen.

292 3869 325 3934 n)
347 3869 515 3935 Digestorum
526 3870 690 3921 vocabulum
697 3871 757 3936 jam
771 3871 837 3923 olim
852 3870 1046 3937 jureconsultis
1059 3871 1300 3924 familiarissimum
1312 3871 1373 3922 fuit.
1386 3871 1482 3922 Exsti-

223 3957 314 4004 terunt
333 3951 442 4019 Diuestu
454 3954 566 4019 iuliani,
578 3955 697 4020 Alpheni
709 3955 784 4016 Vari,
796 3954 918 4006 Juveutii
933 3955 1015 4018 Celsi,
1028 3955 1104 4021 Ulpii
1115 3955 1250 4019 Marcelli,
1265 3955 1386 4008 Cervidii
1400 3957 1482 4008 Scae-

224 4039 311 4101 volac,
329 4037 419 4088 Pauli.
444 4039 486 4089 Ita
503 4055 568 4090 vcro
586 4041 674 4093 vocati
692 4046 756 4092 sunt
773 4040 844 4101 libri,
863 4039 964 4106 quibus
982 4039 1133 4092 decisiones
1150 4046 1178 4091 et
1194 4039 1394 4106 disputationes
1409 4039 1482 4106 juris

224 4120 443 4185 continebantur,
462 4139 494 4174 ac
511 4123 594 4176 veluti
612 4125 733 4190 digestae
751 4129 834 4176 erant.
852 4125 994 4176 Beruand.
1013 4126 1045 4176 de
1059 4126 1179 4193 Jan'epr.
1197 4125 1227 4189 I,
1248 4131 1271 4176 Ι.
1297 4126 1384 4176 itaet
1404 4125 1483 4176 Pen-

224 4206 314 4258 dectas
328 4206 461 4272 scripsere
478 4207 612 4272 Ulpianus
631 4215 658 4260 et
667 4209 852 4262 Modestinus.
872 4210 953 4260 Ηείιι.

294 4290 327 4355 o)
347 4291 412 4342 vid.
431 4297 521 4343 tamen
538 4293 570 4343 F.
587 4295 686 4344 Blume
704 4293 837 4359 Ordnung
854 4294 881 4346 d.
898 4295 1007 4360 Fragm.
1026 4295 1055 4346 in
1072 4295 1099 4344 d.
1113 4294 1202 4346 Pand.
1220 4294 1249 4345 in
1267 4295 1295 4345 d.
1314 4293 1447 4346 zeitschr.
1462 4295 1484 4344 l.

225 4374 317 4439 gesen.
343 4375 378 4426 R.
397 4376 446 4427 W.
469 4377 547 4427 Tom.
566 4377 616 4427 IV.
640 4393 669 4442 p.
689 4381 741 4430 257
756 4383 857 4432 -472
876 4385 903 4430 et
926 4381 962 4432 G.
986 4381 1021 4431 A.
1047 4378 1192 4431 Reimarus
1220 4379 1430 4443 Bemerkungen
1453 4393 1483 4427 ιι.

226 4457 405 4522 Hypoueeen
428 4460 496 4512 tiber
513 4461 558 4512 die
580 4461 897 4526 Inscriptionen·lteihen
916 4465 943 4516 d.
961 4463 1049 4516 Pand.
1066 4464 1236 4528 Fragments.
1255 4462 1332 4515 Giitt.
1351 4466 1431 4516 18³⁰.
1449 4462 1483 4514 cf.

227 4547 255 4594 et
273 4542 360 4596 Witte
376 4544 407 4600 in
423 4544 450 4598 d.
470 4544 601 4598 Zeitscbr.
620 4547 639 4600 f.
657 4547 748 4612 gesob.
767 4547 801 4600 R
823 4549 870 4602 W.
889 4550 923 4600 Τ.
941 4549 1019 4601 vlu.
1038 4564 1066 4613 p.
1087 4553 1146 4602 153.
1165 4565 1208 4616 sq.
1229 4534 1318 4602 seut.
