3040 5164
241 409 314 476 416
608 401 686 469 Lm.
714 399 757 497 11.
781 399 864 467 Trr.
889 367 936 468 Χ.
960 396 1023 468 XI.
1048 399 1128 468 ΧΠ.

243 578 390 664 quamvis
404 595 472 639 non
487 583 597 639 essent
609 575 738 639 servilis
753 573 962 638 conditionis.
980 575 1026 637 Et
1040 574 1105 636 bae
1121 595 1256 658 quoqne
1271 575 1471 660 adquirebam

241 684 482 770 possessoribus
511 705 555 746 ex
582 683 692 768 operis
719 684 798 760 suis,
822 682 978 768 quamdiu
998 683 1088 744 bona
1109 681 1176 744 fide
1203 703 1261 744 eas
1276 683 1314 745 in
1334 686 1470 748 servitute

241 794 412 857 tenebant.
433 791 528 864 Alias
549 813 610 874 per
627 800 819 854 extraneam
844 809 1017 874 personam
1043 790 1126 852 nihil
1150 790 1281 874 adquiri
1297 799 1434 873 poterat,
1451 794 1469 853 si

241 887 464 962 discesseris'a
480 899 758 982 procuratoribus,
778 919 860 981 quos
877 899 949 981 ipse
966 898 1092 980 excipit
1108 897 1309 980 Imperator:
1327 899 1356 979 §.
1370 901 1396 958 5.
1410 900 1468 960 inst.

240 1009 270 1067 d.
289 1017 312 1068 t.
332 1006 389 1089 qui
407 1015 536 1086 tamen,
555 1007 582 1070 si
602 1007 636 1068 in
652 1007 782 1090 judicio
801 1006 940 1068 aliorum
961 1027 1088 1070 caussas
1109 1016 1266 1089 agerent,
1285 1005 1406 1068 domini
1418 1005 1467 1068 litis

242 1135 314 1176 esse
330 1114 555 1197 fingebantur:
576 1113 701 1196 dequo
720 1113 868 1175 dominio
886 1113 954 1176 litis
974 1114 1051 1176 vide
1070 1113 1247 1175 Boebmeri
1263 1116 1350 1174 Dias.
1365 1118 1429 1193 ang.
1440 1122 1467 1174 et

242 1222 361 1286 Christ.
384 1220 537 1285 Gothofr.
556 1220 748 1282 Hoffmanni
772 1221 857 1282 Dian
878 1223 918 1282 de
934 1231 1099 1302 procurat.
1118 1243 1143 1282 c.
1162 1221 1192 1282 1.
1209 1222 1238 1301 ἓ.
1261 1222 1295 1282 7.
1321 1227 1358 1281 et
1377 1241 1414 1302 sq.
1430 1223 1469 1300 (et

241 1329 327 1393 infra
342 1329 416 1392 Lib.
431 1329 492 1392 IV.
507 1329 575 1408 Tit.
589 1329 638 1391 X.
653 1329 682 1408 §.
697 1327 727 1387 4.
743 1329 807 1409 sq.)
1120 1349 1129 1356 ·

827 1459 856 1540 §-
877 1458 908 1520 a

541 1569 694 1638 Qaidjuris
707 1576 770 1636 post
787 1567 1019 1634 emancipationem
1039 1541 1191 1618 liberarant.¹

325 1669 527 1732 Tollebatur
541 1669 627 1732 istud
638 1670 692 1753 jus
707 1676 878 1751 parentum
900 1675 935 1730 et
952 1668 1157 1731 dominorum
1177 1669 1430 1753 emancipatione
1441 1679 1467 1731 et

242 1777 504 1842 manumissione.
527 1776 595 1837 Sed
611 1773 1083 1858 emancipatorumliberorum
1101 1780 1237 1860 antiquo
1248 1779 1329 1862 jure
1342 1785 1467 1859 parentes

241 1887 371 1948 tertiam
388 1883 511 1967 peculii
527 1884 701 1947 adventitii
717 1891 842 1966 partem
863 1883 1027 1965 propriam
1048 1883 1110 1944 sibi
1124 1869 1337 1965 retinebant,
1351 1906 1388 1946 ex
1404 1907 1467 1945 coo-

242 1993 413 2055 stitutione
437 2011 517 2053 vero
543 1986 720 2053 iustiniani
751 1988 878 2051 dimidii
904 1989 1027 2072 peculii
1051 1991 1307 2074 usumfructum,
1330 2001 1466 2074 tamquam

240 2099 382 2185 pretium
400 2097 687 2182 emancipationis:
706 2098 744 2157 1..
756 2096 789 2168 6.
806 2098 834 2177 §.
849 2096 879 2159 3.
898 2097 930 2156 0.
946 2099 985 2159 de
1002 2099 1081 2159 Bon.
1096 2119 1177 2177 qaae
1191 2100 1241 2160 lib.
1511 2089 1512 2092 ¹

769 2269 985 2280 ——-—-—

598 2403 684 2464 LlB.
705 2403 750 2465 ΙΙ.
774 2402 866 2464 ΤΙΤ.
887 2403 935 2464 X.
956 2402 1022 2464 XI.
1044 2403 1130 2465 XII.

851 2565 933 2601 DE-

291 2683 663 2762 TESTAMENTIS
693 2683 1041 2778 mummium,
1067 2687 1430 2783 TESTAMENTIS

125 2835 127 2844 ’
241 2805 611 2894 MILITARIBUS‚
636 2805 704 2878 ET
730 2805 826 2903 QUI
850 2808 1079 2883 TESTARI
1103 2808 1213 2883 NON
1237 2811 1466 2888 Possum.
1511 2849 1512 2876 r

326 2975 516 3056 Sequuntur
534 2972 604 3055 jam
629 2971 764 3034 ultimae
791 2972 979 3034 voluntates
988 3019 997 3053 ,
1022 2973 1139 3055 quibus
1165 2967 1465 3040 vel'universitaten

241 3082 452 3165 adquirimus,
470 3099 525 3140 seu
534 3126 543 3160 ,
559 3087 595 3141 ut
610 3069 761 3142 Ambros.
778 3080 844 3142 Lib.
860 3082 884 3140 I.
901 3081 939 3139 de
956 3079 1053 3145 Caino
1069 3089 1100 3142 et
1115 3084 1211 3143 Abale
1228 3081 1388 3166 loquitur,
1403 3086 1468 3143 inro-

241 3211 312 3251 rnm
328 3188 536 3258 hereditatem,
552 3185 607 3248 vel
622 3208 674 3249 res
691 3185 843 3269 singulas
866 3185 922 3249 Ad
940 3187 1029 3268 prius
1043 3189 1246 3271 potissimum
1265 3212 1371 3272 genus
1390 3199 1469 3252 testa-

241 3302 351 3358 menta
366 3293 550 3376 pertinent,
567 3314 703 3377 quorum
728 3292 982 3376 antiquissimam
1005 3297 1166 3357 rationem
1182 3296 1235 3358 hic
1256 3297 1465 3380 expendemus,

241 3401 381 3463 maxime
399 3421 495 3484 quum
518 3399 589 3482 ipse
607 3399 793 3483 Imperator
811 3409 962 3463 moneat:
985 3403 1064 3462 nihii
1081 3404 1128 3463 iiic
1144 3409 1343 3484 antiquitatis
1358 3423 1412 3465 non
1427 3419 1469 3481 pa·

240 3511 326 3568 nitas
341 3511 490 3589 ignorare
507 3509 635 3568 debere.-
650 3508 679 3587 §.
692 3505 723 3566 1.
740 3508 816 3568 [nst.
833 3507 871 3567 de
891 3509 1024 3569 Tectam.
1039 3511 1139 3570 ordin.
1154 3513 1198 3588 ⁸).

820 3653 849 3734 g.
871 3652 900 3714 1.

688 3762 854 3814 Testamenta
872 3763 1039 3831 quotuplicia.

322 3862 470 3925 Duorum
498 3882 655 3944 generum
680 3861 768 3944 apud
792 3860 962 3923 Romanos
986 3862 1092 3926 fuisse
1111 3845 1327 3943 testamenta,
1355 3877 1469 3948 quorum

243 3993 347 4004 —-

309 4049 339 4114 a)
360 4047 524 4100 Heincccius
541 4047 600 4113 ipse
617 4063 671 4101 nou
689 4065 756 4101 usus
781 4055 823 4101 est
840 4063 890 4100 sua
907 4047 981 4100 Dias.
1001 4051 1032 4100 de
1051 4051 1150 4118 oriyine
1175 4049 1441 4116 testamentrsactiom's
1453 4049 1471 4090 n

189 4197 192 4204 Ι
239 4132 293 4183 rita
316 4131 429 4182 testandi
450 4135 564 4200 antiqno.
589 4133 703 4198 Franeq.
722 4137 795 4185 1726.
813 4137 839 4184 4.
856 4136 884 4183 et
901 4130 929 4183 in
953 4133 1023 4200 Opp.
1039 4136 1117 4186 Tom.
1132 4135 1167 4186 11.
1176 4150 1203 4199 p.
1215 4130 1470 4196 aet-⁶16.‚matto

239 4216 329 4268 minus
345 4215 414 4267 libro
432 4217 594 4268 multifariae
612 4215 784 4268 eruditionis:
803 4215 862 4268 Alb.
876 4215 948 4266 Dict
967 4216 1085 4268 Trekclti
1103 4218 1237 4270 Tractatio
1253 4219 1285 4269 de
1300 4218 1470 4284 cripturam

236 4315 381 4367 proprescn
399 4301 668 4366 testamentifactionis
682 4300 841 4365 praesertim
860 4301 933 4367 apud
950 4300 1093 4353 Romanos.
1113 4301 1187 4367 Lips.
1203 4307 1277 4355 1739.
1290 4307 1314 4354 4.
1334 4296 1470 4353 Novissime

159 4395 163 4412 ¹
240 4384 273 4435 de
290 4383 403 4436 historia
421 4389 642 4436 testamentorum
657 4384 781 4449 scripsit:
799 4385 826 4434 J.
844 4385 880 4435 H.
901 4384 1046 4450 Dernburg
1058 4385 1185 4453 Beitriipe
1201 4405 1254 4437 zar
1268 4384 1419 4437 Gesciicite
1435 4379 1470 4428 der

243 4465 413 4518 Testamenta.
428 4469 518 4521 Boon.
537 4471 610 4520 1821.
623 4472 647 4520 8.
662 4465 751 4520 Hanb.
769 4467 902 4532 Aliorum,
917 4469 964 4536 qui
983 4470 1017 4520 de
1030 4469 1143 4522 historia
1161 4475 1383 4521 testamentorum
1395 4467 1469 4517 nostra

239 4555 324 4602 aetate
343 4557 505 4616 meruerunt,
524 4551 638 4617 singulis
657 4552 685 4604 in
703 4551 769 4604 iocis
788 4553 969 4604 laudabuntur
987 4551 1200 4619 scriptaMiiiri.
