<?xml version="1.0" encoding="UTF-8"?>
<!DOCTYPE html PUBLIC "-//W3C//DTD XHTML 1.0 Transitional//EN"
    "http://www.w3.org/TR/xhtml1/DTD/xhtml1-transitional.dtd">
<html xmlns="http://www.w3.org/1999/xhtml" xml:lang="en" lang="en">
 <head>
  <title>
</title>
<meta http-equiv="Content-Type" content="text/html;charset=utf-8" />
  <meta name='ocr-system' content='tesseract 3.04.00' />
  <meta name='ocr-capabilities' content='ocr_page ocr_carea ocr_par ocr_line ocrx_word'/>
</head>
<body>
  <div class='ocr_page' id='page_1' title='image "./jogottliebheine00haubgoog_0772.png"; bbox 0 0 3056 5168; ppageno 0'>
   <div class='ocr_carea' id='block_1_1' title="bbox 351 448 1304 562">
    <p class='ocr_par' dir='ltr' id='par_1_1' title="bbox 351 448 1304 562">
     <span class='ocr_line' id='line_1_1' title="bbox 351 448 1304 562; baseline 0.007 -42"><span class='ocrx_word' id='word_1_1' title='bbox 351 450 404 520; x_wconf 82' lang='lat' dir='ltr'>Da</span> <span class='ocrx_word' id='word_1_2' title='bbox 429 450 549 520; x_wconf 82' lang='lat' dir='ltr'><strong>Posnn</strong></span> <span class='ocrx_word' id='word_1_3' title='bbox 572 448 727 522; x_wconf 80' lang='lat' dir='ltr'><strong>Tannus</strong></span> <span class='ocrx_word' id='word_1_4' title='bbox 751 449 1003 562; x_wconf 74' lang='lat' dir='ltr'><strong>erronnrrun.</strong></span> <span class='ocrx_word' id='word_1_5' title='bbox 1232 459 1304 526; x_wconf 77' lang='lat'><strong>783</strong></span> 
     </span>
    </p>
   </div>
   <div class='ocr_carea' id='block_1_2' title="bbox 44 625 1305 820">
    <p class='ocr_par' dir='ltr' id='par_1_2' title="bbox 44 625 1305 820">
     <span class='ocr_line' id='line_1_2' title="bbox 44 625 1305 714; baseline 0 -20"><span class='ocrx_word' id='word_1_6' title='bbox 44 631 81 694; x_wconf 95' lang='lat' dir='ltr'><strong>in</strong></span> <span class='ocrx_word' id='word_1_7' title='bbox 105 626 243 694; x_wconf 86' lang='lat' dir='ltr'><strong>arbitrio</strong></span> <span class='ocrx_word' id='word_1_8' title='bbox 274 626 415 710; x_wconf 90' lang='lat' dir='ltr'><strong>positum</strong></span> <span class='ocrx_word' id='word_1_9' title='bbox 440 633 513 690; x_wconf 89' lang='lat' dir='ltr'><strong>erat</strong></span> <span class='ocrx_word' id='word_1_10' title='bbox 540 625 608 708; x_wconf 88' lang='lat' dir='ltr'><strong>rei,</strong></span> <span class='ocrx_word' id='word_1_11' title='bbox 634 635 740 692; x_wconf 85' lang='lat' dir='ltr'><strong>utmm</strong></span> <span class='ocrx_word' id='word_1_12' title='bbox 768 647 812 690; x_wconf 83' lang='lat' dir='ltr'><strong>ex</strong></span> <span class='ocrx_word' id='word_1_13' title='bbox 839 626 1094 711; x_wconf 61' lang='lat' dir='ltr'><strong>‚restipulatione</strong></span> <span class='ocrx_word' id='word_1_14' title='bbox 1120 650 1240 714; x_wconf 79' lang='lat' dir='ltr'><strong>agere,</strong></span> <span class='ocrx_word' id='word_1_15' title='bbox 1263 651 1305 696; x_wconf 87' lang='lat' dir='ltr'>an</span> 
     </span>
     <span class='ocr_line' id='line_1_3' title="bbox 44 734 1187 820; baseline -0.001 -18"><span class='ocrx_word' id='word_1_16' title='bbox 44 736 234 802; x_wconf 86' lang='lat' dir='ltr'><strong>calumniae</strong></span> <span class='ocrx_word' id='word_1_17' title='bbox 250 735 392 820; x_wconf 88' lang='lat' dir='ltr'><strong>judicio,</strong></span> <span class='ocrx_word' id='word_1_18' title='bbox 414 734 585 800; x_wconf 77' lang='lat' dir='ltr'><strong>ueletiam</strong></span> <span class='ocrx_word' id='word_1_19' title='bbox 600 735 821 819; x_wconf 87' lang='lat' dir='ltr'><strong>jurejurando</strong></span> <span class='ocrx_word' id='word_1_20' title='bbox 835 735 885 800; x_wconf 91' lang='lat' dir='ltr'><strong>uti</strong></span> <span class='ocrx_word' id='word_1_21' title='bbox 900 735 1005 800; x_wconf 87' lang='lat' dir='ltr'><strong>vellet</strong></span> <span class='ocrx_word' id='word_1_22' title='bbox 1020 735 1064 820; x_wconf 91' lang='lat'><strong>¹).</strong></span> <span class='ocrx_word' id='word_1_23' title='bbox 1086 737 1187 801; x_wconf 74' lang='lat' dir='ltr'>Mam.</span> 
     </span>
    </p>
   </div>
   <div class='ocr_carea' id='block_1_3' title="bbox 638 883 717 965">
    <p class='ocr_par' dir='ltr' id='par_1_3' title="bbox 638 883 717 965">
     <span class='ocr_line' id='line_1_4' title="bbox 638 883 717 965; baseline -0.013 -21"><span class='ocrx_word' id='word_1_24' title='bbox 638 883 667 965; x_wconf 79' lang='lat'><strong>§-</strong></span> <span class='ocrx_word' id='word_1_25' title='bbox 686 883 717 944; x_wconf 85' lang='lat' dir='ltr'>a.</span> 
     </span>
    </p>
   </div>
   <div class='ocr_carea' id='block_1_4' title="bbox 37 991 1366 1610">
    <p class='ocr_par' dir='ltr' id='par_1_4' title="bbox 612 991 741 1058">
     <span class='ocr_line' id='line_1_5' title="bbox 612 991 741 1058; baseline 0.008 -14"><span class='ocrx_word' id='word_1_26' title='bbox 612 991 741 1058; x_wconf 77' lang='lat' dir='ltr'><strong><em>Infamia.</em></strong></span> 
     </span>
    </p>

    <p class='ocr_par' dir='ltr' id='par_1_5' title="bbox 37 1091 1366 1610">
     <span class='ocr_line' id='line_1_6' title="bbox 133 1091 1304 1179; baseline 0 -21"><span class='ocrx_word' id='word_1_27' title='bbox 133 1093 283 1158; x_wconf 74' lang='lat' dir='ltr'>Iussum</span> <span class='ocrx_word' id='word_1_28' title='bbox 309 1113 443 1178; x_wconf 93' lang='lat' dir='ltr'><strong>quoque</strong></span> <span class='ocrx_word' id='word_1_29' title='bbox 471 1091 671 1174; x_wconf 84' lang='lat' dir='ltr'><strong>coercebant</strong></span> <span class='ocrx_word' id='word_1_30' title='bbox 699 1101 825 1156; x_wconf 88' lang='lat' dir='ltr'><strong>temere</strong></span> <span class='ocrx_word' id='word_1_31' title='bbox 851 1092 1022 1178; x_wconf 79' lang='lat' dir='ltr'><strong>litigantes</strong></span> <span class='ocrx_word' id='word_1_32' title='bbox 1050 1095 1085 1158; x_wconf 92' lang='lat' dir='ltr'><strong>in</strong></span> <span class='ocrx_word' id='word_1_33' title='bbox 1111 1093 1304 1179; x_wconf 90' lang='lat' dir='ltr'>quibusdam</span> 
     </span>
     <span class='ocr_line' id='line_1_7' title="bbox 37 1199 1307 1288; baseline -0.001 -21"><span class='ocrx_word' id='word_1_34' title='bbox 37 1202 192 1288; x_wconf 87' lang='lat' dir='ltr'><strong>judiciis.</strong></span> <span class='ocrx_word' id='word_1_35' title='bbox 208 1199 434 1272; x_wconf 86' lang='lat' dir='ltr'>Omnssenim</span> <span class='ocrx_word' id='word_1_36' title='bbox 457 1221 499 1262; x_wconf 88' lang='lat' dir='ltr'><strong>ex</strong></span> <span class='ocrx_word' id='word_1_37' title='bbox 516 1199 641 1264; x_wconf 87' lang='lat' dir='ltr'><strong>delicto</strong></span> <span class='ocrx_word' id='word_1_38' title='bbox 657 1221 865 1286; x_wconf 89' lang='lat' dir='ltr'><strong>quocumque</strong></span> <span class='ocrx_word' id='word_1_39' title='bbox 882 1202 1094 1267; x_wconf 86' lang='lat' dir='ltr'><strong>condemnati</strong></span> <span class='ocrx_word' id='word_1_40' title='bbox 1111 1210 1205 1266; x_wconf 88' lang='lat' dir='ltr'><strong>erant</strong></span> <span class='ocrx_word' id='word_1_41' title='bbox 1219 1201 1307 1266; x_wconf 81' lang='lat' dir='ltr'><strong>int‘a-</strong></span> 
     </span>
     <span class='ocr_line' id='line_1_8' title="bbox 44 1307 1366 1407; baseline -0.002 -33"><span class='ocrx_word' id='word_1_42' title='bbox 44 1333 134 1393; x_wconf 89' lang='lat' dir='ltr'><strong>mes,</strong></span> <span class='ocrx_word' id='word_1_43' title='bbox 157 1309 184 1373; x_wconf 92' lang='lat' dir='ltr'><strong>si</strong></span> <span class='ocrx_word' id='word_1_44' title='bbox 201 1329 297 1390; x_wconf 89' lang='lat' dir='ltr'><strong>vere,</strong></span> <span class='ocrx_word' id='word_1_45' title='bbox 321 1309 355 1372; x_wconf 92' lang='lat' dir='ltr'><strong>id</strong></span> <span class='ocrx_word' id='word_1_46' title='bbox 377 1316 444 1390; x_wconf 89' lang='lat' dir='ltr'><strong>est,</strong></span> <span class='ocrx_word' id='word_1_47' title='bbox 465 1307 543 1370; x_wconf 89' lang='lat' dir='ltr'><strong>dolo</strong></span> <span class='ocrx_word' id='word_1_48' title='bbox 564 1308 667 1391; x_wconf 89' lang='lat' dir='ltr'><strong>malo,</strong></span> <span class='ocrx_word' id='word_1_49' title='bbox 692 1309 870 1395; x_wconf 86' lang='lat' dir='ltr'>deliquisse</span> <span class='ocrx_word' id='word_1_50' title='bbox 887 1308 1092 1375; x_wconf 72' lang='lat' dir='ltr'><strong>dicerenturs</strong></span> <span class='ocrx_word' id='word_1_51' title='bbox 1114 1315 1149 1374; x_wconf 88' lang='lat' dir='ltr'><strong>L.</strong></span> <span class='ocrx_word' id='word_1_52' title='bbox 1164 1311 1194 1372; x_wconf 88' lang='grc'><strong>7.</strong></span> <span class='ocrx_word' id='word_1_53' title='bbox 1209 1312 1251 1372; x_wconf 79' lang='lat'><strong>1).</strong></span> <span class='ocrx_word' id='word_1_54' title='bbox 1267 1313 1306 1373; x_wconf 83' lang='lat' dir='ltr'><strong>de</strong></span> <span class='ocrx_word' id='word_1_55' title='bbox 1359 1391 1366 1407; x_wconf 26' lang='grc' dir='ltr'>ι</span> 
     </span>
     <span class='ocr_line' id='line_1_9' title="bbox 44 1416 1305 1504; baseline -0.001 -23"><span class='ocrx_word' id='word_1_56' title='bbox 44 1421 143 1482; x_wconf 81' lang='lat' dir='ltr'><strong>Pudl.</strong></span> <span class='ocrx_word' id='word_1_57' title='bbox 159 1419 261 1500; x_wconf 82' lang='lat' dir='ltr'>judio.</span> <span class='ocrx_word' id='word_1_58' title='bbox 283 1417 442 1479; x_wconf 91' lang='lat' dir='ltr'><strong>Eamdem</strong></span> <span class='ocrx_word' id='word_1_59' title='bbox 468 1416 682 1499; x_wconf 85' lang='lat' dir='ltr'>ignominiam</span> <span class='ocrx_word' id='word_1_60' title='bbox 705 1418 876 1501; x_wconf 85' lang='lat' dir='ltr'>subibant,</span> <span class='ocrx_word' id='word_1_61' title='bbox 897 1419 954 1504; x_wconf 90' lang='lat' dir='ltr'><strong>qui</strong></span> <span class='ocrx_word' id='word_1_62' title='bbox 983 1418 1126 1501; x_wconf 82' lang='lat' dir='ltr'><strong>tutelae,</strong></span> <span class='ocrx_word' id='word_1_63' title='bbox 1148 1417 1305 1500; x_wconf 88' lang='lat' dir='ltr'><strong>mandati,</strong></span> 
     </span>
     <span class='ocr_line' id='line_1_10' title="bbox 45 1513 1311 1610; baseline -0.002 -20"><span class='ocrx_word' id='word_1_64' title='bbox 45 1527 177 1590; x_wconf 91' lang='lat' dir='ltr'><strong>directa</strong></span> <span class='ocrx_word' id='word_1_65' title='bbox 194 1513 319 1610; x_wconf 67' lang='lat' dir='ltr'><strong>aeque,</strong></span> <span class='ocrx_word' id='word_1_66' title='bbox 336 1547 374 1588; x_wconf 91' lang='lat' dir='ltr'><strong>ac</strong></span> <span class='ocrx_word' id='word_1_67' title='bbox 396 1543 638 1607; x_wconf 85' lang='lat' dir='ltr'>nonnumquam</span> <span class='ocrx_word' id='word_1_68' title='bbox 656 1525 836 1590; x_wconf 84' lang='lat' dir='ltr'><strong>contraria:</strong></span> <span class='ocrx_word' id='word_1_69' title='bbox 858 1525 895 1588; x_wconf 79' lang='lat' dir='ltr'><strong>L.</strong></span> <span class='ocrx_word' id='word_1_70' title='bbox 910 1525 940 1589; x_wconf 91' lang='lat'><strong>6.</strong></span> <span class='ocrx_word' id='word_1_71' title='bbox 955 1528 984 1608; x_wconf 63' lang='grc' dir='ltr'><strong>ἓ.</strong></span> <span class='ocrx_word' id='word_1_72' title='bbox 999 1527 1029 1587; x_wconf 92' lang='grc'><strong>5.</strong></span> <span class='ocrx_word' id='word_1_73' title='bbox 1048 1528 1088 1587; x_wconf 89' lang='lat' dir='ltr'><strong>D.</strong></span> <span class='ocrx_word' id='word_1_74' title='bbox 1104 1525 1143 1587; x_wconf 80' lang='lat' dir='ltr'><strong>da</strong></span> <span class='ocrx_word' id='word_1_75' title='bbox 1160 1526 1235 1600; x_wconf 79' lang='lat' dir='ltr'><strong>His,</strong></span> <span class='ocrx_word' id='word_1_76' title='bbox 1254 1529 1311 1609; x_wconf 72' lang='lat' dir='ltr'><strong>qm·</strong></span> 
     </span>
    </p>
   </div>
   <div class='ocr_carea' id='block_1_5' title="bbox 46 1629 1307 1933">
    <p class='ocr_par' dir='ltr' id='par_1_6' title="bbox 46 1629 1307 1933">
     <span class='ocr_line' id='line_1_11' title="bbox 47 1629 1306 1718; baseline -0.002 -20"><span class='ocrx_word' id='word_1_77' title='bbox 47 1642 173 1698; x_wconf 82' lang='lat' dir='ltr'><strong>notant.</strong></span> <span class='ocrx_word' id='word_1_78' title='bbox 191 1633 300 1710; x_wconf 66' lang='lat' dir='ltr'>alifam.</span> <span class='ocrx_word' id='word_1_79' title='bbox 323 1629 466 1715; x_wconf 86' lang='lat' dir='ltr'><strong>depositi</strong></span> <span class='ocrx_word' id='word_1_80' title='bbox 489 1629 630 1714; x_wconf 87' lang='lat' dir='ltr'><strong>directa,</strong></span> <span class='ocrx_word' id='word_1_81' title='bbox 653 1633 800 1718; x_wconf 85' lang='lat' dir='ltr'><strong>itemque</strong></span> <span class='ocrx_word' id='word_1_82' title='bbox 817 1653 877 1717; x_wconf 95' lang='lat' dir='ltr'><strong>pro</strong></span> <span class='ocrx_word' id='word_1_83' title='bbox 899 1635 990 1697; x_wconf 87' lang='lat' dir='ltr'>socio</span> <span class='ocrx_word' id='word_1_84' title='bbox 1007 1633 1137 1696; x_wconf 89' lang='lat' dir='ltr'><strong>actione</strong></span> <span class='ocrx_word' id='word_1_85' title='bbox 1160 1631 1306 1696; x_wconf 90' lang='lat' dir='ltr'><strong>damnati</strong></span> 
     </span>
     <span class='ocr_line' id='line_1_12' title="bbox 46 1738 1306 1824; baseline -0.002 -19"><span class='ocrx_word' id='word_1_86' title='bbox 46 1743 200 1805; x_wconf 81' lang='lat' dir='ltr'><strong>fuerant:</strong></span> <span class='ocrx_word' id='word_1_87' title='bbox 226 1740 256 1822; x_wconf 81' lang='lat'><strong>§.</strong></span> <span class='ocrx_word' id='word_1_88' title='bbox 274 1739 305 1803; x_wconf 78' lang='lat'><strong>2.</strong></span> <span class='ocrx_word' id='word_1_89' title='bbox 328 1741 405 1801; x_wconf 81' lang='lat' dir='ltr'><strong>last.</strong></span> <span class='ocrx_word' id='word_1_90' title='bbox 426 1739 456 1802; x_wconf 78' lang='lat' dir='ltr'><strong>b.</strong></span> <span class='ocrx_word' id='word_1_91' title='bbox 472 1745 493 1799; x_wconf 81' lang='lat' dir='ltr'><strong>t.</strong></span> <span class='ocrx_word' id='word_1_92' title='bbox 514 1738 553 1799; x_wconf 78' lang='lat' dir='ltr'><strong>L.</strong></span> <span class='ocrx_word' id='word_1_93' title='bbox 574 1738 660 1800; x_wconf 84' lang='lat' dir='ltr'><em>LI).</em></span> <span class='ocrx_word' id='word_1_94' title='bbox 680 1741 719 1802; x_wconf 83' lang='lat' dir='ltr'><strong>da</strong></span> <span class='ocrx_word' id='word_1_95' title='bbox 744 1741 824 1813; x_wconf 75' lang='lat' dir='ltr'><strong>His,</strong></span> <span class='ocrx_word' id='word_1_96' title='bbox 847 1744 904 1824; x_wconf 81' lang='lat' dir='ltr'><strong>qui</strong></span> <span class='ocrx_word' id='word_1_97' title='bbox 923 1750 1043 1803; x_wconf 83' lang='lat' dir='ltr'><strong>notant.</strong></span> <span class='ocrx_word' id='word_1_98' title='bbox 1069 1741 1177 1817; x_wconf 76' lang='lat' dir='ltr'>insum.</span> <span class='ocrx_word' id='word_1_99' title='bbox 1203 1739 1306 1817; x_wconf 86' lang='lat' dir='ltr'><strong>(Tab.</strong></span> 
     </span>
     <span class='ocr_line' id='line_1_13' title="bbox 47 1843 1307 1933; baseline -0.001 -21"><span class='ocrx_word' id='word_1_100' title='bbox 47 1847 186 1930; x_wconf 62' lang='lat' dir='ltr'><strong>Heracl,</strong></span> <span class='ocrx_word' id='word_1_101' title='bbox 205 1869 232 1910; x_wconf 87' lang='lat' dir='ltr'><strong>o.</strong></span> <span class='ocrx_word' id='word_1_102' title='bbox 245 1845 275 1910; x_wconf 87' lang='grc'><strong>8.</strong></span> <span class='ocrx_word' id='word_1_103' title='bbox 295 1845 354 1908; x_wconf 92' lang='lat' dir='ltr'><strong>lin.</strong></span> <span class='ocrx_word' id='word_1_104' title='bbox 369 1843 554 1908; x_wconf 82' lang='lat'>110-113.</span> <span class='ocrx_word' id='word_1_105' title='bbox 570 1845 641 1908; x_wconf 75' lang='lat'>120.</span> <span class='ocrx_word' id='word_1_106' title='bbox 662 1845 737 1933; x_wconf 88' lang='lat' dir='ltr'><strong>Gaj.</strong></span> <span class='ocrx_word' id='word_1_107' title='bbox 754 1845 816 1911; x_wconf 90' lang='lat' dir='ltr'><strong>IV.</strong></span> <span class='ocrx_word' id='word_1_108' title='bbox 830 1845 919 1930; x_wconf 81' lang='lat'>182.)</span> <span class='ocrx_word' id='word_1_109' title='bbox 946 1847 1013 1911; x_wconf 91' lang='lat' dir='ltr'><strong>Sed</strong></span> <span class='ocrx_word' id='word_1_110' title='bbox 1029 1847 1072 1911; x_wconf 89' lang='lat' dir='ltr'><strong>de</strong></span> <span class='ocrx_word' id='word_1_111' title='bbox 1088 1847 1178 1912; x_wconf 89' lang='lat' dir='ltr'><strong>hisce</strong></span> <span class='ocrx_word' id='word_1_112' title='bbox 1201 1847 1307 1912; x_wconf 81' lang='lat' dir='ltr'><strong>farno-</strong></span> 
     </span>
    </p>
   </div>
   <div class='ocr_carea' id='block_1_6' title="bbox 49 1953 725 2041">
    <p class='ocr_par' dir='ltr' id='par_1_7' title="bbox 49 1953 725 2041">
     <span class='ocr_line' id='line_1_14' title="bbox 49 1953 725 2041; baseline -0.001 -21"><span class='ocrx_word' id='word_1_113' title='bbox 49 1956 93 2020; x_wconf 86' lang='lat' dir='ltr'><strong>sis</strong></span> <span class='ocrx_word' id='word_1_114' title='bbox 103 1954 240 2041; x_wconf 89' lang='lat' dir='ltr'>judioiis</span> <span class='ocrx_word' id='word_1_115' title='bbox 256 1953 392 2038; x_wconf 88' lang='lat' dir='ltr'><strong>singulis</strong></span> <span class='ocrx_word' id='word_1_116' title='bbox 407 1973 466 2017; x_wconf 89' lang='lat' dir='ltr'><strong>suo</strong></span> <span class='ocrx_word' id='word_1_117' title='bbox 481 1953 558 2017; x_wconf 86' lang='lat' dir='ltr'><strong>loo&#39;o</strong></span> <span class='ocrx_word' id='word_1_118' title='bbox 575 1953 725 2019; x_wconf 86' lang='lat' dir='ltr'>diximus.</span> 
     </span>
    </p>
   </div>
   <div class='ocr_carea' id='block_1_7' title="bbox 567 2102 777 2183">
    <p class='ocr_par' dir='ltr' id='par_1_8' title="bbox 567 2102 777 2183">
     <span class='ocr_line' id='line_1_15' title="bbox 567 2102 777 2183; baseline -0.033 0"><span class='ocrx_word' id='word_1_119' title='bbox 567 2123 570 2128; x_wconf 85' lang='grc'><em>·</em></span> <span class='ocrx_word' id='word_1_120' title='bbox 640 2102 717 2183; x_wconf 69' lang='grc'><strong>57·</strong></span> <span class='ocrx_word' id='word_1_121' title='bbox 774 2172 777 2176; x_wconf 74' lang='grc'><strong><em>,</em></strong></span> 
     </span>
    </p>
   </div>
   <div class='ocr_carea' id='block_1_8' title="bbox 42 2201 1336 3694">
    <p class='ocr_par' dir='ltr' id='par_1_9' title="bbox 293 2201 1064 2278">
     <span class='ocr_line' id='line_1_16' title="bbox 293 2201 1064 2278; baseline 0.001 -16"><span class='ocrx_word' id='word_1_122' title='bbox 293 2209 462 2277; x_wconf 79' lang='lat' dir='ltr'><strong>Infitiationis</strong></span> <span class='ocrx_word' id='word_1_123' title='bbox 476 2225 574 2278; x_wconf 83' lang='lat' dir='ltr'><strong>poeno.</strong></span> <span class='ocrx_word' id='word_1_124' title='bbox 595 2237 627 2248; x_wconf 95' lang='lat'>-</span> <span class='ocrx_word' id='word_1_125' title='bbox 648 2210 874 2278; x_wconf 72' lang='lat' dir='ltr'><strong>Plurispetitionis</strong></span> <span class='ocrx_word' id='word_1_126' title='bbox 891 2201 1064 2272; x_wconf 79' lang='lat' dir='ltr'>incommoda.</span> 
     </span>
    </p>

    <p class='ocr_par' dir='ltr' id='par_1_10' title="bbox 42 2309 1336 3694">
     <span class='ocr_line' id='line_1_17' title="bbox 136 2309 1305 2404; baseline 0.002 -30"><span class='ocrx_word' id='word_1_127' title='bbox 136 2309 259 2374; x_wconf 92' lang='lat' dir='ltr'><strong>Variae</strong></span> <span class='ocrx_word' id='word_1_128' title='bbox 282 2310 381 2374; x_wconf 90' lang='lat' dir='ltr'><strong>etiam</strong></span> <span class='ocrx_word' id='word_1_129' title='bbox 403 2309 645 2372; x_wconf 85' lang='lat' dir='ltr'>mendaciorum</span> <span class='ocrx_word' id='word_1_130' title='bbox 668 2310 939 2404; x_wconf 84' lang='lat' dir='ltr'><strong>infitiationisque</strong></span> <span class='ocrx_word' id='word_1_131' title='bbox 958 2333 1090 2396; x_wconf 87' lang='lat' dir='ltr'><strong>poenae</strong></span> <span class='ocrx_word' id='word_1_132' title='bbox 1106 2311 1305 2376; x_wconf 88' lang='lat' dir='ltr'><strong>constitutae</strong></span> 
     </span>
     <span class='ocr_line' id='line_1_18' title="bbox 50 2401 1336 2504; baseline -0.001 -21"><span class='ocrx_word' id='word_1_133' title='bbox 50 2427 128 2492; x_wconf 91' lang='lat' dir='ltr'><strong>sunt</strong></span> <span class='ocrx_word' id='word_1_134' title='bbox 140 2422 195 2500; x_wconf 81' lang='lat'><strong>¹¹¹),</strong></span> <span class='ocrx_word' id='word_1_135' title='bbox 211 2417 243 2482; x_wconf 92' lang='lat' dir='ltr'><strong>in</strong></span> <span class='ocrx_word' id='word_1_136' title='bbox 260 2417 377 2502; x_wconf 92' lang='lat' dir='ltr'><strong>quibus</strong></span> <span class='ocrx_word' id='word_1_137' title='bbox 398 2417 481 2483; x_wconf 91' lang='lat' dir='ltr'><strong>haec</strong></span> <span class='ocrx_word' id='word_1_138' title='bbox 499 2417 555 2481; x_wconf 88' lang='lat' dir='ltr'><strong>vel</strong></span> <span class='ocrx_word' id='word_1_139' title='bbox 574 2418 715 2480; x_wconf 86' lang='lat' dir='ltr'>maxime</span> <span class='ocrx_word' id='word_1_140' title='bbox 733 2401 874 2500; x_wconf 75' lang='lat' dir='ltr'><strong>eminet,</strong></span> <span class='ocrx_word' id='word_1_141' title='bbox 892 2439 955 2504; x_wconf 89' lang='lat' dir='ltr'>qua</span> <span class='ocrx_word' id='word_1_142' title='bbox 978 2420 1018 2483; x_wconf 92' lang='lat' dir='ltr'><strong>lis</strong></span> <span class='ocrx_word' id='word_1_143' title='bbox 1040 2419 1219 2486; x_wconf 89' lang='lat' dir='ltr'>inficiando</span> <span class='ocrx_word' id='word_1_144' title='bbox 1234 2441 1306 2482; x_wconf 87' lang='lat' dir='ltr'><strong>cre·</strong></span> <span class='ocrx_word' id='word_1_145' title='bbox 1330 2461 1336 2482; x_wconf 71' lang='grc' dir='ltr'>ι</span> 
     </span>
     <span class='ocr_line' id='line_1_19' title="bbox 49 2507 1305 2614; baseline -0.001 -23"><span class='ocrx_word' id='word_1_146' title='bbox 49 2526 167 2591; x_wconf 86' lang='lat' dir='ltr'><strong>scebat</strong></span> <span class='ocrx_word' id='word_1_147' title='bbox 185 2526 219 2589; x_wconf 90' lang='lat' dir='ltr'><strong>in</strong></span> <span class='ocrx_word' id='word_1_148' title='bbox 236 2523 382 2611; x_wconf 93' lang='lat' dir='ltr'><strong>duplum,</strong></span> <span class='ocrx_word' id='word_1_149' title='bbox 397 2534 433 2589; x_wconf 94' lang='lat' dir='ltr'><strong>ut</strong></span> <span class='ocrx_word' id='word_1_150' title='bbox 451 2526 483 2589; x_wconf 93' lang='lat' dir='ltr'><strong>in</strong></span> <span class='ocrx_word' id='word_1_151' title='bbox 500 2526 604 2589; x_wconf 87' lang='lat' dir='ltr'><strong>causis</strong></span> <span class='ocrx_word' id='word_1_152' title='bbox 619 2507 779 2610; x_wconf 80' lang='lat' dir='ltr'><strong>judicati,</strong></span> <span class='ocrx_word' id='word_1_153' title='bbox 796 2527 945 2612; x_wconf 89' lang='lat' dir='ltr'><strong>depensi,</strong></span> <span class='ocrx_word' id='word_1_154' title='bbox 961 2527 1071 2591; x_wconf 91' lang='lat' dir='ltr'>damni</span> <span class='ocrx_word' id='word_1_155' title='bbox 1089 2528 1209 2614; x_wconf 88' lang='lat' dir='ltr'><strong>injuria</strong></span> <span class='ocrx_word' id='word_1_156' title='bbox 1225 2528 1305 2610; x_wconf 91' lang='lat' dir='ltr'><strong>dati,</strong></span> 
     </span>
     <span class='ocr_line' id='line_1_20' title="bbox 47 2634 1306 2722; baseline -0.001 -22"><span class='ocrx_word' id='word_1_157' title='bbox 47 2637 239 2722; x_wconf 84' lang='lat' dir='ltr'><strong>legatorum</strong></span> <span class='ocrx_word' id='word_1_158' title='bbox 256 2653 315 2716; x_wconf 89' lang='lat' dir='ltr'><strong>per</strong></span> <span class='ocrx_word' id='word_1_159' title='bbox 330 2634 572 2700; x_wconf 85' lang='lat' dir='ltr'>damnationem</span> <span class='ocrx_word' id='word_1_160' title='bbox 595 2634 784 2700; x_wconf 87' lang='lat' dir='ltr'><strong>relictorum</strong></span> <span class='ocrx_word' id='word_1_161' title='bbox 799 2641 844 2718; x_wconf 86' lang='lat'>¹¹).</span> <span class='ocrx_word' id='word_1_162' title='bbox 866 2637 1048 2702; x_wconf 89' lang='lat' dir='ltr'><strong>Praeterea</strong></span> <span class='ocrx_word' id='word_1_163' title='bbox 1062 2658 1179 2700; x_wconf 89' lang='lat' dir='ltr'><strong>causae</strong></span> <span class='ocrx_word' id='word_1_164' title='bbox 1194 2636 1306 2720; x_wconf 84' lang='lat' dir='ltr'><strong>jactu-</strong></span> 
     </span>
     <span class='ocr_line' id='line_1_21' title="bbox 47 2741 1306 2831; baseline 0.001 -24"><span class='ocrx_word' id='word_1_165' title='bbox 47 2766 120 2810; x_wconf 87' lang='lat' dir='ltr'>ram</span> <span class='ocrx_word' id='word_1_166' title='bbox 146 2742 224 2806; x_wconf 89' lang='lat' dir='ltr'><strong>olim</strong></span> <span class='ocrx_word' id='word_1_167' title='bbox 248 2741 409 2824; x_wconf 86' lang='lat' dir='ltr'><strong>faciebat,</strong></span> <span class='ocrx_word' id='word_1_168' title='bbox 433 2744 489 2828; x_wconf 91' lang='lat' dir='ltr'><strong>qui</strong></span> <span class='ocrx_word' id='word_1_169' title='bbox 509 2744 697 2808; x_wconf 91' lang='lat' dir='ltr'><strong>intentione</strong></span> <span class='ocrx_word' id='word_1_170' title='bbox 720 2744 793 2829; x_wconf 92' lang='lat' dir='ltr'><strong>plus</strong></span> <span class='ocrx_word' id='word_1_171' title='bbox 809 2744 1000 2831; x_wconf 89' lang='lat' dir='ltr'><strong>complexus</strong></span> <span class='ocrx_word' id='word_1_172' title='bbox 1024 2754 1127 2826; x_wconf 90' lang='lat' dir='ltr'><strong>esset,</strong></span> <span class='ocrx_word' id='word_1_173' title='bbox 1143 2765 1240 2829; x_wconf 90' lang='lat' dir='ltr'>quam</span> <span class='ocrx_word' id='word_1_174' title='bbox 1263 2745 1306 2808; x_wconf 92' lang='lat' dir='ltr'><strong>ad</strong></span> 
     </span>
     <span class='ocr_line' id='line_1_22' title="bbox 48 2847 1316 2936; baseline -0.001 -20"><span class='ocrx_word' id='word_1_175' title='bbox 48 2874 127 2916; x_wconf 92' lang='lat' dir='ltr'><strong>eum</strong></span> <span class='ocrx_word' id='word_1_176' title='bbox 151 2849 354 2935; x_wconf 87' lang='lat' dir='ltr'><strong>pertineret,</strong></span> <span class='ocrx_word' id='word_1_177' title='bbox 370 2851 438 2914; x_wconf 90' lang='lat' dir='ltr'><strong>sive</strong></span> <span class='ocrx_word' id='word_1_178' title='bbox 461 2873 511 2926; x_wconf 86' lang='lat' dir='ltr'><strong>ro,</strong></span> <span class='ocrx_word' id='word_1_179' title='bbox 533 2851 602 2915; x_wconf 89' lang='lat' dir='ltr'><strong>sive</strong></span> <span class='ocrx_word' id='word_1_180' title='bbox 625 2862 774 2934; x_wconf 80' lang='lat' dir='ltr'><strong>tempore,</strong></span> <span class='ocrx_word' id='word_1_181' title='bbox 789 2852 859 2916; x_wconf 90' lang='lat' dir='ltr'><strong>sive</strong></span> <span class='ocrx_word' id='word_1_182' title='bbox 881 2855 959 2927; x_wconf 78' lang='lat' dir='ltr'><strong>tono,</strong></span> <span class='ocrx_word' id='word_1_183' title='bbox 979 2853 1049 2916; x_wconf 90' lang='lat' dir='ltr'><strong>sive</strong></span> <span class='ocrx_word' id='word_1_184' title='bbox 1071 2873 1170 2915; x_wconf 82' lang='lat' dir='ltr'><strong>causa</strong></span> <span class='ocrx_word' id='word_1_185' title='bbox 1184 2858 1213 2932; x_wconf 92' lang='lat'><strong>⁰)</strong></span> <span class='ocrx_word' id='word_1_186' title='bbox 1231 2847 1316 2936; x_wconf 64' lang='lat' dir='ltr'><strong>plus&#39;</strong></span> 
     </span>
     <span class='ocr_line' id='line_1_23' title="bbox 46 2958 1305 3048; baseline -0.004 -22"><span class='ocrx_word' id='word_1_187' title='bbox 46 2961 205 3048; x_wconf 89' lang='lat' dir='ltr'><strong>petiisset</strong></span> <span class='ocrx_word' id='word_1_188' title='bbox 221 2965 265 3041; x_wconf 77' lang='lat'>1²).</span> <span class='ocrx_word' id='word_1_189' title='bbox 287 2960 425 3025; x_wconf 83' lang='lat' dir='ltr'><strong>Incertis</strong></span> <span class='ocrx_word' id='word_1_190' title='bbox 446 2980 526 3023; x_wconf 83' lang='lat' dir='ltr'><strong>vero</strong></span> <span class='ocrx_word' id='word_1_191' title='bbox 542 2959 690 3024; x_wconf 86' lang='lat' dir='ltr'><strong>formulis</strong></span> <span class='ocrx_word' id='word_1_192' title='bbox 711 2959 784 3044; x_wconf 87' lang='lat' dir='ltr'><strong>plus</strong></span> <span class='ocrx_word' id='word_1_193' title='bbox 805 2959 875 3044; x_wconf 90' lang='lat' dir='ltr'><strong>peti</strong></span> <span class='ocrx_word' id='word_1_194' title='bbox 891 2960 1060 3045; x_wconf 89' lang='lat' dir='ltr'><strong>nequibat,</strong></span> <span class='ocrx_word' id='word_1_195' title='bbox 1077 2958 1230 3044; x_wconf 90' lang='lat' dir='ltr'>quoniam</span> <span class='ocrx_word' id='word_1_196' title='bbox 1248 2960 1305 3044; x_wconf 92' lang='lat' dir='ltr'><strong>qui</strong></span> 
     </span>
     <span class='ocr_line' id='line_1_24' title="bbox 45 3065 1304 3152; baseline -0.006 -16"><span class='ocrx_word' id='word_1_197' title='bbox 45 3073 99 3136; x_wconf 90' lang='lat' dir='ltr'><strong>ita</strong></span> <span class='ocrx_word' id='word_1_198' title='bbox 121 3067 282 3133; x_wconf 87' lang='lat' dir='ltr'><strong>intendit:</strong></span> <span class='ocrx_word' id='word_1_199' title='bbox 303 3067 454 3150; x_wconf 79' lang='lat' dir='ltr'>quidquid</span> <span class='ocrx_word' id='word_1_200' title='bbox 469 3067 689 3132; x_wconf 89' lang='lat' dir='ltr'><strong>adversarium</strong></span> <span class='ocrx_word' id='word_1_201' title='bbox 713 3067 791 3130; x_wconf 89' lang='lat' dir='ltr'><strong>dare</strong></span> <span class='ocrx_word' id='word_1_202' title='bbox 814 3067 924 3134; x_wconf 86' lang='lat' dir='ltr'><strong>facere</strong></span> <span class='ocrx_word' id='word_1_203' title='bbox 945 3075 1117 3152; x_wconf 86' lang='lat' dir='ltr'><strong>oporteat,</strong></span> <span class='ocrx_word' id='word_1_204' title='bbox 1132 3065 1215 3129; x_wconf 91' lang='lat' dir='ltr'><strong>nihil</strong></span> <span class='ocrx_word' id='word_1_205' title='bbox 1237 3087 1304 3130; x_wconf 90' lang='lat' dir='ltr'>am-</span> 
     </span>
     <span class='ocr_line' id='line_1_25' title="bbox 45 3174 1304 3264; baseline -0.004 -24"><span class='ocrx_word' id='word_1_206' title='bbox 45 3178 142 3264; x_wconf 85' lang='lat' dir='ltr'><strong>plius</strong></span> <span class='ocrx_word' id='word_1_207' title='bbox 160 3175 261 3260; x_wconf 91' lang='lat' dir='ltr'><strong>petit,</strong></span> <span class='ocrx_word' id='word_1_208' title='bbox 286 3196 381 3260; x_wconf 88' lang='lat' dir='ltr'><strong>quarn</strong></span> <span class='ocrx_word' id='word_1_209' title='bbox 406 3175 496 3259; x_wconf 92' lang='lat' dir='ltr'><strong>quod</strong></span> <span class='ocrx_word' id='word_1_210' title='bbox 521 3175 584 3238; x_wconf 87' lang='lat' dir='ltr'><strong>sibi</strong></span> <span class='ocrx_word' id='word_1_211' title='bbox 607 3175 748 3239; x_wconf 91' lang='lat' dir='ltr'><strong>debetur</strong></span> <span class='ocrx_word' id='word_1_212' title='bbox 762 3180 805 3256; x_wconf 70' lang='lat' dir='ltr'><strong>t).</strong></span> <span class='ocrx_word' id='word_1_213' title='bbox 834 3175 929 3254; x_wconf 88' lang='lat' dir='ltr'><strong>Quae</strong></span> <span class='ocrx_word' id='word_1_214' title='bbox 952 3195 1050 3259; x_wconf 88' lang='lat' dir='ltr'>quum</span> <span class='ocrx_word' id='word_1_215' title='bbox 1073 3175 1120 3238; x_wconf 90' lang='lat' dir='ltr'><strong>ita</strong></span> <span class='ocrx_word' id='word_1_216' title='bbox 1144 3174 1225 3254; x_wconf 90' lang='lat' dir='ltr'><strong>sint,</strong></span> <span class='ocrx_word' id='word_1_217' title='bbox 1247 3174 1304 3238; x_wconf 89' lang='lat' dir='ltr'><strong>vix</strong></span> 
     </span>
     <span class='ocr_line' id='line_1_26' title="bbox 46 3279 1305 3368; baseline -0.007 -17"><span class='ocrx_word' id='word_1_218' title='bbox 46 3284 120 3352; x_wconf 89' lang='lat' dir='ltr'><strong>dici</strong></span> <span class='ocrx_word' id='word_1_219' title='bbox 147 3291 275 3368; x_wconf 87' lang='lat' dir='ltr'><strong>potest,</strong></span> <span class='ocrx_word' id='word_1_220' title='bbox 297 3281 340 3344; x_wconf 91' lang='lat' dir='ltr'>ad</span> <span class='ocrx_word' id='word_1_221' title='bbox 368 3302 492 3365; x_wconf 90' lang='lat' dir='ltr'><strong>poenas</strong></span> <span class='ocrx_word' id='word_1_222' title='bbox 515 3289 640 3346; x_wconf 88' lang='lat' dir='ltr'><strong>temere</strong></span> <span class='ocrx_word' id='word_1_223' title='bbox 669 3281 867 3367; x_wconf 89' lang='lat' dir='ltr'><strong>litigantium</strong></span> <span class='ocrx_word' id='word_1_224' title='bbox 887 3282 1064 3346; x_wconf 90' lang='lat' dir='ltr'><strong>referenda</strong></span> <span class='ocrx_word' id='word_1_225' title='bbox 1090 3302 1160 3344; x_wconf 89' lang='lat' dir='ltr'><strong>esse</strong></span> <span class='ocrx_word' id='word_1_226' title='bbox 1186 3279 1305 3364; x_wconf 86' lang='lat' dir='ltr'><strong>pluris-</strong></span> 
     </span>
     <span class='ocr_line' id='line_1_27' title="bbox 45 3387 1305 3480; baseline -0.006 -24"><span class='ocrx_word' id='word_1_227' title='bbox 45 3391 226 3480; x_wconf 90' lang='lat' dir='ltr'><strong>petitionis</strong></span> <span class='ocrx_word' id='word_1_228' title='bbox 244 3389 470 3473; x_wconf 89' lang='lat' dir='ltr'>incommoda,</span> <span class='ocrx_word' id='word_1_229' title='bbox 500 3413 596 3476; x_wconf 90' lang='lat' dir='ltr'>quum</span> <span class='ocrx_word' id='word_1_230' title='bbox 622 3392 806 3455; x_wconf 89' lang='lat' dir='ltr'><strong>necessaria</strong></span> <span class='ocrx_word' id='word_1_231' title='bbox 827 3390 967 3475; x_wconf 89' lang='lat' dir='ltr'>quadam</span> <span class='ocrx_word' id='word_1_232' title='bbox 990 3390 1120 3452; x_wconf 91' lang='lat' dir='ltr'><strong>ratione</strong></span> <span class='ocrx_word' id='word_1_233' title='bbox 1146 3387 1305 3471; x_wconf 90' lang='lat' dir='ltr'><strong>ipsarum-</strong></span> 
     </span>
     <span class='ocr_line' id='line_1_28' title="bbox 43 3494 1302 3588; baseline -0.006 -24"><span class='ocrx_word' id='word_1_234' title='bbox 43 3507 117 3588; x_wconf 85' lang='lat' dir='ltr'><strong>qrie</strong></span> <span class='ocrx_word' id='word_1_235' title='bbox 143 3495 355 3561; x_wconf 85' lang='lat' dir='ltr'><strong>formularum</strong></span> <span class='ocrx_word' id='word_1_236' title='bbox 379 3498 411 3561; x_wconf 90' lang='lat' dir='ltr'><strong>vi</strong></span> <span class='ocrx_word' id='word_1_237' title='bbox 434 3521 473 3562; x_wconf 88' lang='lat' dir='ltr'><strong>ao</strong></span> <span class='ocrx_word' id='word_1_238' title='bbox 493 3508 660 3582; x_wconf 87' lang='lat' dir='ltr'><strong>potestate</strong></span> <span class='ocrx_word' id='word_1_239' title='bbox 684 3499 887 3580; x_wconf 87' lang='lat' dir='ltr'><strong>efficeretur,</strong></span> <span class='ocrx_word' id='word_1_240' title='bbox 910 3506 946 3562; x_wconf 94' lang='lat' dir='ltr'><strong>ut</strong></span> <span class='ocrx_word' id='word_1_241' title='bbox 960 3520 1058 3561; x_wconf 89' lang='lat' dir='ltr'><strong>causa</strong></span> <span class='ocrx_word' id='word_1_242' title='bbox 1073 3495 1225 3578; x_wconf 87' lang='lat' dir='ltr'><strong>caderet,</strong></span> <span class='ocrx_word' id='word_1_243' title='bbox 1247 3494 1302 3580; x_wconf 93' lang='lat' dir='ltr'><strong>qui</strong></span> 
     </span>
     <span class='ocr_line' id='line_1_29' title="bbox 42 3603 1302 3694; baseline -0.007 -20"><span class='ocrx_word' id='word_1_244' title='bbox 42 3612 83 3674; x_wconf 92' lang='lat' dir='ltr'><strong>in</strong></span> <span class='ocrx_word' id='word_1_245' title='bbox 109 3605 193 3670; x_wconf 87' lang='lat' dir='ltr'><strong>certi</strong></span> <span class='ocrx_word' id='word_1_246' title='bbox 215 3604 357 3671; x_wconf 87' lang='lat' dir='ltr'><strong>formula</strong></span> <span class='ocrx_word' id='word_1_247' title='bbox 376 3606 467 3691; x_wconf 90' lang='lat' dir='ltr'><strong>plus,</strong></span> <span class='ocrx_word' id='word_1_248' title='bbox 490 3629 585 3692; x_wconf 91' lang='lat' dir='ltr'>quam</span> <span class='ocrx_word' id='word_1_249' title='bbox 612 3605 809 3694; x_wconf 84' lang='lat' dir='ltr'><strong>oportebat,</strong></span> <span class='ocrx_word' id='word_1_250' title='bbox 826 3606 1015 3672; x_wconf 90' lang='lat' dir='ltr'><strong>intenderat</strong></span> <span class='ocrx_word' id='word_1_251' title='bbox 1030 3609 1072 3688; x_wconf 86' lang='lat' dir='ltr'><strong>r).</strong></span> <span class='ocrx_word' id='word_1_252' title='bbox 1094 3603 1202 3689; x_wconf 86' lang='lat' dir='ltr'><strong>Magis</strong></span> <span class='ocrx_word' id='word_1_253' title='bbox 1223 3623 1302 3667; x_wconf 91' lang='lat' dir='ltr'><strong>vero</strong></span> 
     </span>
    </p>
   </div>
   <div class='ocr_carea' id='block_1_9' title="bbox 45 3737 348 3754">
    <p class='ocr_par' dir='ltr' id='par_1_11' title="bbox 45 3737 348 3754">
     <span class='ocr_line' id='line_1_30' title="bbox 45 3737 348 3754; baseline -0.007 -4"><span class='ocrx_word' id='word_1_254' title='bbox 45 3737 348 3754; x_wconf 49' lang='lat' dir='ltr'><em>W</em></span> 
     </span>
    </p>
   </div>
   <div class='ocr_carea' id='block_1_10' title="bbox 121 3794 920 3864">
    <p class='ocr_par' dir='ltr' id='par_1_12' title="bbox 121 3794 920 3864">
     <span class='ocr_line' id='line_1_31' title="bbox 121 3794 920 3864; baseline -0.003 -14"><span class='ocrx_word' id='word_1_255' title='bbox 121 3797 148 3864; x_wconf 92' lang='lat' dir='ltr'><strong>l)</strong></span> <span class='ocrx_word' id='word_1_256' title='bbox 169 3796 336 3864; x_wconf 74' lang='lat' dir='ltr'><strong>uaj.1v.§.</strong></span> <span class='ocrx_word' id='word_1_257' title='bbox 357 3799 414 3848; x_wconf 86' lang='grc'><strong>180.</strong></span> <span class='ocrx_word' id='word_1_258' title='bbox 434 3799 491 3850; x_wconf 85' lang='grc'><strong>161.</strong></span> <span class='ocrx_word' id='word_1_259' title='bbox 508 3811 567 3862; x_wconf 77' lang='lat' dir='ltr'><strong>cap.</strong></span> <span class='ocrx_word' id='word_1_260' title='bbox 585 3801 628 3850; x_wconf 80' lang='grc'><strong>25.</strong></span> <span class='ocrx_word' id='word_1_261' title='bbox 647 3812 674 3862; x_wconf 86' lang='lat' dir='ltr'><strong>p.</strong></span> <span class='ocrx_word' id='word_1_262' title='bbox 695 3797 752 3850; x_wconf 90' lang='grc'><strong>116.</strong></span> <span class='ocrx_word' id='word_1_263' title='bbox 770 3811 812 3864; x_wconf 84' lang='lat' dir='ltr'><strong>sq·</strong></span> <span class='ocrx_word' id='word_1_264' title='bbox 831 3794 920 3848; x_wconf 80' lang='lat' dir='ltr'><strong>Mitti.</strong></span> 
     </span>
    </p>
   </div>
   <div class='ocr_carea' id='block_1_11' title="bbox 121 3855 1422 3950">
    <p class='ocr_par' dir='ltr' id='par_1_13' title="bbox 121 3855 1422 3950">
     <span class='ocr_line' id='line_1_32' title="bbox 121 3855 1422 3950; baseline -0.005 -16"><span class='ocrx_word' id='word_1_265' title='bbox 121 3881 166 3948; x_wconf 85' lang='grc' dir='ltr'>ιιι)</span> <span class='ocrx_word' id='word_1_266' title='bbox 186 3880 250 3933; x_wconf 82' lang='lat' dir='ltr'><strong>vra.</strong></span> <span class='ocrx_word' id='word_1_267' title='bbox 274 3897 302 3934; x_wconf 79' lang='lat' dir='ltr'><strong>v.</strong></span> <span class='ocrx_word' id='word_1_268' title='bbox 326 3899 349 3934; x_wconf 74' lang='grc' dir='ltr'><strong>ι.</strong></span> <span class='ocrx_word' id='word_1_269' title='bbox 372 3881 404 3932; x_wconf 78' lang='lat' dir='ltr'>a.</span> <span class='ocrx_word' id='word_1_270' title='bbox 422 3885 465 3932; x_wconf 86' lang='lat'><strong>11.</strong></span> <span class='ocrx_word' id='word_1_271' title='bbox 487 3881 507 3946; x_wconf 68' lang='grc' dir='ltr'><strong>ς.</strong></span> <span class='ocrx_word' id='word_1_272' title='bbox 531 3883 558 3932; x_wconf 82' lang='lat' dir='ltr'><strong>a</strong></span> <span class='ocrx_word' id='word_1_273' title='bbox 580 3887 606 3934; x_wconf 82' lang='lat'><strong>4.</strong></span> <span class='ocrx_word' id='word_1_274' title='bbox 631 3882 666 3933; x_wconf 84' lang='lat' dir='ltr'><strong>n.</strong></span> <span class='ocrx_word' id='word_1_275' title='bbox 689 3881 721 3932; x_wconf 72' lang='lat' dir='ltr'><strong>a</strong></span> <span class='ocrx_word' id='word_1_276' title='bbox 738 3881 833 3933; x_wconf 66' lang='grc' dir='ltr'><strong>ιἰιινι.</strong></span> <span class='ocrx_word' id='word_1_277' title='bbox 850 3883 878 3934; x_wconf 76' lang='lat' dir='ltr'><strong>a</strong></span> <span class='ocrx_word' id='word_1_278' title='bbox 890 3882 958 3950; x_wconf 67' lang='lat' dir='ltr'><strong>jure</strong></span> <span class='ocrx_word' id='word_1_279' title='bbox 966 3855 1079 3948; x_wconf 67' lang='lat' dir='ltr'><strong>faa&#39;n.</strong></span> <span class='ocrx_word' id='word_1_280' title='bbox 1096 3882 1140 3932; x_wconf 75' lang='lat' dir='ltr'><strong>os.</strong></span> <span class='ocrx_word' id='word_1_281' title='bbox 1154 3895 1201 3946; x_wconf 73' lang='lat' dir='ltr'><strong>pr.</strong></span> <span class='ocrx_word' id='word_1_282' title='bbox 1218 3878 1253 3930; x_wconf 86' lang='lat' dir='ltr'><strong>n.</strong></span> <span class='ocrx_word' id='word_1_283' title='bbox 1271 3877 1303 3928; x_wconf 73' lang='lat' dir='ltr'>a</span> <span class='ocrx_word' id='word_1_284' title='bbox 1418 3930 1422 3936; x_wconf 68' lang='grc'><strong><em>,</em></strong></span> 
     </span>
    </p>
   </div>
   <div class='ocr_carea' id='block_1_12' title="bbox 37 3966 1302 4723">
    <p class='ocr_par' dir='ltr' id='par_1_14' title="bbox 37 3966 481 4044">
     <span class='ocr_line' id='line_1_33' title="bbox 37 3966 481 4044; baseline -0.009 -23"><span class='ocrx_word' id='word_1_285' title='bbox 37 3966 157 4040; x_wconf 82' lang='lat' dir='ltr'><strong>probat.</strong></span> <span class='ocrx_word' id='word_1_286' title='bbox 218 3980 220 3991; x_wconf 92' lang='grc'><strong><em>·</em></strong></span> <span class='ocrx_word' id='word_1_287' title='bbox 470 4027 481 4044; x_wconf 51' lang='grc'><strong>.</strong></span> 
     </span>
    </p>

    <p class='ocr_par' dir='ltr' id='par_1_15' title="bbox 41 4047 1301 4379">
     <span class='ocr_line' id='line_1_34' title="bbox 121 4047 631 4118; baseline 0 -16"><span class='ocrx_word' id='word_1_288' title='bbox 121 4051 156 4116; x_wconf 88' lang='lat' dir='ltr'><strong>n)</strong></span> <span class='ocrx_word' id='word_1_289' title='bbox 178 4048 238 4115; x_wconf 84' lang='lat' dir='ltr'><strong>Gaj.</strong></span> <span class='ocrx_word' id='word_1_290' title='bbox 257 4049 306 4102; x_wconf 88' lang='lat' dir='ltr'><strong>IV.</strong></span> <span class='ocrx_word' id='word_1_291' title='bbox 324 4050 345 4116; x_wconf 61' lang='grc' dir='ltr'><strong>ξ.</strong></span> <span class='ocrx_word' id='word_1_292' title='bbox 365 4054 423 4104; x_wconf 85' lang='grc'><strong>171.</strong></span> <span class='ocrx_word' id='word_1_293' title='bbox 442 4049 509 4118; x_wconf 35' lang='grc'><strong>5.,1.</strong></span> <span class='ocrx_word' id='word_1_294' title='bbox 527 4047 552 4100; x_wconf 94' lang='lat' dir='ltr'><strong>I.</strong></span> <span class='ocrx_word' id='word_1_295' title='bbox 569 4048 595 4101; x_wconf 82' lang='lat' dir='ltr'><strong>t.</strong></span> <span class='ocrx_word' id='word_1_296' title='bbox 613 4058 631 4102; x_wconf 85' lang='lat' dir='ltr'><strong>t.</strong></span> 
     </span>
     <span class='ocr_line' id='line_1_35' title="bbox 41 4129 1301 4208; baseline -0.003 -22"><span class='ocrx_word' id='word_1_297' title='bbox 41 4201 45 4208; x_wconf 36' lang='grc' dir='ltr'>Ι</span> <span class='ocrx_word' id='word_1_298' title='bbox 123 4138 157 4201; x_wconf 91' lang='grc' dir='ltr'><strong>ο)</strong></span> <span class='ocrx_word' id='word_1_299' title='bbox 179 4135 351 4202; x_wconf 64' lang='lat' dir='ltr'><strong>Causa‘plus</strong></span> <span class='ocrx_word' id='word_1_300' title='bbox 370 4133 452 4199; x_wconf 82' lang='lat' dir='ltr'><strong>petit,</strong></span> <span class='ocrx_word' id='word_1_301' title='bbox 471 4131 518 4200; x_wconf 93' lang='lat' dir='ltr'><strong>qui</strong></span> <span class='ocrx_word' id='word_1_302' title='bbox 535 4132 685 4187; x_wconf 85' lang='lat' dir='ltr'><strong>intentione</strong></span> <span class='ocrx_word' id='word_1_303' title='bbox 702 4134 860 4198; x_wconf 76' lang='lat' dir='ltr'><strong>electionem</strong></span> <span class='ocrx_word' id='word_1_304' title='bbox 878 4135 950 4189; x_wconf 93' lang='lat' dir='ltr'><strong>tollit</strong></span> <span class='ocrx_word' id='word_1_305' title='bbox 966 4131 1138 4198; x_wconf 79' lang='lat' dir='ltr'><strong>adversario,</strong></span> <span class='ocrx_word' id='word_1_306' title='bbox 1164 4133 1238 4184; x_wconf 85' lang='lat' dir='ltr'><strong>velut</strong></span> <span class='ocrx_word' id='word_1_307' title='bbox 1255 4129 1301 4199; x_wconf 92' lang='lat' dir='ltr'><strong>qui</strong></span> 
     </span>
     <span class='ocr_line' id='line_1_36' title="bbox 43 4217 1301 4288; baseline -0.006 -13"><span class='ocrx_word' id='word_1_308' title='bbox 43 4221 191 4277; x_wconf 87' lang='lat' dir='ltr'>hominem</span> <span class='ocrx_word' id='word_1_309' title='bbox 211 4217 291 4285; x_wconf 87' lang='lat' dir='ltr'><strong>petit,</strong></span> <span class='ocrx_word' id='word_1_310' title='bbox 310 4235 395 4288; x_wconf 89' lang='lat' dir='ltr'>quum</span> <span class='ocrx_word' id='word_1_311' title='bbox 413 4227 459 4272; x_wconf 78' lang='lat' dir='ltr'><strong>aar</strong></span> <span class='ocrx_word' id='word_1_312' title='bbox 476 4220 559 4272; x_wconf 89' lang='lat' dir='ltr'>homo</span> <span class='ocrx_word' id='word_1_313' title='bbox 577 4227 624 4270; x_wconf 79' lang='lat' dir='ltr'><strong>out</strong></span> <span class='ocrx_word' id='word_1_314' title='bbox 645 4221 759 4285; x_wconf 83' lang='lat' dir='ltr'><strong>pecunia</strong></span> <span class='ocrx_word' id='word_1_315' title='bbox 778 4221 806 4273; x_wconf 90' lang='lat' dir='ltr'><strong>in</strong></span> <span class='ocrx_word' id='word_1_316' title='bbox 824 4219 988 4288; x_wconf 73' lang='lat' dir='ltr'><strong>obligatione</strong></span> <span class='ocrx_word' id='word_1_317' title='bbox 1006 4226 1062 4282; x_wconf 78' lang='lat' dir='ltr'><strong>est3</strong></span> <span class='ocrx_word' id='word_1_318' title='bbox 1085 4217 1145 4284; x_wconf 81' lang='lat' dir='ltr'><strong>Gaj.</strong></span> <span class='ocrx_word' id='word_1_319' title='bbox 1157 4217 1205 4269; x_wconf 88' lang='lat' dir='ltr'><strong>IV.</strong></span> <span class='ocrx_word' id='word_1_320' title='bbox 1219 4217 1241 4284; x_wconf 65' lang='grc' dir='ltr'><strong>ξ.</strong></span> <span class='ocrx_word' id='word_1_321' title='bbox 1259 4219 1301 4268; x_wconf 80' lang='grc'><strong>53.</strong></span> 
     </span>
     <span class='ocr_line' id='line_1_37' title="bbox 42 4304 359 4379; baseline -0.006 -19"><span class='ocrx_word' id='word_1_322' title='bbox 42 4311 67 4379; x_wconf 81' lang='lat'><strong>§.</strong></span> <span class='ocrx_word' id='word_1_323' title='bbox 81 4311 128 4360; x_wconf 79' lang='lat'><strong>3³.</strong></span> <span class='ocrx_word' id='word_1_324' title='bbox 147 4305 172 4357; x_wconf 96' lang='grc' dir='ltr'><strong>Ι.</strong></span> <span class='ocrx_word' id='word_1_325' title='bbox 191 4304 222 4356; x_wconf 82' lang='lat' dir='ltr'><strong>de</strong></span> <span class='ocrx_word' id='word_1_326' title='bbox 240 4305 359 4358; x_wconf 77' lang='lat' dir='ltr'><strong>actioaib.</strong></span> 
     </span>
    </p>

    <p class='ocr_par' dir='ltr' id='par_1_16' title="bbox 42 4381 1302 4545">
     <span class='ocr_line' id='line_1_38' title="bbox 122 4381 1302 4459; baseline -0.006 -17"><span class='ocrx_word' id='word_1_327' title='bbox 122 4392 157 4457; x_wconf 89' lang='lat' dir='ltr'><strong>p)</strong></span> <span class='ocrx_word' id='word_1_328' title='bbox 177 4390 238 4458; x_wconf 83' lang='lat' dir='ltr'><strong>Gaj.</strong></span> <span class='ocrx_word' id='word_1_329' title='bbox 255 4386 305 4444; x_wconf 82' lang='lat' dir='ltr'><strong>1v.</strong></span> <span class='ocrx_word' id='word_1_330' title='bbox 322 4392 343 4459; x_wconf 65' lang='grc' dir='ltr'><strong>ξ.</strong></span> <span class='ocrx_word' id='word_1_331' title='bbox 357 4394 470 4444; x_wconf 86' lang='grc'><strong>53-60.</strong></span> <span class='ocrx_word' id='word_1_332' title='bbox 487 4391 508 4457; x_wconf 64' lang='grc' dir='ltr'><strong>ς.</strong></span> <span class='ocrx_word' id='word_1_333' title='bbox 525 4394 637 4443; x_wconf 81' lang='grc'><strong>33-35.</strong></span> <span class='ocrx_word' id='word_1_334' title='bbox 655 4390 679 4441; x_wconf 96' lang='grc' dir='ltr'><strong>Ι.</strong></span> <span class='ocrx_word' id='word_1_335' title='bbox 694 4390 719 4441; x_wconf 80' lang='lat' dir='ltr'><strong>t.</strong></span> <span class='ocrx_word' id='word_1_336' title='bbox 735 4400 752 4443; x_wconf 81' lang='lat' dir='ltr'><strong>t.</strong></span> <span class='ocrx_word' id='word_1_337' title='bbox 780 4392 833 4444; x_wconf 78' lang='lat' dir='ltr'><strong>Vnt.</strong></span> <span class='ocrx_word' id='word_1_338' title='bbox 846 4391 954 4458; x_wconf 73' lang='lat' dir='ltr'><strong>Frapm.</strong></span> <span class='ocrx_word' id='word_1_339' title='bbox 965 4390 985 4455; x_wconf 64' lang='grc' dir='ltr'><strong>ξ.</strong></span> <span class='ocrx_word' id='word_1_340' title='bbox 1002 4391 1045 4440; x_wconf 85' lang='grc'><strong>53.</strong></span> <span class='ocrx_word' id='word_1_341' title='bbox 1057 4415 1091 4428; x_wconf 87' lang='lat'><em>-</em></span> <span class='ocrx_word' id='word_1_342' title='bbox 1105 4388 1196 4439; x_wconf 87' lang='lat' dir='ltr'><strong>Keller</strong></span> <span class='ocrx_word' id='word_1_343' title='bbox 1219 4381 1302 4440; x_wconf 79' lang='lat' dir='ltr'><strong>Uebsr</strong></span> 
     </span>
     <span class='ocr_line' id='line_1_39' title="bbox 42 4461 929 4545; baseline -0.01 -11"><span class='ocrx_word' id='word_1_344' title='bbox 42 4477 292 4535; x_wconf 75' lang='lat' dir='ltr'><strong>Lieiseonasuuon</strong></span> <span class='ocrx_word' id='word_1_345' title='bbox 309 4461 365 4530; x_wconf 84' lang='lat' dir='ltr'><strong>und</strong></span> <span class='ocrx_word' id='word_1_346' title='bbox 386 4475 489 4528; x_wconf 72' lang='lat' dir='ltr'><strong>lactat</strong></span> <span class='ocrx_word' id='word_1_347' title='bbox 501 4475 522 4542; x_wconf 65' lang='grc' dir='ltr'><strong>ξ.</strong></span> <span class='ocrx_word' id='word_1_348' title='bbox 539 4481 582 4530; x_wconf 89' lang='grc'><strong>56.</strong></span> <span class='ocrx_word' id='word_1_349' title='bbox 600 4476 738 4529; x_wconf 88' lang='lat' dir='ltr'><strong>Zimmern</strong></span> <span class='ocrx_word' id='word_1_350' title='bbox 756 4477 774 4530; x_wconf 88' lang='lat'><strong>1.</strong></span> <span class='ocrx_word' id='word_1_351' title='bbox 794 4478 812 4529; x_wconf 86' lang='lat' dir='ltr'><strong>l.</strong></span> <span class='ocrx_word' id='word_1_352' title='bbox 831 4477 852 4545; x_wconf 65' lang='grc' dir='ltr'><strong>ξ.</strong></span> <span class='ocrx_word' id='word_1_353' title='bbox 873 4479 929 4530; x_wconf 87' lang='grc'><strong>178.</strong></span> 
     </span>
    </p>

    <p class='ocr_par' dir='ltr' id='par_1_17' title="bbox 124 4562 405 4630">
     <span class='ocr_line' id='line_1_40' title="bbox 124 4562 405 4630; baseline -0.007 -16"><span class='ocrx_word' id='word_1_354' title='bbox 124 4563 157 4630; x_wconf 91' lang='lat' dir='ltr'><strong>q)</strong></span> <span class='ocrx_word' id='word_1_355' title='bbox 179 4562 239 4628; x_wconf 86' lang='lat' dir='ltr'>Gaj.</span> <span class='ocrx_word' id='word_1_356' title='bbox 257 4562 305 4614; x_wconf 88' lang='lat' dir='ltr'><strong>IV.</strong></span> <span class='ocrx_word' id='word_1_357' title='bbox 323 4563 344 4629; x_wconf 61' lang='grc' dir='ltr'><strong>ξ.</strong></span> <span class='ocrx_word' id='word_1_358' title='bbox 361 4566 405 4616; x_wconf 85' lang='grc'><strong>54.</strong></span> 
     </span>
    </p>

    <p class='ocr_par' dir='ltr' id='par_1_18' title="bbox 123 4640 1302 4723">
     <span class='ocr_line' id='line_1_41' title="bbox 123 4640 1302 4723; baseline -0.005 -24"><span class='ocrx_word' id='word_1_359' title='bbox 123 4648 152 4713; x_wconf 88' lang='lat' dir='ltr'><strong>r)</strong></span> <span class='ocrx_word' id='word_1_360' title='bbox 173 4645 265 4699; x_wconf 83' lang='lat' dir='ltr'><strong>Keller</strong></span> <span class='ocrx_word' id='word_1_361' title='bbox 284 4647 301 4700; x_wconf 83' lang='lat' dir='ltr'><strong>t.</strong></span> <span class='ocrx_word' id='word_1_362' title='bbox 319 4647 337 4702; x_wconf 84' lang='lat' dir='ltr'><strong>t.</strong></span> <span class='ocrx_word' id='word_1_363' title='bbox 354 4663 381 4714; x_wconf 89' lang='lat' dir='ltr'><strong>p.</strong></span> <span class='ocrx_word' id='word_1_364' title='bbox 393 4649 454 4700; x_wconf 79' lang='grc'><strong>497.</strong></span> <span class='ocrx_word' id='word_1_365' title='bbox 469 4659 529 4714; x_wconf 88' lang='lat' dir='ltr'>sqq.</span> <span class='ocrx_word' id='word_1_366' title='bbox 541 4643 678 4699; x_wconf 84' lang='lat' dir='ltr'><strong>Zimmern</strong></span> <span class='ocrx_word' id='word_1_367' title='bbox 696 4645 714 4698; x_wconf 77' lang='lat' dir='ltr'><strong>l.</strong></span> <span class='ocrx_word' id='word_1_368' title='bbox 727 4645 749 4711; x_wconf 67' lang='lat' dir='ltr'><strong>t</strong></span> <span class='ocrx_word' id='word_1_369' title='bbox 767 4660 794 4710; x_wconf 88' lang='lat' dir='ltr'><strong>p.</strong></span> <span class='ocrx_word' id='word_1_370' title='bbox 811 4648 871 4696; x_wconf 77' lang='grc'><strong>556.</strong></span> <span class='ocrx_word' id='word_1_371' title='bbox 890 4658 932 4711; x_wconf 88' lang='lat' dir='ltr'><strong>sq.</strong></span> <span class='ocrx_word' id='word_1_372' title='bbox 950 4646 1006 4696; x_wconf 89' lang='lat' dir='ltr'><strong>not.</strong></span> <span class='ocrx_word' id='word_1_373' title='bbox 1024 4647 1049 4697; x_wconf 88' lang='grc'><strong>5.</strong></span> <span class='ocrx_word' id='word_1_374' title='bbox 1063 4669 1097 4723; x_wconf 80' lang='lat'><strong>.&#39;&#39;</strong></span> <span class='ocrx_word' id='word_1_375' title='bbox 1111 4642 1253 4696; x_wconf 85' lang='lat' dir='ltr'><strong>Caeterum</strong></span> <span class='ocrx_word' id='word_1_376' title='bbox 1274 4640 1302 4694; x_wconf 90' lang='lat' dir='ltr'><strong>in</strong></span> 
     </span>
    </p>
   </div>
   <div class='ocr_carea' id='block_1_13' title="bbox 0 0 1532 5168">
    <p class='ocr_par' dir='ltr' id='par_1_19' title="bbox 0 0 1532 5168">
     <span class='ocr_line' id='line_1_42' title="bbox 0 0 1532 5168; baseline 0 1"><span class='ocrx_word' id='word_1_377' title='bbox 0 0 1532 5168; x_wconf 95' lang='lat' dir='ltr'><strong> </strong></span> 
     </span>
    </p>
   </div>
  </div>
 </body>
</html>
