2972 5156
221 374 292 443 162
509 367 584 434 Lus
610 365 635 433 1.
660 363 695 432 T
697 387 742 432 rr.
767 363 862 432 xlll.
887 362 1010 448 Uspun
1034 364 1089 430 An
1113 364 1193 434 XX.

223 541 289 627 ipsi
302 561 475 625 superesse
495 559 564 604 non
578 545 745 624 poteraut,
761 536 828 602 alia
841 537 1177 606 tutelarnuntsnuu.
1197 538 1252 602 De
1266 536 1401 602 omnibus
1414 559 1446 600 ex

224 647 476 733 antiquitatibus
490 646 652 712 Romanis
668 645 830 710 nonnulla
845 645 1011 708 monenda
1023 648 1069 725 ⁸).

809 796 838 877 a.
863 793 892 856 1.

549 911 601 965 lu.
623 911 713 965 ΧΙΙΙ.
735 911 829 965 Tutela
850 911 953 963 Romae
970 910 1160 980 antiquissima.

308 1013 455 1077 Turnus
482 1030 683 1094 insunuauu
704 1019 771 1076 tam
794 1010 932 1096 antiqua
955 1019 1023 1093 est,
1047 1020 1082 1076 ut
1104 1019 1139 1074 et
1160 1014 1218 1075 sub
1238 1009 1379 1096 Regibus
1398 1009 1449 1094 ejus

227 1119 416 1205 exemplum
433 1119 644 1203 reperiamus.
665 1120 794 1183 Ancum
818 1118 904 1181 enim
921 1117 1081 1181 Marcium
1098 1117 1175 1182 filiis
1190 1126 1331 1182 tutorem
1347 1118 1449 1180 dedisse

225 1231 263 1292 L.
280 1227 498 1313 Tarquinium
515 1227 673 1308 Priscum,
689 1234 782 1311 patet
801 1247 843 1288 ex
858 1224 931 1288 Liv.
947 1226 972 1288 I.
987 1225 1038 1288 46.
1061 1225 1170 1304 Quum
1187 1247 1269 1310 ergo
1281 1225 1450 1310 Tarquinius

226 1355 289 1399 nec
307 1333 469 1418 adgnatos
490 1333 608 1417 fuerit,
631 1354 695 1397 nec
710 1354 751 1396 eo
776 1342 926 1416 tempore
941 1331 1036 1424 leges
1059 1332 1101 1395 de
1118 1331 1225 1396 tutela
1246 1332 1354 1397 dativa
1367 1337 1451 1394 exsta-

226 1451 312 1525 rent,
329 1441 481 1527 adeoque
499 1463 539 1504 ea
553 1441 661 1508 tutela
676 1440 793 1526 procul
808 1438 910 1505 dubio
926 1440 1176 1505 testamentaria
1189 1441 1221 1521 l³)
1240 1440 1353 1504 fuerit:
1367 1435 1451 1522 sequi-

227 1559 292 1633 tur,
308 1557 345 1613 ut
359 1550 443 1612 baec
458 1549 501 1613 sit
518 1549 656 1634 reliquis
677 1547 856 1634 antiquior.

813 1697 842 1778 §-
862 1695 893 1758 2.

423 1811 476 1864 Tu.
498 1809 582 1865 XIV.
599 1812 658 1866 Lea
678 1811 748 1864 XII
764 1809 928 1864 Tabularum
947 1812 980 1864 de
998 1811 1080 1864 tutela
1098 1808 1304 1864 testamentariis.

314 1909 416 1973 Certe
435 1918 470 1973 et
487 1909 619 1995 legibue
634 1912 710 1976 XII
725 1910 926 1975 Tabularum
942 1931 982 1976 ea
998 1911 1125 1976 tutelae
1141 1911 1270 1995 species
1288 1911 1453 1985 firmataest,

143 2090 147 2097 ,
229 2024 527 2102 prospectumque,
550 2025 587 2081 ut
607 2019 695 2102 patri
711 2019 753 2082 de
773 2018 953 2082 liberorum
971 2017 1078 2082 tutela
1096 2019 1131 2082 in
1151 2025 1350 2085 testamento
1371 2016 1454 2098 dispo·

230 2123 333 2188 nendi
357 2123 497 2187 facultas
521 2133 617 2188 esset.
639 2125 806 2210 Legitima
834 2127 937 2190 verba
964 2146 1007 2187 ex
1027 2124 1176 2189 Auctore
1203 2125 1248 2188 ad
1271 2123 1455 2194 Herennium,

231 2231 406 2312 Cicerone,
422 2229 569 2314 Ulpiano
590 2239 625 2294 et
640 2231 761 2297 Paullo
780 2233 828 2296 ita
842 2233 988 2296 restituit
1006 2233 1078 2298 Jac.
1095 2232 1324 2297 Gotbofredus
1337 2233 1372 2292 de
1381 2231 1456 2310 legg·

231 2340 304 2402 XII
315 2339 406 2401 Tull.
430 2338 465 2398 V.
482 2338 510 2400 1.
525 2354 638 2403 aaran
652 2356 813 2404 aluimus
834 2357 893 2404 uri
912 2355 1075 2404 anensem
1093 2355 1201 2402 suren
1223 2339 1394 2418 rnouursu,
1412 2349 1457 2395 ru-

230 2463 384 2509 rausum
400 2459 486 2508 suan
505 2462 580 2527 nni,
598 2463 656 2508 irs
674 2462 733 2510 sus
753 2462 838 2510 asro
853 2452 895 2528 ο).
917 2447 1043 2529 Lagare
1057 2446 1111 2508 hic
1133 2465 1200 2508 non
1219 2445 1326 2508 solum
1341 2439 1457 2527 singulas

229 2574 284 2617 res
302 2559 502 2614 testamento
525 2549 731 2634 relinquere,
748 2552 807 2614 sed
828 2560 862 2615 et
884 2574 981 2615 omne
1003 2553 1288 2616 testamentarium
1317 2549 1458 2636 negotium

220 2659 389 2738 denotat,
410 2657 566 2741 idemque
589 2657 674 2720 adeo
692 2665 758 2739 est,
775 2680 812 2721 ac
831 2664 958 2740 testari,
974 2681 1032 2722 seu
1053 2668 1238 2723 testamenta
1261 2668 1407 2737 statuere,
1418 2651 1459 2716 vel

233 2767 411 2828 decernere.
432 2765 494 2826 Est
508 2763 595 2826 enim
611 2766 729 2849 legare,
745 2767 840 2829 sicuti
855 2765 1003 2851 syllabae
1018 2768 1144 2851 primae
1160 2767 1328 2851 quantitas
1343 2765 1460 2841 docete

143 2892 150 2900 ·
234 2871 365 2937 Graeco
385 2876 516 2934 vetusto
535 2869 639 2956 λη’χειν
659 2871 716 2935 vel
739 2871 857 2958 λήγειν,
881 2874 970 2938 unde
994 2874 1137 2938 futurum
1164 2871 1257 2958 λήξω,
1275 2872 1361 2957 quod
1381 2870 1460 2932 verbo

223 3007 516 3026 -nnn-——1—

304 3078 336 3145 a)
356 3075 400 3130 lld
418 3073 576 3128 universnm
593 3077 684 3128 locum
702 3077 737 3128 de
754 3079 854 3130 tutelae
872 3077 936 3144 jure
959 3077 1073 3145 antiquo
1093 3078 1127 3130 ol.
1145 3077 1172 3130 J.
1189 3077 1223 3130 G.
1242 3079 1327 3144 Seger
1344 3077 1407 3128 Dar.
1427 3069 1463 3122 lli·

234 3163 317 3218 storia
325 3161 402 3232 juris
419 3161 538 3214 Romani
554 3159 652 3214 liberae
670 3161 831 3230 respublicae
854 3162 886 3213 de
905 3161 992 3216 tutelis
1010 3169 1037 3212 et
1053 3160 1208 3214 curationib.
1233 3161 1310 3230 Lips.
1330 3163 1398 3216 1760.
1413 3161 1433 3209 l.
1445 3157 1464 3204 ei

234 3249 264 3302 in
282 3262 377 3315 opusc.
395 3245 459 3298 Vol.
477 3247 498 3298 I.
516 3262 543 3312 p.
561 3250 593 3299 61
610 3273 644 3283 -
659 3249 717 3298 110.
743 3262 793 3298 naa
809 3261 866 3298 non
883 3262 908 3299 v.
927 3246 1001 3298 Lbhr
1026 3243 1092 3296 iiber
1115 3245 1157 3298 alie
1183 3245 1264 3298 Rb'm.
1292 3242 1410 3314 Begn'ffe
1429 3253 1465 3290 aaa

236 3331 316 3385 rutel
332 3350 358 3383 u.
380 3330 497 3384 Curatel.
522 3330 623 3382 Wetzl.
644 3333 719 3382 1809.
743 3335 770 3381 et
795 3329 823 3382 in
847 3329 944 3396 Ejusd.
963 3329 1037 3396 Mag.
1051 3326 1108 3395 fiir
1127 3329 1163 3382 R.
1190 3331 1230 3383 W.
1250 3347 1278 3384 u.
1300 3346 1322 3384 s.
1341 3345 1370 3382 u.
1387 3328 1414 3378 Τ.
1429 3322 1465 3374 ΙΙΙ·

234 3415 318 3468 Num.
338 3419 361 3467 l.
379 3431 406 3480 p.
426 3419 541 3468 1-71.
565 3411 655 3466 Haab.
680 3413 789 3467 Passim
810 3414 892 3468 etiam
911 3415 945 3466 de
960 3411 1116 3480 antiquiore
1135 3411 1199 3480 jure
1217 3413 1342 3480 disputat
1358 3415 1388 3466 Α.
1403 3412 1430 3464 Α.
1444 3405 1466 3458 Ι·

236 3498 357 3552 audoin
365 3497 394 3549 in
406 3498 489 3550 libro:
502 3499 549 3550 dae
563 3497 651 3551 lteabl
662 3499 711 3550 der
727 3494 1192 3566 Varmaedecbast.'l'.1-Ill.Berl.
1206 3502 1386 3553 1832-1834.
1400 3489 1467 3547 Mill

306 3583 340 3650 b)
360 3581 526 3634 Testamenti
550 3581 633 3634 soatio
651 3587 758 3635 etanta
775 3585 892 3636 Romam
912 3583 1050 3639 conditam
1064 3582 1093 3634 in
1107 3585 1187 3638 ltalia
1202 3584 1298 3650 vigrait.
1319 3583 1364 3636 Sic
1375 3583 1467 3634 Pisas,

234 3685 284 3721 rex
302 3667 433 3732 Albanus,
451 3666 591 3720 Numitori
608 3666 674 3731 filio,
695 3667 742 3736 qui
760 3667 853 3734 stirpis
870 3669 1008 3722 maximus
1028 3672 1094 3732 erat,
1112 3685 1226 3736 regnum
1241 3673 1376 3722 vetustum
1393 3660 1467 3716 silviae

235 3751 324 3818 gentis
342 3753 447 3816 legasse
465 3749 563 3804 dicitur
581 3750 661 3803 Livio
679 3752 703 3804 I.
722 3755 747 3804 3.
767 3753 932 3820 Exemplum
950 3753 1119 3807 Lucumonis
1138 3753 1167 3806 in
1186 3753 1303 3817 Tuscia,
1322 3747 1467 3816 temporibus

233 3833 345 3890 Romuli
357 3836 400 3887 rel
412 3835 519 3887 Numae
530 3833 646 3889 virentis
659 3841 686 3888 et
697 3840 858 3890 testamento
871 3836 1068 3906 praetereuntis
1084 3842 1242 3904 postumam
1254 3841 1394 3903 nepotem,
1405 3831 1469 3885 habet

233 3918 306 3972 idem
324 3921 348 3972 Ι.
365 3923 408 3972 34.
432 3919 514 3971 Heia.

303 4004 332 4072 c)
354 4002 520 4069 Wielingius
538 4002 568 4055 in
584 4004 751 4058 Lectionibus
759 4007 836 4075 juria
853 4006 886 4058 L.
904 4004 946 4057 Il.
963 4021 986 4057 c.
1007 4007 1048 4057 17.
1067 4005 1167 4056 tutelae
1184 4005 1350 4059 mentionem
1367 4003 1393 4055 in
1418 3995 1470 4063 legi·

235 4090 288 4140 bus
306 4088 365 4140 xll
383 4088 456 4140 labb.
473 4102 529 4142 non
546 4090 645 4140 laeam
663 4089 772 4154 statuit,
790 4091 839 4143 sed
857 4090 969 4142 tutelam
986 4087 1062 4142 illam
1079 4105 1115 4140 ex
1132 4088 1354 4155 interpretatione
1370 4084 1470 4153 pruden-

234 4178 293 4226 tnm
310 4171 458 4226 inductam.
482 4175 542 4239 ligo
560 4172 736 4228 Hcineacinm
762 4189 877 4242 sequor,
896 4187 952 4244 quo
970 4171 1060 4226 nmen
1077 4173 1170 4238 plnres
1187 4175 1360 4241 conjecturae
1377 4169 1471 4223 ducunt

148 4281 151 4294 ·
235 4256 350 4309 Fallitur
369 4256 532 4311 Heineccius
551 4255 579 4308 in
597 4255 818 4322 interpretatione
835 4258 980 4310 verborum
997 4275 1060 4309 aeae
1078 4258 1127 4319 rei,
1144 4273 1196 4310 nco
1214 4273 1257 4310 res
1277 4255 1394 4321 mancipi
1410 4255 1471 4305 luere

235 4337 321 4393 liberi.
343 4341 426 4394 Caua.
452 4342 512 4393 lma
530 4339 639 4394 incivile
656 4340 751 4408 utique
769 4347 824 4406 est,
843 4341 871 4394 in
889 4358 979 4394 rerum
997 4357 1081 4393 censu
1105 4341 1200 4394 baberi
1217 4341 1332 4404 liberos;
1358 4334 1472 4394 Sabilling

235 4424 312 4480 Bam.
329 4423 371 4478 iu.
391 4426 427 4478 R.
449 4425 482 4478 G.
497 4441 525 4490 p.
542 4428 585 4480 97·
605 4430 662 4480 not.
681 4429 741 4478 208.
765 4426 828 4479 Vld.
847 4426 945 4490 etiam,
964 4442 1035 4494 quae
1059 4426 1093 4478 dc
1116 4426 1170 4481 loci
1184 4432 1217 4478 et.
1229 4425 1344 4479 lectione
1361 4429 1388 4476 et
1403 4422 1473 4474 inter·

233 4507 385 4575 pretatione
402 4509 473 4562 infra
494 4511 617 4576 (adnot
636 4509 668 4578 d)
689 4509 832 4563 observata
850 4514 921 4563 sunt
941 4508 1027 4562 Mill.
