3130 5148
534 397 883 442 succensum.
998 393 1004 400 ·
1285 359 1377 467 η’

83 569 171 632 quam
188 542 355 633 πρόχειροι
368 551 427 613 τῶν
442 547 541 632 νόμων
556 547 744 633 adpellarit
754 553 797 630 Ι).
815 548 922 615 Periit
933 550 996 613 hoc
1009 572 1091 635 opus
1101 557 1234 634 praeter
1246 551 1335 635 frag-

83 663 185 718 menta
202 655 371 740 quaedam
391 656 436 718 de
454 657 576 740 nuptiis
600 655 633 718 in
658 656 713 719 Jo.
735 657 870 719 Leuncl.
889 659 958 720 Jar.
974 661 1096 720 Gracco
1109 660 1197 720 Rom.
1214 659 1280 720 Lib.
1293 660 1335 721 11.
1355 669 1370 680 ‘

78 783 105 843 p.
120 763 169 826 86.
185 764 350 849 aliudque
368 765 455 850 apud
473 764 594 828 Baron.
609 765 695 826 Ana.
712 765 925 827 bocum
925 767 978 828 VI.
993 788 1024 828 n.
1039 766 1115 828 XII.

657 921 685 1002 ἓ.
707 920 758 983 37.

625 1035 662 1088 Et
678 1037 775 1088 Leone.

153 1137 197 1199 In
217 1136 336 1200 labore
355 1136 415 1199 illo
437 1135 576 1218 Basilio,
595 1135 695 1220 idem,
721 1136 778 1222 qui
800 1135 834 1200 in
855 1137 1006 1220 imperi0‚
1021 1138 1176 1202 successit
1200 1137 1272 1202 Leo
1288 1139 1335 1218 Ι),

82 1243 168 1328 filine,
184 1246 312 1328 insigni
331 1266 439 1307 rerum
456 1243 595 1307 scientia
612 1249 708 1324 σοφοῦ
722 1245 778 1308 vel
793 1243 967 1327 φιλοσόφου
984 1268 1169 1330 cognomen
1186 1247 1335 1332 adeptus.

81 1353 160 1415 Etis
179 1353 321 1438 quidem
345 1352 450 1415 edidit
471 1349 614 1438 βασιλικὰ
632 1351 755 1436 νόμιμα,
770 1350 827 1415 vel
846 1349 995 1430 διατάξεις
1013 1351 1175 1438 βασιλικάς
1190 1375 1232 1415 ex
1246 1354 1335 1416 Pan·
1353 1403 1355 1413 .

82 1461 178 1525 dectis
200 1469 237 1525 et
264 1460 403 1542 Codice,
430 1459 555 1525 omissis
580 1468 690 1523 tamen
710 1459 1014 1543 jureconsultorum
1037 1471 1072 1526 et
1094 1461 1335 1546 Imperatorum

81 1559 488 1654 nominibuscompilatat
512 1567 631 1631 Suares
647 1569 667 1629 l.
682 1590 707 1630 e.
721 1567 751 1649 1)
1331 1562 1336 1572 ’

81 1825 259 1879 Basilicarum
277 1827 389 1882 scholiis
404 1829 542 1894 leguntur,
561 1827 692 1885 nonnulla
708 1826 791 1878 etiam
802 1842 932 1881 ⁴seorsum
950 1833 1015 1880 suut
1032 1831 1147 1884 servata.
1170 1825 1235 1880 Vid.
1254 1827 1336 1880 Thal-

80 1911 329 1976 Ielaei‚.Theodori‚
350 1913 488 1977 Stephani,
507 1909 602 1976 Cyrilli
620 1908 790 1978 aliorumque
799 1913 932 1965 ictorum
949 1926 1108 1978 graecorum
1125 1913 1335 1965 commentarios
1410 1957 1416 1966 .

81 1998 104 2048 in
124 1998 223 2049 titulos
248 1996 384 2066 quosdam
408 1995 470 2061 Dig.
489 2000 516 2046 et
533 1996 616 2060 (lod,
637 2009 707 2063 quos
730 1996 848 2062 prImum
872 1997 957 2050 edidit
974 1999 1044 2050 Dav.
1062 1998 1244 2051 Ruhnkenius
1262 1997 1334 2061 Hag.
1392 2022 1394 2028 ·

82 2087 153 2136 1752
171 2081 261 2136 Mati.

145 2167 169 2234 i)
186 2168 230 2218 De
238 2181 305 2218 vero
315 2165 414 2231 operis,
422 2166 496 2234 quod
505 2164 686 2217 Basilieorum
695 2165 805 2217 nominc
814 2181 886 2217 nnnc
894 2165 1089 2230 circumfertur,
1100 2174 1210 2220 auctore
1219 2166 1335 2218 necdum

82 2250 212 2303 intereos
231 2249 300 2302 satIs
318 2250 452 2314 convenit,
471 2249 526 2317 qui,
544 2251 705 2316 praesertim
723 2252 774 2303 hac
791 2256 884 2302 nostra
902 2257 996 2315 aetate,
1016 2268 1195 2319 quaecunque
1213 2251 1248 2302 ad
1266 2253 1336 2302 itanc
1396 2286 1402 2293 -

83 2352 134 2388 rem
156 2333 349 2388 illustrandam
366 2337 479 2400 iaciant,
499 2335 705 2400 diligentissime
722 2335 845 2402 undique
861 2335 1095 2402 conquisiverunt.
1112 2337 1184 2388 Nam
1205 2336 1250 2402 (ut
1266 2335 1336 2386 alios

83 2421 215 2488 omittam)
235 2420 291 2472 vid.
311 2421 373 2472 Car.
392 2421 520 2474 Wittium
538 2421 637 2473 RheIn.
656 2421 731 2473 Mus.
750 2422 782 2472 T.
802 2421 852 2472 ΙΙΙ.
871 2437 899 2486 p.
918 2425 961 2474 ³5.
982 2437 1024 2490 sq.
1044 2422 1065 2488 ς.
1084 2425 1110 2473 6.
1129 2425 1157 2472 ct
1174 2421 1254 2472 Gust.
1269 2419 1335 2470 Em.

85 2505 289 2558 Heimbaclrium
308 2506 336 2557 in
352 2508 501 2572 prolegom.
520 2506 556 2557 ad
569 2505 709 2559 Athanasii
723 2505 844 2582 EmIseni
861 2508 989 2558 novellat.
1001 2510 1145 2557 comment.
1157 2521 1186 2570 p.
1196 2503 1336 2555 XXXIX

84 2591 232 2658 -XLII).
252 2588 392 2656 Quicquid
409 2606 474 2641 vero
491 2591 543 2642 hoc
561 2590 604 2655 sit,
623 2591 652 2642 id
667 2597 756 2642 tamen
774 2606 825 2655 pro
842 2596 917 2645 certo
935 2590 1060 2644 affirmari
1078 2595 1178 2656 potest,
1195 2586 1337 2655 insigniter

85 2692 170 2730 errare
185 2677 350 2738 Auctorem,
371 2675 418 2743 qui
436 2673 572 2731 Basilium
585 2677 766 2730 Macedonem
784 2676 853 2730 nibil
868 2676 923 2730 nisi
939 2675 1076 2744 epitomen
1092 2668 1211 2730 edidisse
1226 2672 1336 2726 Codicis

86 2761 228 2814 Iustiniani
253 2775 369 2827 eamque
390 2775 450 2812 esse
473 2757 502 2810 ιὸ
520 2761 665 2827 πρόχειρον
684 2760 734 2812 τών
751 2760 840 2824 νόμων
859 2761 1013 2816 arbitratur.
1033 2760 1096 2814 Vid.
1113 2758 1200 2828 ipsius
1217 2755 1337 2824 prochisi

86 2849 161 2912 praet.
178 2845 207 2900 in
225 2847 294 2896 tbes.
314 2845 430 2899 Meerm.
448 2846 480 2896 Τ.
500 2847 578 2898 VIII.
596 2863 623 2912 p.
642 2847 696 2898 IX.
714 2850 741 2897 et
760 2861 830 2914 quae
854 2846 890 2898 ad
906 2847 941 2913 tt.
959 2861 1020 2913 sqq.
1039 2850 1104 2898 sunt
1120 2850 1222 2898 uotam
1249 2842 1336 2896 Miibt.

148 2933 181 2999 k)
201 2933 254 2983 Est
266 2929 340 2981 idem
358 2935 452 2982 auctor
464 2930 638 2999 N'ovallarum
654 2930 763 2995 monta·
773 2945 843 2998 quae
861 2930 943 2983 latine
954 2929 1019 2983 addi
1031 2932 1119 2984 solent
1130 2927 1247 2994 corpori
1255 2925 1336 2994 juria.

88 3017 136 3066 lias
152 3013 259 3080 primus
273 3014 360 3066 edidit
378 3015 546 3080 Scrimgerus
563 3019 637 3068 1568.
641 3015 698 3083 sol.
717 3016 795 3079 Quae
813 3030 847 3068 an
865 3029 948 3068 usum
964 3014 994 3066 iu
1010 3015 1071 3067 loro
1088 3015 1214 3078 habeam,
1232 3010 1338 3080 disqui-

88 3100 119 3152 rit
132 3101 287 3167 Bynkersh.
310 3095 434 3152 Observa.
457 3100 508 3152 IV.
527 3104 553 3152 2.
578 3101 659 3154 Heia

154 3187 178 3252 Ι)
198 3183 320 3250 Propius
338 3185 466 3236 accedere
483 3184 591 3238 videtur
608 3186 644 3237 ad
662 3184 810 3250 veritatem,
827 3199 898 3251 opus
916 3183 1029 3252 aliquod
1048 3187 1092 3250 sat
1108 3197 1237 3246 magnum
1255 3181 1338 3247 idque

88 3271 222 3338 sexaginta
242 3269 320 3322 libris
344 3274 472 3326 constans
490 3269 580 3336 ipsum
599 3270 718 3324 edidisse
734 3270 869 3324 Basilium
894 3269 965 3336 (vid.
983 3267 1102 3334 proobiri
1119 3266 1202 3332 praef.
1222 3263 1251 3316 iu
1268 3265 1338 3316 thes.

89 3354 195 3408 lleerm.
213 3358 248 3408 Τ.
268 3355 372 3420 VIII),
389 3353 486 3410 deinde
503 3355 646 3420 repetitam
669 3356 729 3422 ejus
749 3354 958 3421 praelectionem
983 3353 1058 3407 libris
1077 3349 1258 3420 quadraginta
1274 3363 1339 3415 pro-

89 3441 206 3504 posuisse
226 3441 299 3508 (vid.
318 3439 402 3505 praef.
421 3453 594 3506 epanauoges
606 3456 650 3507 ap·
665 3440 794 3493 Wittium
809 3441 907 3494 Rheiu.
920 3442 997 3495 Mus.
1012 3441 1046 3492 Τ.
1060 3440 1109 3494 ΙΠ.
1123 3453 1151 3504 p.
1163 3436 1234 3501 30.),
1244 3439 1340 3501 postu

89 3526 199 3578 Leonem
218 3531 269 3578 aut
287 3523 382 3590 vigInti
404 3509 489 3578 libros
506 3525 647 3592 adjecisse,
665 3532 713 3578 aut
729 3531 815 3579 totum
834 3525 933 3580 libnrm
953 3527 1044 3579 denuo
1061 3525 1113 3578 sub
1131 3534 1274 3576 censuram
1290 3533 1339 3574 w·
1448 3561 1451 3566 s

89 3625 156 3664 essse
175 3609 248 3679 (vid.
266 3611 338 3664 Nov.
357 3607 459 3662 Leonis
478 3609 501 3662 I:
517 3609 545 3662 iu
560 3611 605 3677 s),
623 3612 733 3664 nomine
750 3617 853 3664 retento
872 3605 1084 3677 ἀνακαθάρσιος
1102 3609 1152 3660 τῶν
1165 3606 1265 3669 νόμων,
1283 3619 1339 3671 quo

85 3694 135 3759 jun
152 3710 221 3748 usus
241 3699 300 3746 erat
318 3694 450 3757 Basilius,
468 3699 500 3744 ut
517 3695 656 3761 repurgati
672 3697 770 3749 veteris
784 3697 858 3763 juris
875 3699 949 3748 velut
966 3701 1038 3748 esset
1054 3693 1165 3748 iudicio.
1183 3693 1226 3744 ct.
1245 3689 1340 3744 Heinr-

89 3780 157 3833 bacb.
176 3783 194 3834 I.
210 3782 229 3832 I.
240 3797 270 3846 p.
289 3780 635 3848 XL-XLIl.-Neque
651 3797 716 3833 vero
734 3782 884 3847 abrogandi
898 3775 970 3850 juris
982 3778 1148 3834 Iustinianei
1165 3791 1249 3830 causa
1265 3790 1340 3828 com-

88 3866 209 3930 positum·
218 3871 263 3917 est
275 3863 456 3917 Basilicorum
475 3880 554 3929 opus,
573 3866 621 3918 sed
637 3865 667 3918 id
681 3873 794 3933 egerunt
810 3867 997 3934 imperatores,
1008 3871 1039 3918 ut
1053 3880 1148 3931 graece
1161 3862 1213 3928 leg-i
1227 3864 1341 3926 possent

87 3966 127 4014 ca,
145 3954 217 4020 qdae
235 3967 273 4002 ex
291 3949 364 4002 illius
385 3949 458 4016 juris
475 3950 552 4003 libris
578 3941 862 4018 suornm'temporurn
886 3950 986 4004 rationi
1002 3952 1093 4004 adbuc
1110 3947 1254 4002 convenire
1271 3944 1339 4010 ipsis

87 4035 139 4087 visa
156 4042 231 4088 sunt.
249 4032 338 4100 Igitur
349 4051 385 4086 ex
397 4035 472 4110 omni
489 4037 545 4088 sere
558 4035 630 4102 juris
648 4035 812 4089 Iustiniauei
827 4037 964 4090 volumine
975 4035 1158 4090 Basilicorum
1175 4033 1259 4085 libros
1272 4031 1341 4084 han·

86 4119 128 4172 riri
146 4123 302 4183 voluemut,
323 4119 366 4172 bis
384 4119 495 4186 quidem
513 4120 636 4184 oanssis,
656 4137 726 4189 quae
744 4128 791 4174 aut
808 4139 825 4175 a
842 4128 965 4189 tempore
983 4129 1060 4178 erant
1075 4122 1178 4182 aliena,
1196 4121 1244 4170 aut
1261 4113 1340 4168 novis

86 4205 184 4270 legibus
210 4203 327 4270 propius
352 4203 469 4257 definita.
499 4207 552 4257 Ex'
568 4205 783 4259 institutionibus
808 4208 977 4274 paucissima
996 4209 1103 4260 tuntum
1126 4205 1251 4256 desumta
1269 4205 1340 4272 sunt,

86 4292 197 4354 plurima
215 4309 252 4344 ex
268 4289 392 4354 Digestis
408 4293 490 4356 atque
502 4291 727 4344 constitutionum
739 4292 848 4357 Codice,
867 4309 916 4345 seu
934 4291 1026 4358 potius
1038 4307 1073 4342 ux
1091 4291 1187 4342 harum
1205 4285 1341 4338 colteouo-

86 4389 144 4427 num
162 4374 338 4428 versionibus
356 4375 475 4440 graecis3
495 4377 625 4429 Novellae
649 4391 745 4442 graece
762 4377 932 4443 conscriptae
955 4389 1054 4440 magna
1071 4390 1107 4425 ex
1125 4378 1203 4437 parte
1220 4373 1341 4436 integrae

86 4458 135 4511 lere
152 4468 279 4527 receptae
297 4465 372 4512 sunt.
390 4461 454 4512 uid.
473 4461 573 4512 Biener
590 4463 688 4514 Gescb.
701 4463 728 4513 d.
741 4463 849 4516 NorelI.
867 4479 894 4529 p.
915 4466 1009 4516 12⁷-
1020 4463 1078 4513 140.
1098 4453 1249 4510 Helmbacb
1266 4455 1295 4508 in
1314 4456 1341 4508 d.

87 4541 212 4598 Zeiucbr.
224 4547 244 4598 I.
262 4548 356 4610 gesch.
375 4548 409 4600 R.
429 4547 477 4600 W.
494 4547 527 4600 Τ.
542 4547 621 4601 VIII.
639 4547 724 4600 Mill.
