3080 5154
394 373 449 442 Da
472 355 567 442 June
593 375 682 442 Nar.
708 375 820 444 Gerra.
846 397 893 446 aa
918 367 993 442 Crv.
1271 382 1319 448 73

64 568 158 618 uluis.
184 551 285 630 Quae
303 553 417 633 verba,
436 549 514 634 lege
541 549 755 634 praescripta,
776 550 923 635 explicet
949 551 1038 615 Plin.
1052 552 1153 634 Epist.
1174 552 1320 618 V11s14.

64 662 121 724 His
140 660 240 724 dictis
266 661 447 724 Senatores
476 660 647 722 mutabant
666 657 787 739 locum,
817 668 852 722 et
876 659 998 744 singuli
1022 647 1072 724 eo'
1093 659 1320 742 discedebant,

64 771 115 834 ubi
126 769 273 832 recitata
286 768 408 850 fuerat,
422 789 518 852 quam
529 769 721 851 probarent,
733 768 908 832 sententia.
930 767 970 832 In
987 789 1226 853 quamcumque
1238 789 1319 832 vero

64 887 185 962 partem
195 878 410 962 frequentior
422 884 630 940 concesserat
641 875 793 957 Senatus,
807 876 849 940 de
865 897 907 939 ea
924 875 1057 940 dicebat
1070 875 1213 940 Consul:
1230 894 1321 940 uaso

65 1001 142 1048 rsus
165 1001 283 1048 usion
310 1001 471 1063 vrunuuu,
500 991 536 1046 et
557 985 592 1048 in
619 1005 691 1048 eam
715 984 912 1048 sententiam
937 984 1060 1049 deinde
1084 984 1322 1049 conficiebatur

65 1092 410 1158 senatusconsultum:
431 1092 577 1158 Brisson.
591 1094 630 1156 de
645 1093 751 1154 Ibrm.
768 1091 930 1174 ΙΙ.ρ.184.

639 1258 668 1341 §.
689 1257 740 1320 51.

479 1374 712 1430 Smatucecnrulta
730 1375 905 1446 quotuplicia.

139 1477 257 1542 Varro
283 1473 439 1561 equidem
465 1476 553 1562 apud
580 1473 726 1539 Gellium
755 1478 858 1540 Noctt.
880 1480 974 1540 Attr‘c.
996 1477 1056 1538 III.
1077 1475 1129 1539 18.
1162 1475 1323 1540 Senatus-

68 1583 213 1648 consulte
228 1583 286 1648 vel
303 1605 365 1668 per
386 1600 642 1666 urscussrouuu,
663 1585 719 1648 vel
742 1606 803 1670 per
823 1584 1004 1670 exquisitas
1020 1583 1222 1669 singulorum
1243 1601 1322 1650 surt-

26 1692 27 1696 ’
69 1709 209 1757 ausuras
227 1692 319 1756 facta
332 1693 456 1774 scribit,
476 1715 573 1778 quum
591 1701 706 1756 contra
725 1692 845 1776 Atejus
863 1693 983 1778 Capito
997 1671 1183 1761 ,et‘Tubero
1197 1692 1322 1756 nullum

70 1801 134 1862 sine
149 1801 355 1864 discessione
372 1799 434 1863 SC.
453 1801 525 1864 fieri
547 1802 704 1886 potuisse,
723 1809 906 1865 censerent.
929 1801 997 1867 Sed
1017 1801 1109 1864 salva
1126 1823 1178 1865 res
1193 1808 1252 1864 est.
1267 1800 1324 1866 Ad

68 1930 161 1972 omne
181 1908 246 1972 SC.
261 1909 365 1973 fiebat
386 1909 559 1973 discessio:
582 1909 640 1973 sed
659 1930 726 1972 non
742 1931 872 1993 semper
890 1908 1012 1992 singuli
1028 1909 1233 1994 rogabantur
1248 1930 1324 1973 sen-

68 2017 198 2100 tentiam,
219 2026 254 2080 et
284 2017 361 2080 hinc
383 2017 443 2081 illa
466 2018 596 2081 demum
617 2017 705 2082 scta
724 2039 784 2103 per
798 2017 1031 2081 discessionem
1054 2003 1143 2083 sacta
1165 2019 1324 2084 diceban-

69 2135 123 2208 tur,
146 2126 191 2190 ad
215 2147 303 2211 quae
321 2148 388 2189 non
406 2127 609 2212 singulorum
624 2127 756 2191 fuerant
775 2127 960 2211 exquisitae
977 2127 1180 2191 sententiae:
1197 2127 1324 2190 Huber.

69 2235 211 2319 Digrees.
230 2234 255 2295 I.
262 2255 297 2318 p.
314 2233 367 2298 87.

668 2399 675 2415 .
696 2350 747 2413 52.

514 2467 622 2538 Scripta
641 2352 884 2524 {enatusconmlta

149 2571 310 2658 Denique
328 2569 389 2634 SC.
406 2570 611 2634 sollemniter
628 2571 843 2654 scribebatur,
861 2570 918 2654 ita,
934 2579 971 2634 ut
985 2568 1092 2654 primo
1107 2565 1188 2649 dies,
1203 2567 1325 2632 deinde

71 2679 171 2763 locus,
189 2681 249 2744 ubi
267 2679 408 2744 Senatus
430 2678 573 2760 habitus,
594 2688 663 2744 tum
685 2701 797 2763 porro,
824 2679 881 2764 qui
902 2677 1077 2744 scribendo
1099 2677 1266 2741 adfuerint
1280 2679 1326 2758 t),

75 2795 195 2870 postea,
217 2787 291 2872 quis
311 2787 354 2850 ad
368 2787 524 2851 Senatum
541 2787 705 2868 retulerit,
720 2797 755 2852 et
768 2788 925 2873 denique,
944 2767 1024 2873 quid
1038 2786 1204 2871 placuerit
1221 2785 1326 2852 Sena-

74 2896 129 2978 tui,
143 2898 335 2961 referretur.
358 2897 495 2981 Integra
511 2895 601 2966 scta
616 2899 724 2962 verbis
738 2897 803 2961 suis
817 2896 977 2982 legitimis
996 2896 1179 2980 perscripta
1196 2899 1328 2958 exstant

74 3006 104 3066 ia
117 3005 154 3068 L.
167 3005 220 3068 20.
234 3006 264 3087 §.
277 3005 306 3068 6.
323 3008 363 3067 Ι).
379 3006 417 3068 dc
434 3005 553 3069 Herod.
566 3011 655 3088 petit.
688 3006 762 3088 (ubi
777 3014 888 3070 tamen
911 3003 1007 3088 plura
1028 3002 1329 3087 mendose'scripta

78 3135 141 3176 esse
158 3103 477 3194 animadvertimus)
498 3121 532 3177 et
545 3113 630 3196 apud
652 3113 805 3179 Ciceron.
825 3116 869 3176 ud
879 3113 950 3174 Die.
976 3112 1062 3173 VIII.
1073 3111 1104 3174 7.
1122 3110 1272 3173 Frontin.
1290 3111 1329 3174 de

77 3225 271 3306 Aquceduot.
283 3223 325 3283 II.
341 3221 413 3284 100.
426 3220 655 3284 104.106.108.
667 3221 817 3286 125127.
833 3222 978 3285 Brisson.
991 3221 1030 3280 de
1044 3220 1150 3280 Form.
1162 3218 1204 3279 II.
1212 3239 1246 3300 p.
1256 3214 1328 3279 198.

79 3327 228 3394 Omnium
248 3351 327 3393 vero
350 3329 599 3414 integerrimum
620 3338 669 3392 est
691 3329 753 3393 SC.
771 3330 975 3396 Marcianum
995 3326 1036 3390 de
1054 3324 1328 3408 Bacchanalibus,

79 3439 212 3524 egregie
228 3437 426 3504 illustratum
442 3461 462 3502 a
477 3438 548 3502 viro
563 3437 775 3522 amplissimo,
791 3437 889 3504 Corn.
901 3459 965 3504 van
982 3435 1165 3522 Byulrersh.
1184 3436 1223 3498 de
1240 3437 1329 3518 relig.

75 3567 196 3630 peregr.
210 3547 297 3610 Ds'ss.
308 3547 351 3608 II.
362 3567 397 3630 p.
412 3545 485 3608 259.
508 3549 639 3630 Opuece.

653 3723 681 3805 §.
703 3721 754 3786 50.

363 3838 561 3908 Confirmctoa
583 3837 707 3892 Tribuni:
725 3848 750 3891 et
766 3839 842 3892 illata
862 3839 922 3891 aedi
941 3839 1054 3892 Cereris.

156 3941 286 4006 Verum
302 3962 345 4003 ne
366 3940 412 4003 sic
436 3940 570 4027 quidem
589 3950 694 4005 ratum
715 3948 787 4004 erat
803 3939 865 4002 SC.
883 3940 944 4004 nisi
965 3939 1121 4004 Tribunis
1145 3935 1243 3999 etiam
1258 3933 1331 4018 pla-

83 4049 207 4131 cuisset,
222 4050 290 4133 qui,
307 4071 349 4112 eo
361 4050 512 4134 perlecto
525 4056 560 4113 et
573 4053 678 4134 probe
697 4070 856 4134 expenso,
874 4048 1019 4112 litteram
1032 4048 1073 4129 T,
1091 4047 1118 4109 si
1131 4042 1332 4130 erepublica
1454 4037 1459 4044 “

83 4157 256 4240 videretur,
277 4157 462 4221 addeba‘ut:
478 4157 594 4221 Valer.
603 4152 739 4220 Maxim.
747 4156 793 4220 Π.
802 4156 834 4239 2,
847 4157 877 4219 7.
893 4157 951 4221 Sin
966 4157 1070 4218 minus
1087 4153 1253 4238 placeret:
1272 4171 1331 4213 suo

146 4405 172 4472 t)
191 4405 343 4458 scribendo
361 4405 434 4458 enim
451 4407 564 4458 aderant
581 4405 686 4474 aliquot
700 4409 852 4460 Senatores.
868 4404 1083 4470 Nonnumquam
1094 4399 1119 4452 si
1133 4396 1229 4452 scribis
1243 4396 1333 4465 publi-

85 4486 120 4540 cis
132 4489 183 4544 hoc
195 4490 368 4546 committere
383 4493 497 4556 nudent,
514 4491 568 4558 ipsi
585 4491 637 4544 viri
651 4490 812 4558 amplissimi
829 4492 899 4543 hane
914 4489 946 4544 ,in
963 4503 994 4542 se
1010 4499 1121 4552 operam
1139 4484 1331 4551 suscipiebant,
1357 4497 1360 4502 ·

86 4571 161 4644 idque
178 4578 229 4632 SC.
247 4591 369 4632 rscrruu
388 4578 553 4654 comburar:
567 4579 623 4632 Iul.
641 4576 788 4644 Capitolia.
808 4577 938 4630 Gordian
957 4579 997 4627 12.
1020 4571 1100 4626 Heia.
